3060 5010
640 349 705 404 XVI
722 366 750 406 u.
770 354 829 405 627.
1253 350 1316 416 199

68 526 80 544 ·
166 518 338 596 ποιούμενοι
379 515 511 596 έιινεφίαι
560 522 730 579 καλοῦνταιι
776 519 852 579 adde
892 520 1043 579 meteorol.
1067 519 1087 597 β
1109 540 1138 596 p.
1164 508 1314 598 366333

166 607 260 683 probl.
279 631 314 680 κς
332 630 360 685 p.
381 601 465 669 940¹)
485 611 535 668 30.
573 608 650 668 Plin.
669 612 730 668 nat.
749 609 818 670 hist.
837 609 869 668 Π
890 610 951 668 131
974 603 1072 669 ‘Nunc
1095 608 1131 669 de
1152 610 1316 686 repentinis

166 697 287 759 flatibus
306 689 366 775 qui
378 698 534 758 exhalante
554 702 643 774 terra,
662 702 697 758 ut
715 699 895 774 dictumest,
915 699 1009 758 coorti
1025 717 1184 775 rursusque
1199 698 1315 775 deiecti,

166 787 287 847 interim
311 787 440 848 obducta
462 787 586 847 nubium
610 791 677 848 oute
697 789 896 850 multiformes
915 789 1069 848 exsistunt.
1105 787 1186 867 Vagi
1205 790 1314 867 quippe

166 879 197 935 et
218 879 338 937 ruentes
361 879 541 938 torrentium
564 878 653 939 modo
677 870 727 959 (ut
749 879 858 955 aliquis
881 877 998 955 placere
1022 868 1218 959 ostendimus)
1237 881 1314 939 toni-

165 969 233 1026 true
257 969 286 1026 et
309 967 430 1046 fulgura
453 967 554 1027 edunt.
591 967 705 1028 Maiore
727 988 798 1028 uero
820 968 910 1028 inlati
933 967 1062 1045 pondere
1087 969 1265 1044 incursuque
1289 971 1315 1029 si

165 1055 225 1115 late
258 1058 367 1117 siccam
399 1076 505 1133 rupere
537 1057 647 1117 nubem
678 1058 840 1135 procellam
872 1059 1002 1136 gignunt
1033 1075 1111 1134 quae
1142 1062 1270 1118 uocatur
1296 1078 1315 1118 a

164 1143 284 1205 Graecis
308 1143 476 1224 ecnephias'
502 1145 568 1206 Son.
588 1149 649 1206 nat
669 1150 781 1223 quaest
799 1146 828 1203 V
849 1150 889 1207 12
915 1142 1006 1206 ‘Sunt
1029 1145 1177 1223 quaedam
1204 1167 1314 1226 genera

164 1236 333 1311 uentorum,
356 1254 432 1312 quae
455 1239 563 1313 ruptae
586 1235 680 1296 nubes
703 1236 783 1297 etin
801 1256 930 1315 pronum
948 1235 1063 1296 solutae
1082 1237 1237 1297 emittunt:
1259 1237 1313 1297 hos

164 1323 269 1384 Graeci
296 1327 401 1386 uentos
429 1325 586 1402 ecnephias
613 1322 735 1384 uocant'
755 1347 779 1385 e.
799 1346 826 1403 q.
846 1345 868 1386 s.
914 1326 1021 1402 Itaque
1049 1325 1206 1403 ecnephias
1233 1325 1313 1386 idem

164 1414 216 1491 qui
231 1414 311 1492 apud
325 1433 379 1475 nos
394 1414 504 1474 dioitm
517 1415 580 1474 Boe
594 1417 677 1475 cuius
692 1415 807 1495 generis
821 1416 981 1476 nonnullos
997 1419 1153 1475 enumerat
1166 1415 1313 1492 Theophr.

163 1502 199 1562 de
227 1504 302 1582 sign.
328 1505 368 1564 36
385 1507 471 1580 extr,
502 1507 685 1565 memoretur
720 1504 806 1577 νότος
842 1501 981 1583 ἐκνεφίας
1012 1503 1100 1564 Diod.
1123 1505 1177 1563 XX
1203 1505 1258 1580 88,
1284 1507 1311 1564 7.

163 1592 317 1653 Postremo
336 1594 411 1654 bene
429 1596 567 1671 recteque
585 1594 660 1654 dicit
673 1595 808 1656 Lucilius
827 1592 1058 1675 ὑποκοριστικῶς
1075 1596 1145 1654 istos
1164 1613 1198 1654 ex
1215 1595 1313 1654 nimbo

163 1684 307 1753 ονολσίλοο,
331 1688 434 1744 οοολτο
457 1689 592 1744 auorum
614 1686 704 1760 atque
729 1686 911 1761 aquilonem3
936 1683 1055 1765 μεγάλοι
1076 1679 1130 1762 μέν
1147 1681 1203 1764 γάρ
1221 1680 1312 1762 άμφιο

162 1769 212 1832 nal
244 1775 380 1833 πλεῖστον
411 1770 518 1853 χρόνον
550 1769 672 1834 πνέουσι
705 1766 1110 1855 (Theophr.deuent.12)
1145 1772 1250 1833 boreas
1282 1776 1313 1835 et

162 1864 263 1922 notus:
287 1862 377 1922 atde
400 1863 544 1940 eonephia
567 1861 678 1923 Seneca
697 1864 717 1922 l.
737 1882 759 1923 s.
784 1859 1042 1924 ‘Himeraeus
1065 1862 1163 1924 tenuis
1185 1863 1311 1922 includi-

161 1953 212 2010 tur
233 1953 366 2028 spiritus,
389 1952 440 2029 qui
464 1955 562 2012 maius
585 1952 734 2013 desiderat
751 1955 885 2030 spatium
904 2000 910 2012 .
927 1999 954 2013 ..
974 1952 1141 2030 scinditque
1159 1954 1312 2032 cingentia

162 2044 192 2100 et
215 2043 346 2119 erumpit
367 2043 399 2102 in
423 2046 553 2119 uentum,
578 2044 630 2119 qui
652 2043 714 2102 fere
736 2044 918 2120 procellosus
941 2045 995 2117 est,
1019 2044 1091 2118 qula
1113 2060 1239 2120 superna
1262 2043 1311 2102 de·

161 2131 301 2207 mittitur,
325 2134 355 2192 et
377 2133 409 2191 in
432 2151 486 2192 nos
509 2131 591 2192 cadit
613 2132 771 2194 uehemens
789 2137 821 2192 et
839 2152 914 2209 acer,
937 2131 1018 2210 quod
1035 2151 1095 2193 non
1113 2133 1196 2191 fusus
1215 2152 1310 2209 neque

160 2239 214 2296 per
236 2223 372 2298 apertum
386 2223 492 2296 uenit,
520 2221 572 2282 sed
594 2220 713 2283 laborat
735 2224 766 2282 at
792 2222 850 2282 iter
876 2222 935 2282 sibi
962 2224 994 2280 ui
1023 2240 1065 2295 ae
1084 2240 1186 2300 pugna
1212 2224 1309 2299 parat.

160 2309 219 2369 Hic
241 2311 302 2370 fere
325 2311 422 2371 breuis
439 2313 529 2384 flotus
547 2314 594 2371 est
608 2357 614 2370 .
630 2357 636 2370 .
653 2358 658 2369 .
673 2310 715 2370 Hi
733 2313 817 2371 uenti
834 2312 930 2372 multo
950 2312 1077 2371 maiores
1096 2310 1310 2373 diutrnniores·

161 2419 218 2475 que
242 2402 324 2474 sunt,
352 2400 376 2461 si
401 2400 475 2461 elios
499 2420 616 2478 quoque
639 2400 728 2461 flatus
756 2420 791 2460 ex
819 2400 922 2460 eadem
950 2418 1041 2461 causa
1067 2399 1192 2461 fluentes
1218 2403 1251 2460 in
1278 2421 1309 2462 se

161 2488 352 2549 abstulerunt
369 2493 400 2549 et
417 2491 448 2547 in
468 2510 560 2549 unum
581 2490 746 2550 confluxere
764 2486 875 2566 plures'
892 2511 915 2548 e.
931 2509 958 2566 q.
974 2508 995 2549 s.
1030 2488 1108 2548 sons
1124 2489 1241 2548 Arrian.
1261 2490 1308 2569 ap.
1371 2498 1380 2512 ’

161 2576 242 2637 Stob.
262 2579 353 2655 eclog.
374 2579 459 2656 phys
479 2580 495 2638 1
513 2599 541 2656 p.
562 2580 636 2655 235,
657 2579 770 2639 10W.
792 2626 797 2637 .
818 2625 824 2636 .
844 2577 876 2639 έν
903 2575 987 2656 νέφει
1019 2574 1051 2638 δέ
1073 2574 1309 2657 ἀποληφθέντες,

160 2664 258 2727 ἔπειτα
281 2666 442 2747 όηγνύντες
464 2667 516 2751 βίᾳ
538 2666 570 2727 τὸ
594 2665 685 2746 νέφος
708 2667 835 2750 βροντάς
858 2688 887 2727 τε
909 2665 958 2727 καὶ
981 2664 1133 2747 ἀστραπάς
1151 2663 1308 2746 ἐξέφηναν.

157 2749 365 2829 Ἐκπίπτοντες
388 2749 416 2818 δ’
442 2754 490 2818 eui
514 2754 601 2838 μέγα,
625 2757 765 2837 διάπυροι
788 2753 857 2835 μέν,
885 2756 1036 2837 κεραυνοί
1065 2753 1175 2835 ἀθρόοι
1198 2752 1229 2816 δὲ
1258 2755 1308 2818 καὶ

159 2841 317 2924 ἡμίπυροι,
345 2854 520 2925 πρηστῆρες·
550 2844 614 2907 όσοι
642 2839 670 2906 δ’
700 2845 804 2927 ἔρημοι
831 2844 940 2927 πυρός,
967 2853 1115 2922 τυφῶνες·
1147 2845 1178 2905 oi
1203 2843 1235 2906 el
1266 2844 1307 2908 ἔτι

158 2930 322 3012 ἀνειμένοι,
350 2932 482 3010 έιινεφίαι
521 2937 623 2996 Ioann.
643 2936 715 3014 Lyd.
736 2936 772 2997 de
790 2954 880 2995 mens.
899 2935 944 2995 IV
965 2936 1004 2994 76
1038 2934 1070 2995 οἷ
1094 2930 1152 2994 ἀπὸ
1181 2935 1307 3015 μεγάλης

159 3021 251 3103 ἀρχῆς
273 3021 388 3106 ῥέοντες
410 3021 514 3103 άνεμοι
536 3024 579 3098 εἰς
602 3025 715 3086 δώδεκα
737 3024 811 3106 μέρη
830 3033 883 3086 τοῦ
901 3021 1050 3105 ὁρίζοντος
1068 3023 1306 3103 διαιροῦνται...

157 3121 217 3173 τῶν
241 3109 272 3173 δέ
295 3110 354 3174 ἀπὸ
378 3113 504 3195 μεγάλης
526 3111 618 3195 ἀρχῆς
640 3110 656 3174 d
680 3112 734 3193 μέν
757 3107 810 3175 ἀπ’
835 3112 936 3195 ὀλίγης
964 3122 1060 3196 φορᾶς
1088 3110 1199 3191 νέφους
1226 3110 1306 3175 ἔτινε-

159 3203 231 3281 φίας
249 3206 307 3264 πελ.
350 3202 488 3266 Ceterum
511 3203 644 3265 Lucilius
667 3225 725 3265 non
749 3206 830 3265 solus
860 3205 940 3283 apud
963 3204 1112 3264 Βοιοειιιοι
1140 3207 1307 3281 composuit

159 3295 293 3354 austrum
317 3298 408 3372 atque
432 3294 602 3372 aquilonem
626 3314 692 3354 cum
716 3296 867 3372 eonephia,
890 3294 941 3355 sed
964 3294 1067 3354 eodem
1089 3295 1151 3354 fere
1173 3297 1306 3372 tempore

160 3381 223 3442 Ser.
243 3384 395 3461 Turpilius
418 3386 450 3444 in
472 3385 625 3445 Demetrio
651 3385 791 3462 palliata,
821 3404 912 3461 quum
939 3404 973 3444 ex
996 3383 1130 3443 Alexidis
1153 3383 1305 3445 Demetrio

158 3491 210 3531 seu
223 3473 392 3534 Philetaero
407 3476 512 3534 uertit:
531 3476 603 3535 conf
613 3474 746 3535 Alexidis
766 3493 871 3554 uersus
890 3493 936 3551 ap.
952 3473 1059 3533 Athen.
1073 3473 1149 3532 VIII
1162 3493 1190 3550 p.
1207 3474 1304 3533 338Ι)
1379 3475 1385 3485 “

159 3552 250 3641 (GAF
268 3562 299 3620 Π
319 3583 348 3640 ρ.
369 3566 442 3640 314,
461 3555 557 3645 cell)

284 3710 286 3712 ·
319 3686 469 3766 Πρότερον
492 3683 546 3765 μέν
567 3687 596 3748 εἰ
616 3689 750 3750 πνεύσειε
772 3689 905 3768 βορρᾶς
927 3684 948 3766 ἢ
971 3686 1075 3760 νότος

317 3773 350 3835 έν
372 3781 408 3860 τῇ
431 3776 561 3860 θαλάττη
584 3775 726 3856 λαμπρός,
749 3776 838 3857 ἰχθῦς
861 3776 917 3838 oda
939 3775 1012 3853 ένῆν

317 3861 418 3924 οὐδενί
441 3869 560 3944 φαγεῖν·
584 3863 654 3925 νυνί
676 3862 708 3926 δέ
730 3864 804 3944 πρὸς
827 3871 888 3939 τοῖς
910 3864 1077 3942 πνεύμασιν

318 3952 434 4026 τούτοις
458 3952 594 4026 Φάυλλος
616 3951 793 4035 προσγέγονε
816 3953 946 4034 χειμὼν
967 3953 1092 4031 τρίτος.
1158 4007 1160 4009 ,

318 4039 393 4101 ἐπὰν
415 4040 471 4122 γάρ
493 4039 661 4121 έανεφίας
683 4042 852 4123 καταιγίσας
874 4042 947 4126 τύχη

316 4129 348 4203 ἐς
368 4128 424 4208 τὴν
445 4127 567 4211 ἀγοράν,
590 4129 706 4207 τούψον
728 4124 889 4210 πριιῆιενος
910 4131 1017 4212 οἴχεται

317 4217 417 4300 φέρων
439 4219 520 4280 άπαν
543 4220 575 4282 τὸ
594 4217 723 4300 ληφθέν,
746 4219 817 4281 ὥστε
839 4220 967 4301 γίγνεται

315 4307 348 4370 έν
370 4315 432 4382 τοῖς
454 4308 591 4390 λαχάνοις
613 4309 645 4371 τὸ
668 4308 773 4371 λοιπὸν
795 4306 868 4387 ἡμῖν
890 4306 910 4388 ἡ
934 4309 1022 4390 μάχη.

155 4471 282 4529 quorum
309 4453 397 4516 initio
424 4456 495 4516 sunt
521 4474 569 4513 uu.
600 4454 658 4515 duo
685 4454 815 4532 Turpilii
844 4454 990 4517 Demetrii
1018 4475 1064 4533 ap.
1088 4417 1168 4514 ‘Non
1188 4476 1216 4533 p.
1237 4457 1301 4517 488
