3000 5002
479 358 575 414 insert..
595 360 653 414 aed.
673 377 699 412 u.
721 364 905 413 ries-usa
1206 359 1273 426 363

120 531 216 589 tatem
239 548 276 588 na
299 530 353 589 sub
377 528 478 589 (laelio
502 528 621 605 quidem
645 531 766 589 auctore
784 524 1011 606 repudiandum’
1033 526 1107 590 (1616.
1126 529 1170 588 71
1191 530 1270 605 18,9

122 614 188 680 ‘sub
208 622 328 678 6661616
346 618 491 696 Dionysio
509 618 708 697 inspergenda
727 618 911 678 sandaracha
929 614 984 679 est'
999 619 1126 696 praefat.
1140 639 1168 695 p.
1186 620 1214 694 9,
1230 621 1270 678 31

120 708 312 787 Daremberg.
347 703 389 766 ‘et
421 708 543 785 quidam
575 708 682 769 medici
701 755 708 767 .
724 754 752 767 ..
771 708 826 769 sub
859 711 978 768 auctore
1011 711 1046 767 ut
1083 708 1142 786 ipsi
1178 708 1274 768 uideri

121 800 227 858 uolunt
255 798 431 858 Themisone
462 793 655 858 contendunt’
679 797 757 857 Plin.
776 800 837 858 661.
857 798 924 858 hist
943 797 970 857 X
991 799 1053 858 185
1078 792 1273 874 ‘quamquam

121 888 175 948 sub
208 890 328 948 auctore
351 887 513 948 Aristotele
541 890 571 947 et
597 887 760 947 Alexandri
783 888 886 966 Magni
913 883 1082 947 militibus'.
1127 887 1273 946 Manlium

123 979 308 1053 Torquatum
333 977 481 1053 quendam
505 980 634 1054 aposta
657 977 829 1038 lacessitum
856 977 947 1037 fuisse
975 979 1101 1054 apparat
1128 969 1212 1059 (uide
1235 977 1273 1036 ad

123 1067 174 1127 lib.
187 1067 219 1125 Π
237 1087 265 1125 6.
282 1059 352 1147 77);
375 1068 442 1142 quis
466 1067 587 1126 6616666
610 1065 689 1127 filius
711 1067 982 1127 166111166611616.

214 1147 319 1216 1145.
344 1155 511 1216 Scholiasta
529 1155 681 1216 quenalis
704 1156 731 1214 X
751 1156 792 1215 66
817 1148 909 1235 (pone
932 1155 1144 1229 (1661166166,
1166 1154 1274 1215 16616

123 1245 274 1322 Capitolia
309 1264 450 1323 magnum
489 1247 694 1321 cretatumque
724 1244 845 1306 bouem:
883 1245 1006 1304 Seianus
1044 1243 1163 1303 ducitur
1197 1264 1274 1305 unco

123 1334 310 1413 spectandus,
333 1334 465 1412 gandent
487 1327 612 1416 omnes).
660 1330 829 1395 ‘candidum
856 1336 892 1393 61
914 1335 1051 1394 mulius
1081 1326 1140 1416 (ita
1162 1333 1274 1407 Densa,

122 1427 259 1485 lucretius
282 1415 371 1504 codd)
397 1419 625 1500 “cretatumque
648 1423 755 1484 bouem
780 1423 920 1485 61661161
945 1422 1095 1500 Capitolia
1118 1419 1273 1502 magna”.'

122 1517 190 1575 duci
223 1514 379 1587 Pithoeus,
411 1515 468 1573 duo
496 1513 657 1574 Muellerus
689 1514 727 1572 ad
759 1513 911 1573 quenalis
943 1532 1069 1573 uersum.
1126 1511 1276 1590 Capitolia

124 1604 236 1682 Vergil.
250 1604 324 1663 Aen.
340 1602 415 1662 VIII
434 1604 497 1662 347
519 1602 631 1680 plurali
653 1622 783 1663 numero.
825 1603 936 1680 Agitur
954 1602 990 1663 de
1013 1603 1122 1682 gaudio
1146 1603 1274 1680 publico.

216 1685 323 1753 1146.
346 1691 458 1752 Paulus
481 1712 516 1752 ex
535 1692 624 1752 Festo
641 1713 670 1769 p.
687 1694 727 1751 53
754 1687 916 1767 ‘Crucium
934 1692 1014 1769 quod
1034 1693 1155 1753 cruciat
1196 1691 1275 1752 unde

122 1783 256 1844 Lucilius
278 1784 384 1841 uinum
411 1784 535 1842 insuaue
565 1783 696 1842 crucium
724 1777 820 1840 dixit’.
866 1780 1051 1842 Vocabulum
1074 1785 1193 1859 poetam
1217 1783 1275 1841 ioci

123 1874 249 1933 alicuius
268 1874 369 1952 gratia
386 1890 512 1932 nouasse
532 1870 690 1932 deductum
708 1889 726 1930 a
745 1888 827 1932 61666
845 1890 905 1931 666
924 1890 942 1931 6
960 1870 1118 1931 cruciando
1133 1872 1275 1931 arbitror:

123 1982 236 2023 memor
268 1964 333 2021 erat
355 1961 462 2037 opinor
489 1963 584 2022 facete
612 1962 686 2021 dicti
713 1960 822 2022 (lineae
850 1960 930 2038 quod
959 1961 1091 2021 traditur
1118 1960 1194 2020 Plin.
1213 1965 1274 2020 661.

122 2053 191 2112 11161.
207 2051 278 2111 XIV
294 2054 333 2110 12
355 2047 462 2112 ‘ulmos
482 2050 601 2128 quidem
620 2042 726 2133 (uites)
745 2051 855 2128 ubique
870 2053 1057 2129 exsuperant,
1074 2053 1275 2129 miratumque

125 2141 314 2201 altitudinem
346 2159 449 2200 661616
476 2141 595 2201 Ariciae
624 2141 725 2200 ferunt
751 2142 883 2219 legatum
912 2139 990 2218 regis
1018 2140 1126 2217 Pyrrhi
1154 2140 1276 2200 (1166616

125 2232 219 2290 facete
251 2231 356 2290 lusisse
388 2232 419 2288 in
447 2231 640 2290 austeriorem
668 2233 790 2307 gustum
816 2231 895 2303 uini,
926 2231 1033 2289 merito
1063 2232 1189 2289 matrem
1212 2231 1275 2290 eius

124 2319 252 2396 pendere
274 2321 307 2378 in
329 2321 393 2378 tam
416 2319 480 2378 alta
502 2314 608 2378 oruoa’.

217 2399 323 2467 1147.
347 2406 443 2468 Iulius
471 2408 622 2470 Romanus
651 2407 731 2484 apud
754 2406 921 2467 charisium
945 2406 1000 2467 GL
1019 2406 1035 2466 Ι
1058 2427 1086 2484 p.
1103 2409 1176 2482 217,
1196 2407 1276 2467 2511

127 2494 220 2558 ‘Satis
261 2497 376 2557 (1166166
413 2497 566 2574 accipitur.
630 2493 696 2557 ἀντ1
736 2503 790 2557 τοῦ
830 2514 887 2574 par
926 2496 1060 2556 Lucilius
1106 2500 1277 2556 saturarum

125 2584 220 2666 <libro
240 2582 313 2666 ...>
333 2581 405 2647 “oui
424 2589 450 2647 61
469 2588 604 2647 66616161
621 2585 750 2664 populus
768 2586 819 2645 uix
837 2587 920 2645 totus
939 2579 1112 2646 66116611”.’
1150 2584 1276 2646 Versum

126 2679 157 2736 in
182 2697 240 2753 quo
263 2676 416 2736 ferebatur
437 2679 485 2737 661
507 2678 534 2736 ci
556 2678 756 2736 6616161616
775 2674 963 2751 editionibus,
984 2677 1158 2735 661616666
1177 2673 1276 2735 codice

126 2766 545 2826 6666116166111611116666
573 2767 662 2826 sicuti
690 2767 723 2824 in
746 2764 946 2842 Neapolitano
969 2765 1089 2842 legitur.
1135 2762 1218 2825 Idem
1242 2764 1277 2823 de

128 2856 211 2932 Lupo
244 2857 295 2934 agi
326 2856 434 2915 statuit
464 2856 520 2915 hoo
551 2874 639 2915 uersu
672 2875 761 2932 quam
792 2855 869 2914 libro
892 2854 907 2913 1
934 2854 1042 2914 tribuit
1070 2845 1189 2935 (fragm
1212 2846 1277 2935 10).

126 2946 162 3004 In
194 2944 440 3021 interpretatione
473 2949 590 3005 6666166
623 2947 668 3005 est
701 2943 868 3004 charisium
898 2944 972 3004 haee
998 2942 1145 3004 adnotans
1174 2938 1277 3003 ‘Cuius

126 3034 256 3093 hominis
279 3034 429 3095 66166116
453 3052 488 3094 ac
510 3036 646 3111 potentia
669 3037 727 3109 661,
755 3036 802 3109 61,
825 3035 943 3094 61166161
965 3034 1122 3093 uniuersus
1144 3052 1173 3110 p.
1187 3032 1223 3093 11.
1246 3034 1278 3091 16

127 3142 282 3188 commune
296 3124 335 3182 ad
348 3123 534 3184 liberandam
549 3123 691 3200 Rempub.
707 3124 862 3184 consulens
877 3142 947 3201 opes
962 3123 1086 3183 1616166
1101 3124 1279 3196 consocient,

128 3215 265 3289 uiresque
289 3217 443 3291 opponant
465 3232 543 3289 suas,
565 3217 666 3273 tamen
694 3233 731 3273 66
760 3214 803 3274 616
826 3212 946 3289 quidem
968 3231 1056 3289 pares
1079 3212 1117 3272 ed
1140 3213 1279 3273 resisten-

128 3302 199 3362 dum
223 3321 285 3362 esse
307 3299 443 3380 possint’.
473 3336 507 3346 —
536 3303 630 3373 Quem
650 3302 800 3363 hominem
824 3305 937 3380 spectet
955 3301 1096 3376 Lucilius,
1119 3303 1279 3362 incertum:

129 3391 168 3451 ad
191 3392 335 3452 sodalioia
355 3390 440 3470 (conf
454 3393 505 3452 lib.
520 3393 594 3452 XIII
612 3413 641 3451 u.
657 3384 737 3473 438)
754 3392 903 3469 pertinere
923 3411 1042 3452 uersum
1060 3394 1186 3468 apparet
1205 3409 1279 3468 quas

128 3481 316 3559 συνωμοσίας
339 3483 433 3543 Attici
457 3483 560 3542 dicunt
579 3473 725 3563 (lhuoyd.
740 3481 816 3541 VIII
835 3484 886 3557 54,
906 3484 934 3540 4.
960 3483 1011 3556 81,
1031 3474 1080 3563 2):
1103 3481 1279 3541 seditionem

129 3570 372 3649 Fregellanorum
400 3570 778 3632 Ρ16161611.(1.(1166611.3
808 3573 942 3649 appellat
974 3572 1047 3631 item
1080 3569 1280 3648 συνωμοσίαν,

129 3661 299 3721 6661616666
331 3679 380 3721 666
412 3664 515 3722 eontra
547 3661 697 3722 Romanos
726 3658 895 3738 Obsequens
923 3665 1028 3720 auctor
1055 3663 1101 3719 661
1131 3661 1174 3719 30
1197 3650 1279 3740 (90).

222 3741 328 3810 1148.
357 3748 508 3812 Charisius
536 3749 625 3809 GLI
648 3771 676 3827 p.
694 3754 748 3825 71,
769 3751 848 3810 27ss
881 3747 1002 3810 ‘Forum
1034 3751 1140 3809 666116
1173 3767 1280 3826 genera

130 3837 255 3898 dicimus
278 3838 376 3898 locum
399 3839 486 3900 rebus
510 3839 632 3918 agendis
659 3838 850 3914 destinatum,
873 3835 962 3917 <661>
984 3858 1053 3898 6616
1072 3838 1281 3898 commercium

131 3926 368 4005 significamus*
390 3947 405 3982 s
426 3932 456 3988 61
478 3928 611 3988 Lucilius
640 3924 731 3987 “oum
758 3929 806 3987 illi
832 3928 899 3988 1616
921 3921 1046 3987 11661”.’
1092 3927 1141 3986 116
1163 3927 1281 4002 Neapo-

131 4017 256 4076 litanus:
279 4016 371 4076 codex
393 4017 512 4078 Dousae
538 4016 668 4077 habebat
696 4013 775 4076 ‘oum
802 4018 851 4076 illi
877 4018 942 4077 1616
970 4011 1056 4090 6161,
1079 4015 1156 4074 unda
1179 4016 1282 4076 Dousa

132 4101 215 4165 ‘tuno
237 4106 285 4165 illi
307 4107 374 4166 1616
397 4102 502 4167 erant’.
550 4102 628 4166 ‘cum
651 4106 699 4165 illi
722 4107 788 4166 fora
810 4102 932 4165 mirant’
957 4105 1173 4166 Lachmannus.

223 4187 328 4254 1149.
357 4195 402 4255 116
430 4195 584 4256 Diomedis
612 4196 683 4255 16116
704 4195 809 4257 ,Dione
836 4214 884 4271 ap.
910 4196 997 4255 Hom.
1022 4197 1050 4253 E
1074 4195 1137 4253 406
1171 4191 1278 4272 νήπιος

131 4280 202 4345 οὐδὲ
233 4282 265 4344 τὸ
293 4277 354 4345 olda
381 4283 455 4345 κατὰ
481 4280 577 4364 φρένα
607 4279 718 4357 Τυδέος
744 4281 810 4355 υἱός
840 4281 901 4344 ὄττι
935 4276 997 4362 μάλ’
1023 4281 1060 4344 od
1094 4281 1216 4361 δηναιὸς
1248 4279 1281 4358 ὃς

131 4370 310 4434 ἀθανάτοισι
333 4373 459 4454 μάχηται
481 4370 552 4435 οὐδέ
578 4372 607 4432 τί
628 4395 679 4451 μιν
706 4372 812 4445 παῖδες
838 4370 906 4434 seori
928 4372 1052 4454 γούνασι
1075 4372 1283 4444 παππάζουσιν

132 4455 244 4524 ἐλθόντ’
274 4461 307 4525 ἐκ
337 4461 547 4542 πολέμοιο...
567 4467 606 4547 τῷ
633 4469 692 4522 νῦν
721 4461 865 4542 Ihdstdqg
896 4461 924 4524 61
953 4461 1003 4524 aul
1035 4462 1112 4542 μάλα
1143 4460 1282 4543 καρτερός
