3060 5010
228 352 272 417 94
682 347 720 402 Vl
737 365 766 405 u.
784 351 934 414 288-243.

228 522 375 581 enitemur
402 520 559 580 restituere
591 536 694 578 uorsus
724 518 856 595 corrupti
888 534 1040 588 caesuram
1072 514 1210 577 mediam.
1265 515 1378 596 ScrIpsi

227 613 341 671 919999
362 626 444 669 merso
467 609 492 668 i.
501 629 525 669 9.
544 627 599 688 ego
622 609 721 686 segnis
744 626 851 667 manao
873 609 905 666 91
922 606 1038 668 bibula:
1062 605 1098 665 de
1116 606 1261 666 feminina
1278 607 1377 667 forma

228 707 339 780 χαῦνος
368 698 439 758 uide
465 697 567 757 lexica.
596 715 610 758 s
638 697 747 757 ultima
779 695 895 757 abiecta
926 698 962 756 ut
997 695 1029 754 in
1065 696 1193 770 scorpios
1224 695 1275 755 lib.
1296 696 1378 756 XXX

228 808 258 849 u.
275 790 360 848 1022
388 788 489 864 psolos
511 787 587 847 VIII
606 787 684 848 304:
717 806 809 862 quare
840 782 918 865 μένω
950 783 1097 846 Graccum
1129 785 1281 845 elisionem
1313 786 1378 863 pati

229 870 316 960 (cons
339 876 547 938 Lachmannus
575 875 614 936 ad
640 875 759 936 Lucret
777 874 821 935 IV
849 868 948 958 1169)
978 876 1015 934 91
1045 875 1230 949 amphitapae
1261 895 1289 933 u.
1314 876 1377 934 252

228 986 288 1027 999
311 967 410 1026 miror.
439 1000 482 1009 -
505 966 628 1041 siccam,
654 967 674 1025 i.
688 984 713 1024 e.
736 983 796 1025 uon
818 966 954 1025 uinosam
983 967 1014 1024 et
1040 964 1184 1025 sobriam:
1211 964 1375 1023 11199961

230 1052 333 1130 bioca,
361 1073 447 1132 saua,
477 1051 587 1116 sobria'
611 1054 890 1115 plataninas?
916 1049 1039 1114 ‘siccum
1061 1053 1143 1133 frugi
1165 1048 1378 1114 continentem'

230 1145 342 1205 Seneca
365 1146 451 1223 epist.
469 1146 519 1221 18,
539 1147 558 1204 4
579 1140 673 1206 ‘ebrio
696 1162 731 1203 ac
748 1144 916 1203 comitante
935 1142 1046 1220 populo
1065 1143 1175 1202 siccum
1194 1162 1229 1202 ac
1247 1143 1378 1203 sobrium

230 1230 302 1295 esse’
337 1232 424 1294 Ouid.
447 1254 473 1294 a.
493 1254 519 1294 9.
542 1233 574 1293 Π
597 1234 660 1295 685
691 1229 753 1292 ‘odi
784 1252 861 1311 quae
892 1231 1027 1310 praebet,
1064 1234 1136 1309 quia
1168 1234 1208 1292 eit
1239 1233 1380 1309 praebere

229 1341 358 1399 necesse,
382 1326 518 1401 siccaque
545 1323 581 1382 de
609 1323 680 1383 1999
706 1322 820 1401 cogitat
845 1323 913 1398 ipsa
942 1317 1018 1381 sna'.
1064 1320 1149 1381 Duae
1172 1321 1243 1383 illae
1265 1338 1379 1381 sorores

229 1413 360 1473 moribus
392 1412 528 1474 diuersae
560 1415 646 1473 eraut
677 1412 766 1472 sicuti
797 1415 858 1471 tres
889 1411 921 1470 in
952 1409 1080 1471 Phaedri
1112 1410 1215 1470 fabula
1237 1411 1282 1471 IV
1302 1413 1378 1487 5,3

231 1500 366 1581 ‘quidam
385 1501 527 1564 decedens
550 1506 610 1562 tres
632 1502 756 1579 reliquit
778 1500 865 1582 filias,
888 1520 979 1560 unam
1002 1500 1163 1560 formosam
1253 1502 1379 1561 alteram

230 1592 379 1652 lanificam
398 1595 428 1652 et
445 1592 526 1671 frugi
543 1592 696 1666 rusticam,
715 1591 854 1651 deuotam
872 1592 945 1650 uino
963 1592 1085 1650 tertiam
1104 1593 1135 1650 et
1149 1584 1380 1667 turpissimam':

229 1683 333 1758 itaque
355 1681 446 1742 balba
468 1681 522 1740 1119
544 1680 653 1741 Lucilii
676 1680 808 1740 balbutit
829 1679 932 1757 potius
954 1681 1026 1740 uiuo
1048 1679 1170 1739 madida
1193 1675 1310 1763 (quen.
1324 1678 1380 1737 XV

231 1763 302 1852 48):
325 1765 378 1831 ‘sit
399 1771 453 1830 illa
486 1771 579 1849 lrugi,
610 1788 665 1848 ego
692 1777 802 1850 χαῦνος
829 1763 956 1844 mauec',
978 1771 1082 1845 itaque
1109 1787 1184 1829 anus
1211 1786 1313 1829 rursus
1341 1766 1380 1827 ad

232 1859 391 1919 armillum.

321 1941 403 2010 240.
422 1948 537 2008 Nonius
556 1969 584 2025 p.
601 1950 675 2023 281,
690 1950 731 2008 22
753 1943 909 2008 ‘Dominus
925 1966 1043 2007 rursum
1063 1948 1233 2026 appellatur
1247 1948 1380 2008 conuiuii

125 2103 126 2112 ¹
232 2037 392 2114 exhibit0r3
415 2038 492 2097 unde
515 2041 546 2098 et
568 2037 701 2098 dominia
723 2039 872 2097 conuiuia.
917 2037 1051 2097 Lucilius
1078 2039 1250 2114 satyrarum
1272 2037 1323 2096 lib.
1338 2035 1380 2093 VI

233 2124 309 2204 “qui
332 2131 362 2187 19
385 2126 479 2187 bonus
501 2127 639 2204 Iuppiter
660 2129 759 2204 inquit
782 2125 889 2186 Crasso
910 2129 1039 2186 οιαοίιινι
1065 2145 1131 2187 cum
1154 2127 1380 2187 999999199ιαὶ-

231 2236 304 2276 νιοαιι
334 2211 482 2291 sorlcm’'.’
539 2215 667 2277 (leuaret
699 2216 778 2293 apud
811 2214 949 2276 Crassum
981 2220 1130 2276 oratorem
1168 2217 1318 2276 homiuem
1351 2217 1382 2274 et

232 2307 356 2366 diuitem
380 2309 410 2366 91
433 2307 619 2366 luxuriosum
636 2306 751 2365 Mucius
769 2306 876 2384 Augur
893 2325 976 2366 socer
994 2308 1057 2366 aius
1080 2307 1132 2384 qui
1150 2325 1258 2384 genero
1277 2308 1381 2382 postca

232 2395 311 2454 male
338 2398 477 2471 precatur
504 2398 576 2471 quia
607 2413 680 2455 caua
702 2397 803 2473 opima
826 2395 945 2455 domiuo
968 2396 1058 2456 nimIs
1080 2395 1209 2456 officiose
1232 2396 1381 2454 iuuitante

232 2484 435 2545 iurisconsulti
454 2486 581 2545 laeserat
599 2484 792 2544 stomachum.
828 2484 908 2543 Nam
926 2486 1038 2545 9191999
1056 2487 1121 2545 erat
1133 2483 1239 2563 Augur
1253 2502 1381 2544 summa-

233 2593 289 2650 que
329 2574 505 2652 irugalitate
546 2567 668 2657 (Athen.
690 2573 735 2634 VI
758 2594 787 2651 p.
812 2575 876 2633 274
903 2567 1022 2656 0-11).
1080 2574 1207 2634 Versum
1248 2573 1381 2652 grauiter

232 2666 404 2740 corruptum
435 2665 466 2723 in
499 2665 580 2723 exitu
613 2681 675 2723 esse
706 2666 844 2741 apparet:
876 2664 982 2740 scripsi
1014 2681 1080 2725 cum
1109 2681 1193 2733 9999,
1221 2667 1256 2722 91
1282 2662 1379 2722 Ρ1991.

232 2751 337 2812 Pseud.
358 2753 421 2812 836
447 2748 500 2812 Ἃ1
522 2755 552 2812 19
575 2753 712 2830 luppiter
734 2753 823 2828 dique
847 2771 947 2813 omues
970 2753 1098 2830 perdant
1123 2772 1190 2813 cum
1213 2752 1381 2813 condimen-

232 2845 272 2902 tis
294 2837 366 2902 tuis'
390 2841 466 2901 ilud.
483 2844 569 2903 1170
594 2837 678 2918 ‘quin
700 2845 735 2901 tu
757 2842 768 2900 i
792 2841 922 2901 dierecta
952 2861 1020 2902 cum
1041 2844 1149 2903 sucula
1171 2845 1201 2902 91
1224 2862 1291 2901 cum
1312 2860 1381 2918 por-

232 2927 327 2992 culis'.
374 2932 485 3005 pacat
523 2933 664 2992 omissum
705 2934 763 3007 991,
805 2930 894 2991 919911
929 2931 980 2990 lib.
999 2930 1031 2990 11
1054 2952 1082 2990 9.
1107 2933 1148 2992 56
1179 2931 1235 2990 XV
1262 2952 1290 2991 u.
1316 2933 1380 2990 514

233 3013 385 3102 (Η999199
407 3040 469 3080 reu.
492 3020 529 3080 de
552 3020 624 3097 pbil.
638 3020 709 3080 XIV
730 3022 817 3080 1890
839 3040 867 3097 p.
884 3013 950 3102 90),
973 3022 1103 3096 Improba
1125 3022 1246 3081 inserui.
1278 3021 1381 3094 fortem

233 3113 381 3170 castrense
417 3110 597 3170 uocabulum
633 3129 688 3186 pro
730 3110 850 3170 bellum:
890 3110 975 3170 miles
1013 3129 1059 3186 ap.
1081 3109 1178 3170 Plaut.
1204 3109 1267 3168 Mil.
1295 3109 1379 3168 1106

234 3194 353 3274 ‘ecquid
383 3198 471 3259 fortis
502 3192 634 3259 uisastl'
668 3199 739 3259 conf
767 3217 844 3275 quae
875 3199 991 3260 Nonius
1024 3200 1111 3259 affert
1142 3219 1171 3275 p.
1190 3198 1252 3258 306
1285 3197 1380 3257 Lucil.

233 3287 284 3346 lib.
298 3287 380 3346 XXX
399 3307 427 3346 u.
445 3288 528 3347 1026
555 3283 668 3348 ‘omues
695 3289 839 3349 formonsi
864 3289 958 3348 fortes
985 3284 1062 3348 tibi’.
1108 3286 1206 3348 Gener
1227 3306 1295 3346 cum
1318 3289 1381 3347 sine

233 3374 324 3436 dubio
348 3374 470 3437 Crassus
493 3379 545 3454 qui
568 3380 656 3437 99199
679 3381 725 3439 991
748 3397 825 3438 anno
855 3371 1003 3449 6141140
1027 3396 1160 3438 socerum
1182 3377 1314 3437 Mucium
1336 3379 1381 3436 19-

234 3464 348 3542 uitarit,
371 3468 500 3543 scriptus
524 3467 564 3526 911
586 3470 705 3545 oportet
725 3468 801 3527 liber
823 3466 867 3527 VI
889 3466 999 3528 Lucilii
1017 3471 1175 3546 postquam
1193 3466 1382 3543 pubertatem

234 3557 408 3615 consecutus
423 3557 469 3616 est
482 3554 604 3638 Crassus
619 3575 764 3618 annorum
777 3557 839 3616 fere
853 3557 932 3632 XVI,
947 3559 965 3615 i.
981 3577 1004 3616 c.
1019 3560 1089 3634 post
1104 3576 1218 3616 annum
1232 3548 1381 3634 630l124.

324 3637 407 3706 242.
430 3644 546 3705 Nonius
573 3664 608 3706 ex
635 3647 831 3724 grammatico
854 3665 881 3723 p.
904 3647 977 3720 136,
997 3649 1039 3707 30
1068 3642 1238 3706 ‘Macellum
1270 3645 1383 3707 dictum

234 3753 288 3812 pro
311 3733 503 3794 macilentum
521 3735 656 3796 Lucilius
679 3736 786 3812 probat
803 3734 855 3795 lib.
869 3734 913 3793 VI
932 3730 983 3795 “si
1002 3784 1008 3796 .
1025 3781 1031 3793 .
1047 3781 1053 3793 .
1072 3730 1259 3796 macellus”.'
1291 3735 1382 3813 Figu-

234 3842 299 3884 ram
317 3825 450 3884 rhetcres
469 3823 647 3885 effictionem
665 3824 834 3885 nominant:
852 3824 924 3885 conf
935 3824 973 3883 ad
987 3825 1057 3885 Her.
1071 3824 1116 3884 IV
1131 3826 1182 3902 49,
1198 3826 1254 3885 639
1274 3820 1383 3899 Ἥ999,

234 3913 356 3988 iudices,
379 3915 454 3989 dico,
476 3914 607 3991 rubrum,
633 3914 763 3989 breuem,
790 3915 947 3974 incuruum
1037 3916 1064 3975 si
1086 3934 1145 3992 quc
1168 3913 1256 3975 modo
1283 3915 1383 3991 potest

235 4003 320 4063 uobis
343 4004 373 4062 in
393 4006 568 4064 memoriam
590 3998 707 4064 redire‘.
749 4003 866 4064 Platon.
886 4003 1054 4080 Eutbyphr.
1073 4025 1101 4082 p.
1123 4004 1178 4064 2Β
1201 4002 1233 4064 sl
1249 4026 1315 4064 τινα
1338 4006 1382 4087 νῷ

235 4090 308 4171 ἔχεις
335 4090 452 4153 Πιτθέα
479 4090 636 4172 Μέλητον,
666 4085 731 4153 οἷον
758 4091 941 4172 τετανότριχα
968 4091 1019 4154 καὶ
1048 4091 1085 4153 οὐ
1112 4093 1193 4153 πάνυ
1225 4089 1382 4172 εὐγένειον,

235 4176 399 4260 ἐπίγρυπον
426 4178 466 4241 at.
517 4181 652 4252 Quadrab
683 4181 842 4260 descriptio
875 4183 907 4241 iu
933 4183 1083 4243 hominem
1111 4202 1250 4243 auarum:
1281 4183 1382 4257 script.

236 4268 392 4348 physiogu.
417 4269 433 4329 I
455 4290 484 4347 p.
504 4272 603 4331 aral*
634 4270 686 4332 τὸν
717 4267 749 4332 δὲ
782 4270 967 4352 φιλάργυρον
986 4319 992 4331 .
1008 4320 1014 4331 .
1030 4318 1037 4330 .
1055 4271 1171 4334 τοιόνδε
1202 4265 1279 4332 εἶναι
1306 4267 1384 4351 λέγε·

236 4361 396 4438 μικρομελῆ
420 4357 622 4438 μικρόμματον
645 4359 893 4440 μικροπρόσοννιον
915 4364 974 4421 κτλ.

327 4439 409 4508 243.
432 4447 547 4508 Nonius
570 4469 598 4526 p.
620 4450 670 4524 78,
690 4450 708 4508 5
735 4444 844 4529 ‘Bnlga
867 4452 912 4510 est
934 4450 1086 4511 folliculus
1108 4453 1214 4527 omnis,
1239 4470 1330 4527 quam
1353 4454 1384 4510 et
