3036 5004
211 358 277 422 258
632 355 735 411 xxvss
754 374 780 410 u.
802 361 950 411 irs-mo.

216 531 261 610 Τῷ
282 523 314 586 δὲ
337 525 496 606 παράσιτος
524 523 611 602 όμοιό
639 523 717 585 ἐστιν
745 521 875 603 ὀνόματα
902 523 1032 598 ἐπίσιτος
1052 573 1057 584 .
1079 573 1084 583 .
1106 573 1111 583 .
1131 523 1180 585 καὶ
1208 523 1364 605 οἰκόσιτος,

212 614 423 696 σιτόκουρός
449 636 479 674 τε
506 611 556 673 καὶ
585 612 737 687 αὐτόσιτος
755 617 813 674 κτλ.
851 614 985 674 Vtuntur
1012 616 1068 674 hac
1101 634 1171 675 uoce
1200 617 1305 674 comici
1332 619 1363 675 in

212 707 285 766 locis
322 707 391 765 huic
428 705 584 764 Luciliano
624 705 799 779 simillimis,
840 705 925 764 uelut
959 705 1096 763 Menand.
1118 706 1182 763 420
1206 698 1299 785 (chr
1318 704 1364 764 III

212 816 241 873 p.
263 788 378 877 122)K
402 793 575 873 σιτόκουρον
597 790 706 854 όθλιον
728 789 875 873 ἄχρηστον
898 793 939 865 εἰς
963 793 1018 872 τὴν
1041 793 1162 853 οἰκίαν
1189 793 1365 872 εἰλήφαμεν,

211 885 243 943 id
276 889 321 944 est
353 887 507 960 tamquam
540 884 748 944 curculionem.
803 883 885 942 Idem
908 885 970 942 244
990 904 1018 961 p.
1041 883 1119 942 7οΚ
1152 879 1192 955 ὡς
1227 879 1364 963 ὀκνηρός,

212 973 309 1033 πάντα
328 970 450 1051 μέλλων,
475 970 646 1052 σιτόκουρος
664 969 815 1053 ὁμολογῶν
834 970 1138 1052 παρατρέφεσθαι.
1176 973 1279 1033 Alexis
1301 977 1362 1033 177

212 1056 258 1143 (Π
276 1085 304 1142 p.
326 1056 443 1145 363)K
465 1060 522 1122 ἔσει
546 1070 714 1141 περιπατῶν
737 1060 918 1142 σιτόκουρος.
956 1062 1137 1139 Adloquitur
1160 1064 1250 1139 poeta
1271 1063 1365 1123 homi·

211 1173 279 1213 nem
302 1153 427 1212 diuitem
450 1156 480 1211 et
503 1151 633 1212 nobilem
662 1153 759 1228 qualis
787 1155 852 1211 erat
875 1151 976 1228 Scipio
1006 1154 1090 1211 cuius
1117 1152 1193 1210 nihil
1221 1154 1366 1212 intererat

212 1246 287 1319 quot
308 1243 456 1319 parasitos
480 1243 580 1301 aleret.
1315 1308 1320 1317 ι

303 1324 384 1394 719.
408 1331 524 1391 Nonius
552 1352 582 1408 p.
603 1332 682 1406 370,
703 1332 743 1390 28
774 1327 923 1406 ‘Parcere
956 1349 1082 1391 seruare.
1134 1330 1285 1409 Vergilius
1312 1330 1364 1391 lib.

211 1422 238 1479 X
257 1414 352 1502 (532)
378 1417 520 1499 “argenti
538 1424 629 1496 atque
655 1423 721 1480 auri
744 1439 891 1480 memoras
915 1440 991 1496 quae
1014 1422 1110 1480 multa
1129 1421 1257 1497 talenta,
1285 1423 1364 1480 natis

213 1530 301 1587 parce
329 1506 424 1570 tuis’'.
469 1511 603 1569 Lucilius
625 1510 677 1569 lib.
695 1510 810 1569 XXVII
840 1506 968 1586 “pareat
995 1510 1041 1569 illi
1068 1512 1165 1570 nicius
1192 1513 1240 1571 cui
1270 1513 1365 1587 possit

211 1601 260 1658 cui
288 1599 376 1658 fidem
404 1617 466 1658 esse
496 1595 662 1658 eximenl''.'
715 1599 837 1658 Seruius
865 1600 904 1658 ad
932 1600 1060 1678 Vergilii
1078 1621 1106 1659 u.
1126 1618 1148 1659 s.
1168 1619 1190 1659 s.
1216 1600 1364 1660 Aeneidos

211 1689 322 1747 x532
343 1687 449 1748 Gnatis
472 1707 560 1764 parce
582 1691 652 1748 tuis.
700 1683 803 1748 ‘Parce
832 1692 932 1749 autem
961 1692 1005 1749 est
1033 1690 1194 1749 secundum
1225 1690 1364 1766 antiquos

212 1790 314 1852 serua,
341 1783 377 1837 ut
400 1777 481 1854 apud
503 1777 652 1837 Lucilium
680 1781 710 1836 et
738 1779 869 1838 Ennium
896 1775 1069 1839 inuenitnr'.
1116 1779 1184 1838 Non
1211 1782 1257 1839 est
1285 1778 1365 1854 quod

212 1866 381 1927 dubitemus
409 1870 481 1944 quin
509 1867 642 1926 Lucilius
671 1867 775 1927 eadem
803 1887 863 1943 qua
890 1868 1042 1946 Vergilius
1074 1870 1209 1945 posuerit
1242 1886 1364 1945 parcere

212 1956 337 2016 uerbum
351 1957 578 2035 significatione.
601 1957 660 2015 Pro
676 1960 773 2017 rricius
787 1957 864 2016 codd
877 1958 1038 2018 deteriores
1052 1959 1148 2017 malm
1163 1958 1243 2033 quod
1252 1958 1364 2035 recepit

213 2046 389 2123 Muellerus,
421 2048 516 2121 magiis
549 2045 723 2106 Gerlachius
756 2045 900 2123 Corpetus
932 2046 1156 2107 Lachmannus:
1193 2050 1241 2108 cui
1268 2050 1366 2122 prosit

212 2136 380 2195 Muellerus.
423 2138 583 2196 existiment
614 2136 730 2212 Dousa,
767 2139 907 2197 existimet
936 2137 1111 2196 Muellerus:
1150 2132 1266 2213 ‘percat
1302 2138 1364 2196 illis

212 2226 309 2304 magis
333 2227 385 2300 qui
409 2228 477 2301 post
500 2228 568 2299 sint,
592 2228 640 2285 cui
659 2226 746 2285 fidem
766 2243 827 2286 esse
846 2221 1023 2286 existimem’
1043 2226 1261 2287 Lachmannus.
1298 2227 1363 2304 Ego

213 2314 293 2390 quod
311 2316 400 2390 posui
421 2311 536 2393 ‘parcat
554 2316 602 2374 illi
619 2315 726 2393 magis,
748 2316 801 2392 qui
820 2318 924 2392 possit,
948 2318 996 2375 cui
1015 2316 1102 2375 fidem
1121 2333 1183 2375 esse
1202 2311 1362 2376 existimet’

211 2405 255 2462 ito
278 2405 422 2483 intellego
447 2400 676 2481 ‘paterfamilias
700 2408 799 2464 seruet
820 2407 923 2482 potius
945 2424 1008 2464 rem
1031 2405 1079 2464 illi
1100 2405 1163 2464 filio
1187 2408 1240 2464 aut
1259 2407 1365 2480 amico,

212 2495 238 2552 si
261 2494 351 2553 liceat
372 2514 431 2553 non
451 2496 552 2554 omnia
570 2514 741 2555 consumere
760 2497 853 2570 uictu,
877 2497 926 2554 cui
944 2496 1033 2554 fidem
1052 2498 1082 2554 et
1100 2494 1281 2572 probitatem
1300 2514 1363 2554 esse

212 2583 371 2658 existimet,
394 2603 454 2644 non
478 2587 605 2663 ganeoni
629 2587 682 2643 aut
704 2586 837 2659 parasito
861 2579 975 2643 infido':
997 2583 1063 2643 Liu.
1081 2585 1097 2643 I
1118 2586 1169 2658 27,
1188 2587 1206 2643 5
1232 2580 1362 2643 ‘Albano

212 2691 271 2731 non
295 2673 362 2750 plus
386 2673 479 2732 animi
503 2677 567 2733 erat
591 2693 680 2750 quam
699 2669 789 2731 fidci’.
827 2676 966 2734 existimet
986 2673 1110 2734 uerbum
1130 2675 1204 2734 alias
1223 2693 1283 2734 non
1301 2677 1362 2733 tra-

212 2762 295 2821 ditur
317 2763 397 2839 apud
420 2763 582 2822 Lucilium:
611 2763 690 2838 quod
714 2762 883 2823 comoediae
907 2767 952 2823 est
974 2766 1141 2841 proprium,
1169 2765 1321 2840 spernitur
1344 2782 1363 2822 a

212 2853 335 2930 tragicis
355 2853 452 2911 Ilnnio
472 2851 606 2931 Vergilio
625 2850 764 2912 Lucretio
784 2851 902 2911 Catullo
925 2854 1082 2933 elegiacis,
1098 2853 1249 2913 abstinent
1270 2855 1363 2912 etiam

212 2941 357 3000 Horatius
380 2941 498 3001 Persius
521 2942 669 3000 Martialis
691 2942 851 3002 quenalis.

305 3023 386 3091 720.
410 3031 526 3090 Nonius
549 3051 577 3107 p.
598 3033 649 3105 29,
669 3032 687 3089 6
714 3027 920 3090 ‘Pedetemtim
944 3023 1171 3110 (pedetemptim
1191 3025 1231 3114 G)
1255 3035 1285 3090 et
1312 3052 1363 3109 pe-

213 3121 376 3195 depressim
399 3120 512 3179 dictum
536 3123 582 3179 est
604 3123 699 3195 caute,
724 3123 810 3197 quasi
832 3122 915 3181 lenta
938 3124 968 3179 et
991 3122 1078 3181 tarda
1101 3123 1202 3181 itione.
1224 3168 1229 3178 .
1250 3167 1255 3178 .
1277 3168 1283 3179 .
1303 3120 1362 3180 Lu·

213 3209 300 3268 cilius
319 3207 369 3266 lib.
388 3209 503 3268 XXVII
528 3205 602 3268 “ille
626 3213 730 3270 contra
749 3213 849 3270 omnia
864 3259 870 3270 .
887 3256 892 3267 .
909 3258 915 3269 .
930 3207 1076 3269 laedat'’.’
1113 3212 1240 3270 Numeri
1258 3230 1363 3270 uersus

216 3298 281 3356 sani
306 3300 384 3372 sunt,
407 3318 502 3374 neque
525 3301 672 3359 sententia
695 3300 877 3376 imperfecta.
923 3301 982 3359 Ille
1003 3320 1057 3377 pro
1081 3300 1252 3377 pyrrhichio
1278 3320 1364 3377 prae·

213 3386 299 3462 cipue
322 3388 354 3445 in
377 3389 525 3464 principio
549 3391 621 3464 poni
643 3408 783 3449 uersuum
806 3390 862 3449 hoc
885 3408 972 3448 uersu
997 3391 1089 3449 allato
1108 3389 1218 3449 Lucilii
1241 3393 1365 3466 exponit

212 3474 357 3534 Dziatzlro
376 3476 414 3533 ad
434 3477 551 3536 Terent.
565 3478 691 3553 Adelph.
707 3472 801 3560 (Lips.
820 3471 919 3560 1881)
939 3499 967 3537 u.
984 3482 1038 3537 72:
1058 3479 1126 3538 uide
1145 3481 1184 3539 ad
1200 3478 1250 3537 lib.
1266 3479 1364 3538 XXIX

213 3584 242 3622 u.
263 3565 336 3623 826.
374 3564 422 3623 Ad
445 3569 543 3626 οικκόο
568 3567 768 3643 supplendum
792 3570 837 3626 est
860 3569 949 3627 facit:
973 3569 1071 3627 adfert
1088 3568 1204 3629 Nonius
1222 3569 1242 3626 1.
1261 3587 1283 3627 s.
1303 3566 1363 3628 cic.

213 3654 249 3712 de
269 3654 317 3713 off.
337 3655 353 3712 l
375 3656 437 3714 120
463 3651 519 3716 ‘sin
542 3657 656 3731 minus,
684 3659 792 3716 sensim
816 3657 873 3716 erit
895 3657 1146 3734 pedetemtimque
1173 3653 1364 3717 faciendum'.

214 3741 293 3801 Conf
310 3742 369 3803 (lic.
389 3764 444 3821 pro
466 3744 530 3804 Mil.
551 3747 591 3805 36
617 3742 704 3805 ‘nihil
725 3765 779 3823 per
796 3747 858 3804 uim
876 3765 1018 3823 umquam
1040 3746 1169 3823 Clodius,
1192 3749 1293 3806 omnia
1310 3766 1365 3823 per

213 3835 275 3891 uim
298 3829 383 3894 Milo’
408 3833 484 3893 Plin.
504 3836 589 3912 epist.
609 3836 640 3894 Π
660 3837 725 3909 8,1
754 3831 873 3894 ‘Studes
901 3856 940 3896 an
962 3836 1086 3914 piscaris
1113 3857 1151 3896 an
1178 3837 1296 3896 ueneris
1325 3856 1365 3895 en

213 3923 302 3981 simul
321 3922 441 3983 omnia?
474 3924 603 3985 Possunt
621 3928 700 3984 enim
719 3925 820 3984 omnia
838 3926 927 3985 simul
946 3926 1011 3984 fieri
1025 3926 1063 3984 ad
1077 3926 1201 3985 Larium
1216 3923 1362 3986 nostrum’

213 4011 330 4071 Terent.
350 4013 457 4073 Heaut.
479 4016 519 4074 97
553 4011 636 4072 ‘llius
660 4014 753 4072 filiam
781 4015 833 4074 ille
861 4034 961 4074 amore
990 4017 1088 4092 coepit
1114 4016 1243 4093 perdite,
1271 4035 1364 4092 prope

213 4103 273 4159 iam
302 4105 337 4160 ut
363 4122 417 4178 pro
446 4123 536 4162 uxore
565 4104 699 4162 haberet:
727 4103 801 4162 haec
824 4104 901 4162 clam
928 4123 975 4163 me
1003 4101 1129 4165 omnia’:
1158 4106 1230 4165 conf
1250 4106 1288 4164 ad
1310 4104 1363 4163 lib.

213 4190 268 4248 XV
287 4209 316 4248 u.
336 4192 399 4250 489
421 4190 620 4252 Stowasserus
636 4192 715 4252 stud.
730 4191 858 4252 Vindob.
873 4192 901 4250 V
923 4194 1006 4253 1883
1027 4215 1055 4270 p.
1072 4195 1144 4254 255.
1178 4195 1364 4254 Sententiam

215 4298 274 4354 quo
302 4282 397 4357 magis
425 4282 597 4359 intellegas,
626 4282 697 4341 conf
718 4280 835 4342 Petron.
856 4284 897 4341 44
928 4278 1017 4343 ‘nunc
1043 4285 1173 4361 populus
1206 4288 1252 4344 est
1283 4284 1365 4344 domi

213 4368 322 4441 leones,
345 4369 427 4428 foras
450 4367 576 4448 uulpes’.
622 4372 728 4446 Itaque
752 4372 840 4430 homo
864 4372 914 4431 ille
938 4375 1017 4432 inter
1039 4374 1140 4449 plnres
1163 4375 1237 4434 foris
1263 4376 1366 4433 omnia

212 4460 321 4516 sensim
350 4457 436 4533 iacit,
465 4460 547 4519 domi
574 4461 654 4519 solus
683 4479 749 4518 cum
778 4465 823 4519 est
851 4463 951 4521 omnia
977 4463 1140 4522 inhumane
1169 4466 1199 4522 et
1226 4464 1364 4523 saeuiter.
