3000 5002
224 352 291 422 384
576 353 674 413 moos.
693 353 751 412 sed.
769 375 797 414 u.
818 359 1002 412 raro-sais.

224 525 304 603 quod
321 546 423 586 murex
442 526 620 587 uocabulum
641 527 732 587 etiam
751 527 826 587 alias
846 527 952 586 habuit
969 525 1203 606 significationes
1219 519 1319 607 (Cato
1342 546 1395 604 ap.

224 616 301 675 Plin.
320 619 381 675 nat.
400 616 470 675 hist.
488 616 559 675 XIX
579 619 621 675 24
639 616 729 694 Verg.
747 615 822 677 Aen.
840 616 868 672 V
889 608 967 696 205)
998 617 1087 677 sicuti
1119 615 1229 675 Graeci
1266 616 1395 675 addunt

224 704 381 778 θαλάττιος
404 707 436 763 10
454 705 602 764 similibus
620 705 789 766 nominibus
808 698 932 788 (Athen.
950 705 997 764 ΙΠ
1015 726 1043 782 p.
1064 698 1163 787 910).
1201 705 1393 765 Notandum

224 800 326 854 tamen
345 814 493 872 purpuras
506 796 642 870 pelopics
661 795 808 871 appellari
827 793 946 855 auctore
965 794 1063 854 Plinio
1077 796 1096 854 1.
1112 814 1134 854 s.
1153 795 1197 853 IX
1214 798 1278 854 131
1303 795 1392 855 unde

224 884 341 960 Diphili
359 885 484 944 facetias
502 885 705 960 interpreteris
724 888 842 960 oportet
860 885 913 962 qui
932 904 978 960 ap.
998 884 1095 944 Plaut.
1115 884 1192 943 llud.
1213 886 1281 944 298
1302 885 1393 945 inter

224 973 381 1049 conchylia
404 976 558 1033 enumerat
582 969 764 1051 ‘pelagusias
787 966 959 1054 (ptoyuslus
981 967 1070 1055 codd)
1094 969 1240 1047 striatas’,
1270 993 1390 1034 nomen

224 1063 386 1122 formatum
417 1065 452 1121 ut
475 1054 660 1141 Ἁλιμούσιος
688 1061 916 1142 Μυρρινούσιος
948 1064 1060 1122 similia
1091 1063 1241 1123 demotica
1275 1064 1391 1140 qualia

225 1153 373 1212 demotica
403 1152 534 1228 piscibus
568 1151 653 1212 addit
684 1153 780 1212 facete
811 1153 938 1228 propola
972 1154 1004 1212 in
1037 1153 1160 1212 Timone
1192 1152 1388 1230 Antiphanis

317 1321 423 1391 1211.
455 1330 591 1391 Donatus
628 1329 667 1388 ad
699 1330 831 1390 Terentii
863 1331 1003 1408 Hecyran
1020 1331 1120 1404 1114,
1140 1333 1180 1390 26
1221 1326 1387 1408 ‘Imperite

226 1421 399 1479 Terentium
416 1420 587 1496 Myconium
610 1420 739 1497 crispum
763 1419 871 1480 dixisse
895 1422 988 1496 aiunt,
1011 1439 1078 1480 cum
1096 1420 1300 1498 Apollodorus
1322 1423 1388 1481 cal·

226 1531 297 1569 uum
324 1509 445 1584 dixerit3
473 1508 552 1585 quod
580 1511 733 1586 proprium
755 1509 902 1586 Myconiis
930 1513 988 1583 est,
1016 1512 1051 1570 ut
1073 1509 1206 1570 Lucilius
1231 1505 1388 1585 “Myconi

227 1593 473 1675 ...iuuentus'';
505 1598 583 1657 unde
615 1601 707 1658 eliam
739 1598 930 1675 prouerbium
958 1598 1104 1660 Graecum
1123 1645 1130 1659 .
1146 1645 1152 1658 .
1167 1594 1221 1659 .”.’
1270 1599 1387 1660 Adfert

226 1687 328 1748 Dousa
346 1688 423 1747 Plin.
438 1690 499 1747 nat.
514 1688 582 1746 bist.
599 1688 642 1746 XI
658 1690 722 1748 130
740 1684 862 1765 ‘quippe
880 1688 1012 1766 Myconii
1030 1692 1163 1748 carentes
1182 1707 1216 1747 eo
1236 1681 1389 1771 (capillo)

227 1771 402 1855 gignuntur'
426 1775 534 1836 Strabo
553 1777 580 1835 X
598 1797 627 1852 p.
648 1779 711 1837 487
736 1774 785 1837 seul
810 1775 880 1849 τοὺς
907 1775 1078 1858 φαλακροὺς
1105 1775 1138 1838 δέ
1164 1799 1243 1849 τινες
1267 1780 1384 1839 Μυκο-

225 1866 310 1939 νίους
332 1870 455 1925 miscel
479 1858 636 1947 (Stephon.
654 1866 726 1943 Bya.
745 1885 767 1926 s.
786 1887 814 1924 0.
834 1859 1005 1949 Μύκονος).

317 1946 423 2016 1212.
451 1954 618 2033 Porphyrio
647 1956 684 2014 ad
707 1955 779 2015 Hor.
803 1956 975 2032 sermll,
997 1959 1069 2018 101.
1099 1958 1161 2015 102
1187 1950 1310 2032 “‘quid
1340 1959 1384 2016 mi

226 2044 322 2123 igitur
339 2044 445 2105 suades
464 2047 499 2104 ut
516 2046 619 2104 uiuam
638 2045 771 2105 Naeuius
790 2048 845 2106 aut
862 2048 905 2106 sic
920 2049 956 2105 01
968 2041 1218 2106 Nomentanus?”
1242 2046 1383 2108 Naeuius

226 2137 328 2195 autem
346 2134 405 2193 1011
422 2136 454 2193 10
472 2137 592 2194 tantum
613 2153 729 2210 parcus,
752 2137 787 2195 01
804 2135 942 2195 sordidus
961 2136 1067 2195 merito
1085 2136 1245 2195 haberetur
1262 2136 1384 2196 Lucilio

227 2228 350 2292 auctore,
367 2230 472 2284 contra
490 2222 609 2285 0000100
627 2220 844 2284 Nomentanus’
860 2245 884 2285 e.
899 2245 926 2302 q.
942 2244 964 2285 s.
1002 2225 1119 2284 Lucilio
1133 2229 1249 2285 auctore
1263 2228 1384 2303 scripsi,

226 2313 363 2372 Lembos
385 2317 438 2373 001
455 2313 540 2390 codd,
561 2318 595 2372 01
611 2314 749 2374 Lucilius
767 2316 810 2372 011
826 2314 1063 2392 Petschenigius3
1085 2318 1158 2374 0010
1177 2332 1239 2374 esse
1258 2315 1385 2376 uidetur

227 2402 286 2463 loci
317 2403 486 2479 corruptela
518 2423 534 2461 e
566 2403 748 2480 compendiis
780 2404 828 2463 luc
861 2406 938 2463 0001.
972 2395 1055 2486 (uide
1087 2403 1126 2462 ad
1153 2402 1233 2462 libl
1252 2409 1316 2464 u.1
1353 2411 1384 2466 01

228 2490 282 2551 GL
300 2491 345 2550 IV
363 2512 391 2568 p.
408 2491 500 2551 2881)
522 2483 626 2573 19Κ);
645 2494 716 2552 0001
731 2493 840 2568 Porpb.
860 2493 898 2552 ad
916 2513 1005 2553 0000.
1024 2493 1040 2552 Ι
1056 2495 1085 2568 2,
1106 2495 1145 2551 17
1167 2489 1237 2552 ‘llia
1255 2498 1384 2555 auctore

227 2581 325 2640 Ennio
353 2581 384 2639 in
408 2577 535 2641 amnem’
567 2601 591 2640 0.
606 2601 633 2658 q.
649 2600 671 2641 s.
717 2581 852 2641 Eundem
878 2582 1029 2642 Naeuium
1061 2581 1202 2643 describit
1233 2582 1384 2645 Horatius

228 2690 312 2747 serm.
331 2670 362 2729 Π
383 2673 416 2744 2,
436 2672 477 2730 68
516 2667 580 2731 ‘nec
617 2673 659 2731 sic
696 2675 731 2731 ut
766 2673 891 2749 simplex
928 2672 1060 2732 Naeuius
1093 2676 1213 2732 unctam
1243 2676 1384 2734 conuiuis

227 2759 382 2836 praebebit
405 2754 535 2836 aquam'.

320 2840 426 2910 1213.
437 2850 552 2910 Nonius
562 2870 597 2909 er
607 2851 804 2929 grammatico
814 2871 842 2928 p.
854 2852 955 2926 214,6
968 2846 1233 2911 ‘Mendumneutro
1244 2899 1250 2910 .
1262 2898 1268 2911 .
1278 2898 1285 2911 .
1296 2853 1385 2912 femi·

228 2940 293 2997 nini
312 2985 318 2996 .
335 2985 340 2996 .
357 2986 362 2996 .
382 2938 514 3000 Lucilius
539 2935 633 2999 “nam
655 2941 687 2999 in
711 2940 818 3015 quibus
841 2941 965 2999 mendae
988 2940 1125 3001 omnibus
1146 2943 1179 3000 in
1197 2941 1285 3001 rebus
1304 2942 1384 3002 liunt

228 3026 350 3104 fierique
371 3024 565 3105 potissunt’'.’
608 3032 757 3103 inquimus
771 3028 986 3089 Lachmannus.
1026 3031 1068 3089 At
1081 3032 1114 3089 10
1127 3031 1233 3104 quibus
1245 3033 1384 3092 01001000

228 3119 342 3182 secerni
359 3121 458 3193 potest
476 3118 514 3177 ab
532 3122 565 3178 10
583 3120 669 3179 rebus
688 3119 768 3194 quod
782 3123 851 3195 apte
869 3121 1000 3195 positum
1018 3120 1074 3179 boc
1090 3121 1156 3180 loco
1170 3122 1286 3180 0101000
1301 3139 1384 3180 com·

228 3210 335 3282 parato
358 3206 524 3267 lib.1u.9
550 3203 708 3284 ‘quantum
731 3212 776 3269 001
798 3211 830 3266 10
852 3207 939 3268 rebus
961 3205 1076 3269 inane'z
1099 3208 1216 3268 Lucret.
1235 3208 1261 3265 V
1284 3213 1383 3271 1240.

227 3296 307 3355 Nam
325 3297 357 3355 in
376 3296 483 3372 quibus
502 3297 638 3357 omnibus
656 3299 688 3356 in
707 3298 773 3357 uita
790 3297 914 3358 mendae
932 3301 962 3356 et
980 3297 1057 3358 fiunt
1074 3303 1105 3357 01
1118 3298 1182 3358 fieri
1195 3303 1329 3374 possunt,
1349 3301 1382 3359 10

231 3385 273 3445 010
293 3387 469 3462 plerumque
487 3388 655 3447 emendatio
675 3387 822 3463 quaedam
839 3389 950 3463 poterit
969 3386 1117 3447 adhiberi:
1142 3383 1383 3448 ‘inemendabilis

229 3470 285 3534 est'
315 3494 394 3533 ⁴uero
432 3471 526 3535 ‘error
561 3476 613 3553 qui
645 3477 807 3536 uiolentiae
838 3476 945 3536 Martis
977 3473 1185 3537 committitur'
1219 3476 1383 3536 secundum

230 3563 378 3642 Scipionis
400 3562 562 3625 Aemiliani
585 3566 764 3626 sententiam
786 3585 834 3642 ap.
852 3565 920 3625 Val.
938 3566 1015 3624 Max.
1035 3566 1095 3625 VH
1110 3569 1138 3641 2,
1159 3569 1187 3625 2.
1347 3602 1350 3608 ·

322 3645 428 3715 1215.
457 3653 608 3714 Charisius
636 3653 724 3715 GLI
753 3675 782 3731 p.
800 3658 872 3730 111,
893 3655 972 3714 1611
1005 3651 1100 3714 ‘Intro
1132 3658 1178 3716 est
1208 3655 1240 3714 in
1270 3656 1383 3732 locum,

229 3743 310 3802 10100
329 3743 361 3802 10
379 3744 444 3802 1000
467 3744 604 3818 dicimus,
628 3749 662 3804 ut
685 3745 776 3804 etiam
795 3744 874 3821 apud
894 3743 1021 3804 Graecos
1043 3743 1197 3821 1000100
1214 3741 1264 3804 καὶ
1282 3741 1382 3806 ἔνδον.

230 3832 355 3910 ideoque
383 3831 514 3893 Lucilius
546 3835 590 3892 ait
618 3829 712 3893 “nam
743 3828 837 3893 uelut¹
863 3833 943 3893 intro
971 3834 1053 3893 aliud
1082 3835 1171 3912 longe
1198 3853 1261 3894 esse
1289 3838 1383 3910 atque

229 3922 311 3981 intus
334 3921 477 3998 uidemus,
499 3925 541 3982 sic
563 3923 644 3999 apud
665 3941 697 3982 sc
718 3924 807 4001 longe
830 3924 914 3983 01001
939 3942 998 3983 esse
1024 3943 1090 4000 neq.
1114 3923 1214 3983 eadem
1237 3923 1319 3983 ualet
1342 3926 1384 3984 ad

230 4017 263 4073 tc.
308 4014 388 4071 intro
415 4031 469 4072 nos
495 4030 585 4072 uocas
612 4017 644 4071 01
670 4030 732 4072 0000
759 4016 843 4071 10001
869 4007 960 4074 101”.’
1007 4014 1117 4091 Agitur
1146 4013 1183 4072 de
1206 4013 1384 4075 soloecismo

230 4102 350 4178 qualem
377 4120 465 4179 saepe
492 4103 642 4161 commisit
669 4101 815 4177 Lucilius,
842 4103 938 4161 ueluti
965 4101 1016 4161 lib.
1031 4102 1113 4161 XXX
1131 4121 1160 4162 0.
1182 4104 1246 4161 994
1276 4102 1383 4165 incert.

231 4212 258 4250 u.
280 4192 352 4253 960.
385 4193 484 4251 1193:
517 4193 656 4250 similiter
686 4190 796 4249 Lucilii
828 4194 928 4252 aetate
959 4211 1037 4251 anno
1071 4185 1218 4270 632l122
1250 4193 1283 4250 in
1315 4193 1384 4272 lege

231 4279 462 4357 repetundarum
477 4279 579 4340 GILI
595 4281 668 4353 198,
684 4281 724 4339 13
740 4280 881 4340 scribitur
896 4277 939 4340 ‘in
954 4281 1055 4340 urbem
1069 4272 1308 4363 Romam'‘(conf
1315 4277 1384 4365 17).

231 4367 365 4428 Eundem
397 4370 602 4429 soloecismum
634 4369 784 4447 castigant
816 4370 941 4441 Quintil.
960 4370 975 4429 I
995 4373 1028 4445 5,
1048 4370 1091 4430 50
1120 4365 1210 4429 ‘intro
1239 4371 1270 4429 et
1298 4370 1385 4433 intus

230 4457 290 4520 loci
317 4457 471 4518 aduerbia:
510 4453 591 4519 “eo''
625 4462 725 4518 tamen
755 4453 883 4520 “intus’'
912 4462 944 4520 et
970 4454 1073 4518 “intro
1100 4454 1190 4518 sum'’
1214 4460 1386 4523 soloecismi
