3036 5004
211 350 279 415 3OE
636 348 725 404 XXIX
745 369 772 404 u
792 354 942 405 891-821.

211 523 242 578 in
265 521 424 580 libertatem
446 519 557 579 desiisse
580 519 695 580 dictum
717 519 756 578 ad
779 519 947 595 exemplum
970 516 1130 578 locutionis
1154 519 1184 574 in
1202 516 1367 576 ῑῶαέαἰαιι

210 611 372 669 uindicare.
417 609 513 668 Locus
536 609 618 686 sapit
639 609 823 670 comoediam
846 608 994 668 Atticm:
1016 608 1088 667 conl
1103 605 1202 665 Plaut
1221 605 1298 664 Bud.
1319 608 1365 665 44

211 694 261 758 ‘ad
285 699 422 759 lenonem
444 697 579 774 deuenit,
607 699 696 759 minis
718 698 846 776 triginta
869 696 927 758 sibi
949 697 1081 774 puellam
1109 691 1252 755 destinat’
1281 696 1365 772 quod

211 788 342 865 pretium
364 787 479 848 indicat
501 789 658 848 mulierem
680 787 788 848 fidibus
810 787 929 847 doctam
957 805 1020 846 esse
1048 804 1215 862 percaram:
1242 785 1365 844 Terent

211 878 327 937 Pborm.
348 878 411 936 558
437 872 608 956 ‘Triginta'l
631 878 691 953 bui,
715 896 837 956 percara
860 871 932 937 est':
954 875 1033 936 idem
1055 876 1185 953 pretinm
1204 874 1288 933 XXX
1306 876 1366 933 mi·

212 987 318 1028 narum
336 970 491 1043 tamquam
510 967 652 1027 sollemne
670 969 702 1026 iu
720 966 880 1027 comoedia
894 969 1078 1026 memoratur
1095 964 1194 1024 Plaut.
1213 963 1298 1023 Gurc.
1319 965 1364 1023 63

210 1056 338 1117 Mostell.
359 1058 433 1132 300,
457 1056 560 1116 eodem
582 1057 680 1133 pretio
703 1058 788 1117 uenit
805 1057 923 1116 Neaera
940 1058 1062 1115 auctme
1081 1047 1264 1134 [Donostb]
1283 1058 1365 1114 cont.

210 1147 317 1206 Neaer.
337 1148 389 1220 29,
412 1164 466 1206 nec
489 1146 578 1206 aliter
600 1146 689 1207 Isocr.
712 1144 778 1225 περὶ
801 1142 931 1206 &credda
951 1146 1014 1205 288
1038 1148 1101 1216 τοῖς
1124 1139 1178 1221 μὲν
1205 1140 1365 1220 λυομένοις

211 1234 304 1296 εἴκοσι
326 1233 376 1295 nul
398 1233 555 1313 τριάκοντα
573 1243 657 1314 μνῶν
679 1233 732 1309 τὰς
750 1234 912 1313 μελλούσας
929 1231 980 1293 καὶ
1003 1232 1055 1294 τὸν
1076 1230 1167 1293 ἄλλον
1184 1225 1269 1292 olm
1287 1249 1364 1291 συν-

210 1323 395 1404 αναιρήσεινε
414 1323 546 1385 eiusdem
560 1325 651 1403 pretii
664 1327 856 1386 aestimatum
875 1323 967 1383 fuisse
985 1323 1142 1384 Platonem
1160 1320 1256 1382 tradit
1272 1321 1364 1401 Diog.

211 1415 309 1475 Laert.
329 1414 374 1473 III
395 1417 445 1474 20.
491 1414 563 1473 'l'ria
586 1415 641 1474 illa
663 1415 748 1475 milia
770 1414 864 1493 igitur
886 1418 956 1474 sunt
977 1413 1185 1473 drachmarum
1204 1411 1253 1470 uel
1271 1411 1368 1470 denu-⁴

211 1504 333 1579 riorum,
355 1503 502 1564 talentum
527 1503 683 1564 dimidium
704 1505 782 1581 quod
803 1502 980 1581 expenditur
997 1502 1028 1561 in
1046 1501 1161 1580 πόρνης
1177 1500 1277 1561 leues:
1288 1519 1365 1577 *qua

211 1594 247 1654 de
274 1613 307 1653 re
334 1594 406 1653 conf
426 1593 731 1653 Ρ1υ1αωο.ᾶυιᾶιι1.
751 1597 782 1653 et
800 1593 885 1653 amic.
906 1595 947 1653 23
966 1612 995 1669 p.
1015 1591 1092 1651 641¹*
1114 1590 1168 1650 ubi
1194 1589 1284 1667 plura
1310 1591 1365 1649 ad-

213 1685 300 1743 notat
321 1681 578 1759 wyttenbachius.
629 1683 729 1743 Etiam
757 1682 848 1742 uerba
881 1685 914 1741 tn
945 1683 1104 1742 libertatem
1134 1678 1269 1740 redolent
1302 1698 1365 1739 ser-1

212 1791 329 1831 monem
353 1772 501 1831 Atticum:
524 1774 597 1831 conl
616 1776 710 1832 sonu.
728 1773 834 1832 Neaer.
855 1774 897 1832 30
920 1768 1041 1848 ἀφιέναι
1064 1760 1120 1830 ode
1143 1766 1218 1853 αὐτῇ
1245 1766 1366 1846 ἔφασαν

211 1859 253 1933 εἰς
282 1858 455 1939 ἐλευθερίαν
481 1860 574 1940 χιλίας
603 1860 735 1940 δραχμάς
754 1863 793 1922 31
828 1857 987 1941 ιάργόριον
1017 1854 1035 1920 ὃ
1066 1857 1146 1938 παρὰ
1175 1866 1234 1918 τῶν
1264 1855 1366 1918 ἄλλων

211 1947 341 2028 ἐραυνῶν
364 1946 599 2030 ἐδασμυέόρηυεν
621 1947 730 2030 ἐρανον
752 1949 794 2024 εἰς
817 1948 873 2029 τὴν
894 1948 1067 2030 ἐλευθερίαν
1089 1946 1276 2028 συλλέγουσα.

303 2030 386 2101 894.
409 2039 526 2099 Nonius
549 2041 672 2117 pisso,
692 2042 711 2100 9
736 2035 900 2116 ‘inducere
927 2039 1113 2117 persuadere.
1153 2038 1286 2098 Lucilius
1310 2037 1363 2096 lib.

214 2128 370 2189 XXVIII
383 2124 551 2203 “IpIymnIs
566 2123 671 2211 (itaLt
684 2130 746 2188 XX
754 2130 838 2189 VIII
848 2132 939 2204 yemis
951 2127 1149 2205 IymnieGm.
1163 2131 1191 2207 1,
1208 2127 1272 2186 XX
1278 2127 1368 2186 I'III

211 2218 327 2294 bymue's
345 2215 371 2276 G
390 2238 428 2277 m.
450 2210 483 2299 2)
508 2226 563 2304 ego
586 2220 718 2278 animum
740 2222 784 2278 sic
806 2218 914 2279 induco
938 2219 1018 2295 quod
1040 2221 1075 2277 tu
1099 2211 1167 2299 (tua
1187 2208 1229 2297 G)
1252 2216 1290 2275 ab
1316 2216 1365 2275 in-

212 2325 285 2367 sano
309 2302 472 2367 auferas”.’
510 2305 704 2368 Offeuderunt
725 2308 757 2367 in
780 2308 912 2368 numeris
931 2311 961 2367 et
978 2307 1187 2367 Lachmannus
1205 2306 1256 2382 qui
1274 2306 1366 2366 malit

213 2390 353 2473 ‘Hymnis
376 2416 432 2474 ego
455 2396 589 2457 smmum
612 2397 668 2458 boo
690 2393 865 2458 induco’et
882 2397 1053 2472 Muellerus,
1077 2398 1135 2473 qui·
1149 2391 1288 2472 ‘Hy-mnis
1306 2414 1364 2474 ego

212 2487 255 2546 sic
278 2486 411 2546 animum
434 2483 562 2547 induoo’.
605 2487 670 2566 Ego
693 2487 827 2548 faciliore
850 2505 941 2564 opere
969 2486 1098 2546 arbitror
1125 2487 1155 2544 et
1182 2483 1364 2544 sententiam

212 2578 243 2636 et
269 2595 407 2636 numeros
435 2578 546 2655 corrigi
572 2577 598 2636 si
624 2596 679 2655 pro
706 2579 749 2637 sic
774 2578 961 2654 posuerimus
987 2578 1022 2636 st
1074 2573 1263 2652 colloquitur
1294 2593 1365 2634 cum

212 2665 367 2726 meretrice
392 2665 576 2727 adulescens:
604 2685 659 2745 ego
683 2666 709 2725 si
731 2669 877 2746 recogito,
900 2666 979 2742 quod
998 2667 1037 2724 tu
1060 2664 1183 2725 cottidie
1207 2683 1225 2723 a
1246 2682 1294 2721 me
1317 2662 1366 2722 in·

212 2771 284 2815 sano
313 2756 444 2829 auferas,
476 2757 560 2834 piget
590 2775 660 2816 sane
693 2755 731 2815 ab
762 2757 867 2815 lenone
899 2759 929 2814 te
962 2753 1127 2815 abduxisse.
1173 2753 1365 2830 Archetypus

212 2843 350 2904 habuisse
373 2844 495 2904 uidetur
520 2845 581 2903 XX
590 2845 673 2903 VIII
689 2847 814 2921 &ymnis
842 2845 966 2905 barbare
994 2844 1138 2922 scriptum
1165 2861 1233 2920 pru·
1246 2843 1367 2918 temnis

212 2932 264 2993 sed
283 2936 462 2993 correctum:
485 2933 553 2993 inde
572 2954 728 2995 numerum
746 2933 891 2994 XXVIIII
909 2935 1097 3011 recuperauit
1115 2932 1283 2992 Muellerus.
1317 2931 1367 2992 De

212 3025 361 3082 sententia
384 3022 455 3083 conf
470 3022 600 3083 Martial.
620 3023 663 3083 XI
683 3025 725 3083 50
749 3019 845 3083 ‘nullu
868 3028 913 3083 est
935 3023 1009 3082 hora
1031 3023 1101 3098 tibi,
1129 3041 1190 3098 qua
1218 3040 1276 3080 non
1305 3041 1366 3095 me,

212 3111 325 3188 Phylli,
350 3109 497 3190 furentes
523 3113 678 3186 desepelire:
708 3117 794 3172 tante
810 3113 988 3173 ealliditate
1016 3108 1109 3188 rapis'
1139 3106 1251 3193 (Plaut.
1274 3110 1365 3171 True.

214 3192 370 3281 licus-l·
446 3225 451 3233 ·
776 3294 795 3351 5
830 3224 832 3227 ·
939 3224 940 3227 ¹
1083 3222 1084 3225 ‘
1230 3220 1232 3224 ⁸
1303 3222 1315 3228 ⁴·

303 3371 386 3441 895.
414 3379 530 3440 Nonius
553 3400 581 3458 p.
602 3383 714 3457 24,12
746 3376 926 3460 ‘Ignominia
959 3383 1004 3440 est
1035 3378 1164 3440 nominis
1196 3382 1275 3439 nou.
1302 3381 1365 3440 .;2

213 3468 345 3529 Lucilius
364 3467 440 3529 libro
450 3468 604 3530 'XXVIIII
628 3466 773 3546 “Apolost
790 3488 894 3530 nornen
914 3517 964 3528 ...
983 3466 1089 3530 delicis
1103 3517 1131 3528 ..
1148 3516 1153 3527 .
1171 3464 1364 3545 inponere''·.’

213 3558 304 3622 Recte
326 3576 435 3618 omnen
457 3559 569 3620 Iunius.
615 3559 711 3620 Locus
733 3564 856 3638 propter
878 3558 1122 3637 orthographiam
1149 3557 1366 3619 memorabilis:

213 3647 325 3722 apolost
350 3647 496 3725 praebent
522 3649 610 3723 codd,
637 3667 706 3708 eum
733 3652 851 3726 praeter
877 3648 956 3708 huuc
982 3667 1105 3708 uersum
1128 3648 1208 3724 apud
1230 3647 1365 3707 Nonium

214 3735 243 3795 in
258 3736 368 3797 Lucilii
381 3737 558 3817 fragmentis
572 3743 598 3797 st
612 3742 680 3815 post
693 3738 824 3798 uocalem
840 3737 890 3797 lib.
904 3737 1004 3797 XXVI
1017 3758 1046 3797 u.
1067 3738 1130 3797 633
1150 3737 1190 3796 sit
1203 3736 1365 3797 traditum:

213 3825 282 3886 uide
305 3826 364 3886 ind.
388 3827 546 3887 uerborum
566 3846 588 3887 s.
607 3848 635 3886 u.
654 3847 727 3887 νυνι.
749 3861 789 3869 -
809 3827 909 3888 delicie
931 3846 985 3905 pro
1009 3828 1120 3887 deliciis
1142 3825 1266 3903 praebet
1289 3825 1364 3886 item

214 3915 296 3976 Festi
314 3916 404 3976 codex
422 3915 525 3976 iueert.
541 3937 568 3974 u.
586 3919 679 3977 1140.
713 3918 828 3978 macule
847 3922 932 3992 utque
950 3919 1111 3992 premente
1130 3915 1282 3976 coniunxit
1302 3914 1364 3976 (lic.

213 4023 268 4080 pro
286 4004 372 4065 Font.
393 4004 529 4081 asinus
558 4001 678 4083 ‘quibus
701 4010 734 4066 tu
762 4008 906 4084 priuatim
934 4006 1059 4067 iniurias
1082 4007 1232 4084 ⁴plurumas
1259 4008 1365 4065 contu·

213 4094 376 4171 meliusque
394 4090 566 4173 inposuisti'
586 4094 664 4156 idem
684 4096 715 4156 in
733 4095 870 4155 Verr.IV
881 4099 909 4172 9,
921 4099 971 4156 20.
1013 4095 1146 4155 Minatur
1164 4114 1238 4172 puer
1255 4098 1364 4172 poetae

213 4183 352 4244 lutmicus
384 4183 508 4261 quidam
535 4189 698 4246 umatorem
726 4184 853 4245 diuitem
882 4190 912 4244 et
938 4188 1089 4261 potentem
1120 4183 1205 4261 pueri
1228 4186 1364 4245 ulturum

214 4289 276 4332 esse
304 4272 389 4349 pueri
415 4273 554 4333 iniurias:
586 4273 654 4334 uide
686 4293 761 4352 quae
790 4273 999 4348 aduotsuimus
1026 4274 1065 4332 ad
1092 4273 1142 4333 lib.
1162 4273 1221 4332 VII
1239 4295 1267 4332 u.
1288 4276 1363 4333 m

303 4355 385 4423 897.
417 4363 534 4423 Nonius
565 4383 594 4440 p.
615 4365 692 4438 288,
714 4365 754 4423 10
788 4359 978 4437 ‘Detrahere‚
1013 4363 1175 4423 extrahere.
1227 4362 1364 4425 Lucilius

214 4449 264 4511 lib.
284 4450 428 4513 XXVIIII
462 4447 552 4513 “oum
573 4499 578 4510 .
652 4448 857 4525 detrshaut’'.'
909 4453 1004 4512 Varro
1036 4455 1067 4513 in
1100 4452 1276 4513 Prometheo
1306 4456 1366 4512 sat.-
