3030 5002
386 365 676 416 sUPrLaMuNulul
696 365 833 416 curulis
851 366 900 415 Du
920 366 1045 418 NONIO.
1231 365 1294 418 Xlll

157 523 272 578 llerceri

180 612 245 666 pag!
363 559 465 614 lemma

146 712 218 783 139,
255 713 273 768 5
304 704 361 793 99)
385 712 507 790 *mugi-
544 706 748 771 ‘murmurare
790 710 923 771 Lucilius
942 710 1067 770 lib.VII
1086 704 1180 792 (994)
1206 708 1293 772 “mu-

384 803 449 860 nari
587 802 725 879 ginamur
761 801 902 860 molimur
938 796 1163 860 subducimur'’.
1218 801 1293 861 Atto

588 890 683 966 Aquis
712 889 811 950 Caldis
833 937 837 947 .
856 937 861 948 .
877 885 895 948 .’
933 889 1008 950 Vide
1034 892 1083 949 95.
1110 893 1164 950 72:
1189 890 1293 967 Aquae

589 978 699 1039 Caldac
723 978 814 1039 Attae
837 979 950 1038 duobus
974 979 1020 1038 his
1041 979 1133 1039 Nonii
1156 983 1293 1040 nituntur

587 1069 776 1129 testimoniis.

144 1160 216 1232 143,
255 1163 272 1218 6
302 1149 359 1238 30)
382 1157 515 1216 *medis
545 1153 615 1217 ‘non
638 1157 811 1218 balnearum
839 1159 889 1218 sed
913 1160 1066 1218 ministros
1090 1163 1120 1217 et
1143 1161 1292 1219 curatores

382 1250 491 1307 strinos
587 1247 706 1306 aedium
720 1248 854 1325 legimus.
878 1246 1011 1308 Lucilius
1020 1246 1071 1305 lib.
1082 1248 1137 1306 XV
1148 1240 1255 1329 (519),
1268 1295 1291 1308 ..

588 1336 662 1396 Cato
691 1338 722 1394 in
750 1339 916 1414 praeceptis
940 1337 978 1395 ad
1001 1336 1096 1396 filium
1116 1331 1179 1396 ...’
1203 1337 1292 1397 Liber

588 1424 710 1485 Catonis
720 1426 794 1485 alibi
803 1446 862 1485 non
872 1426 1291 1503 memoraturapudNonium:

588 1514 655 1574 uide
676 1517 726 1577 98.
763 1515 788 1574 Ε
808 1515 917 1576 Lucilii
936 1515 1012 1574 libro
1032 1518 1160 1592 sumpsit
1172 1536 1291 1577 uersum

586 1626 614 1681 p.
637 1606 713 1678 193,
734 1606 774 1664 96
808 1605 859 1663 ubi
895 1603 1050 1683 legebatur
1082 1605 1291 1675 Aristocraten,

199 1705 216 1745 Ρ
586 1695 636 1755 hic
658 1696 689 1754 et
712 1715 739 1771 p.
755 1696 829 1767 4Ῑ9,
850 1696 868 1753 3
893 1693 1110 1754 Aierocraeen.

143 1784 216 1856 149,
255 1788 271 1843 'i
302 1776 360 1863 31)
384 1782 485 1860 *peti
544 1779 643 1843 ‘tenue
666 1789 697 1842 et
720 1784 803 1843 exile.
845 1784 979 1842 Lucilius
1002 1784 1053 1844 lib.
1071 1781 1094 1861 †
1114 1784 1171 1843 XII
1190 1777 1291 1867 (imino

381 1873 443 1932 lum
586 1872 671 1932 XXII
705 1865 784 1953 583)
808 1919 815 1930 .
836 1920 868 1931 ..
910 1873 1034 1932 Plautus
1071 1872 1193 1933 Plocino
1218 1922 1223 1934 .
1245 1922 1250 1933 .
1272 1871 1289 1933 .’

586 1961 662 2020 Vide
693 1963 742 2020 96.
768 1965 795 2020 l.
846 1962 960 2022 Nomen
994 1962 1113 2022 fabulae
1144 1963 1199 2023 hoc
1227 1966 1290 2023 solo

586 2053 692 2110 nititur
716 2053 896 2111 testimonio.

141 2142 214 2215 149,
231 2143 271 2199 94
302 2133 359 2220 39)
382 2140 512 2216 **panus
542 2136 676 2214 ‘tramae
691 2141 877 2201 inuoluerunr
895 2189 900 2200 .
916 2188 921 2198 .
939 2187 944 2199 .
959 2141 1093 2200 Lucilius
1106 2139 1290 2219 lib.†VIllI

585 2222 686 2310 (irrisio
705 2230 779 2289 VIII
800 2223 878 2312 998)
900 2230 1109 2290 ...Afranius
1128 2231 1290 2292 Matertera

587 2365 636 2377 ...
656 2319 771 2379 Nonius
796 2317 925 2396 Optione
945 2316 1007 2379 ...’
1034 2319 1168 2379 Eundem
1192 2322 1289 2381 locum

584 2411 721 2485 spectant
754 2408 904 2469 Charisius
943 2413 972 2469 et
1006 2409 1189 2470 Priscianus:
1221 2410 1290 2469 uide

584 2501 740 2559 comment.

139 2589 214 2662 149,
230 2589 270 2645 33
301 2581 356 2668 33)
381 2585 490 2664 *peni
541 2583 570 2645 ‘u
602 2588 753 2647 ueteribus
786 2606 854 2664 pars
887 2590 978 2647 uestis
1006 2589 1123 2647 dicitur.
1175 2589 1289 2648 Ennius

379 2677 526 2736 calamen-
586 2677 637 2736 lib.
656 2677 698 2735 XI
721 2677 838 2736 annalis
938 2677 1070 2738 Lucilius
1101 2677 1152 2736 lib.
1171 2677 1289 2737 XVIIII

378 2770 444 2826 tum
584 2760 741 2848 (565)..
768 2814 773 2824 .
812 2766 957 2826 Caecilius
994 2767 1191 2826 Faeneratore
1216 2814 1221 2825 .
1242 2816 1248 2827 .
1269 2764 1287 2826 .'

585 2855 661 2915 Vide
685 2857 717 2915 6:
746 2856 924 2915 uocabulum
952 2858 999 2916 est
1025 2857 1085 2915 fere
1108 2854 1186 2928 ἅπαξ
1209 2855 1288 2936 εἰρη-

584 2941 687 3021 μένον,
715 2964 731 3005 e
758 2946 911 3022 glossariis
939 2947 1067 3022 sumpsit
1089 2944 1237 3005 Arnobius
1261 2946 1287 3001 V

587 3037 622 3092 11
650 3036 740 3094 sicuti
762 3037 843 3094 utria
865 3034 956 3094 159:
983 3035 1052 3095 uide
1077 3036 1126 3094 65.

137 3124 270 3197 150,17
301 3117 357 3201 94)
381 3142 506 3199 praecox
541 3119 583 3183 ‘et
613 3142 756 3200 praecoca
783 3124 861 3200 quod
890 3127 936 3183 est
963 3125 1122 3184 inmatura.
1173 3125 1288 3184 Ennius

584 3214 687 3273 anuali
700 3213 751 3273 lib.
766 3213 841 3272 VIII
856 3261 861 3271 .
879 3259 884 3269 .
901 3259 906 3270 .
922 3212 1055 3274 Lucilius
1070 3213 1120 3272 lib.
1130 3213 1177 3273 III
1192 3206 1287 3296 (130)

586 3298 772 3382 ...<Varro
800 3298 998 3379 Synephebo>
1018 3302 1203 3363 ...Nouius
1224 3351 1229 3362 .
1247 3352 1252 3363 .
1269 3300 1286 3362 .’

584 3392 665 3451 Idem
698 3393 807 3451 lemma
839 3411 905 3452 cum
942 3394 1005 3451 solo
1041 3393 1107 3452 loco
1144 3393 1288 3454 Varronis

584 3483 701 3558 p.156‚
722 3484 772 3541 31.
820 3481 894 3541 Vide
920 3484 947 3541 s.
974 3484 1001 3540 e.
1027 3483 1077 3540 es.

139 3573 215 3645 151,
253 3573 271 3631 3
302 3563 358 3650 35)
382 3570 493 3647 *prae
540 3567 581 3629 ‘et
618 3590 765 3644 omasum,
802 3574 902 3647 partes
939 3573 1036 3630 carnis
1069 3575 1099 3630 et
1132 3573 1286 3631 uiscerum.

381 3660 474 3718 cisum
583 3661 716 3719 Naeuius
749 3660 887 3719 Erularia
912 3706 918 3718 .
940 3707 971 3718 ..
996 3660 1129 3720 Lucilius
1162 3661 1213 3720 lib.
1232 3661 1287 3721 XX

584 3741 679 3830 (569)
695 3745 743 3808 ...’
760 3750 868 3808 Naeuii
887 3749 990 3809 fabula
1009 3750 1083 3809 alibi
1101 3769 1160 3809 non
1176 3769 1286 3810 memo·

583 3841 676 3898 ratur.

138 3931 270 4002 151,19
301 3920 358 4006 36)
382 3928 458 4005 *prt-
539 3922 585 3987 ‘ex
613 3929 697 3988 eluta
724 3929 866 3987 sacculus
917 3928 1042 3988 Plautus
1071 3928 1285 3990 Rudente...

380 4019 493 4078 sceolus
582 4016 715 4077 Lucilius
734 4017 784 4076 lib.
799 4017 873 4076 XIH
892 4009 987 4097 (446)
1008 4064 1013 4075 .
1030 4064 1035 4076 .
1052 4063 1057 4075 .
1074 4017 1148 4077 cato
1162 4019 1194 4076 in
1209 4017 1286 4077 Pan·

583 4125 647 4166 sam
667 4102 728 4165 ...’
776 4105 880 4166 Oratio
908 4106 981 4165 alibi
1010 4126 1068 4166 non
1097 4111 1285 4167 memoratur.

583 4195 659 4254 Vide
684 4197 734 4254 98.

135 4288 212 4359 154,
229 4287 270 4345 97
302 4276 359 4362 3ἳ)
382 4283 415 4321 **
429 4286 486 4361 pri·
539 4279 604 4361 ‘pro
631 4287 727 4361 prime
757 4288 788 4344 et
809 4287 948 4361 primitus
972 4305 1025 4361 pro
1049 4287 1154 4362 primo.
1200 4286 1285 4346 Pom-

381 4375 469 4432 miter
583 4377 691 4450 ponius
705 4374 814 4434 Maccis
832 4373 985 4434 Geminis.
1002 4420 1007 4431 .
1024 4421 1030 4432 .
1052 4374 1182 4434 Lucilius
1196 4375 1247 4434 lib.
1259 4376 1285 4431 V

584 4456 678 4544 (198)
708 4459 807 4524 ‘siordi
835 4483 901 4522 cum
929 4466 1040 4538 primos
1068 4463 1138 4522 ficos
1160 4464 1286 4539 propola
