3000 5002
519 346 615 401 ineest.
636 345 693 399 sed.
713 363 740 398 u.
762 350 947 400 raes-rasa.
1247 347 1311 410 411

164 514 248 574 libris
271 514 352 574 XXX
380 505 475 595 (974)
502 513 601 574 XXVI
629 504 672 594 (u.
695 506 788 595 611),
815 533 910 591 neque
937 513 1067 574 XXVHI
1098 534 1193 591 neque
1216 515 1313 575 XXIX

163 604 234 664 libri
257 605 369 681 poterit
391 622 454 665 esse
476 623 572 681 neque
594 604 709 664 XXVII
727 624 823 680 neque
840 603 939 665 XXVI
958 603 1008 664 ille
1027 624 1130 665 uersus
1149 604 1313 680 dactylicus

164 693 216 754 sed
238 692 511 770 probabilissimum
534 693 593 753 erit
615 712 682 753 eum
705 693 806 753 deberi
824 695 1019 773 grammatico
1038 694 1130 754 Nonii
1150 695 1265 753 auctori
1283 696 1314 754 et

164 783 255 844 fuisse
286 802 303 842 e
334 782 411 843 libro
434 783 521 842 XVII
553 785 602 842 oui
628 782 765 843 tribuunt
795 781 1002 853 Quiohoratius
1034 787 1063 842 et
1096 784 1312 843 lachmannus.

165 872 250 942 Quod
277 871 388 931 excidit
413 874 490 946 socie
516 873 622 949 utique
650 876 695 933 est
722 872 856 946 datiuus3
886 892 977 949 quare
1000 876 1069 949 post
1091 889 1209 946 corpore
1232 872 1313 931 abla-

163 963 259 1020 tiuum
278 960 420 1021 excidisse
438 962 536 1020 ueluti
549 962 704 1035 pulchrius
722 961 913 1021 statuendum
935 966 988 1022 est.
1030 960 1074 1022 De
1093 961 1313 1039 pulchritudine

165 1052 323 1110 muliorum
346 1048 481 1110 Lucilius
504 1050 567 1128 egit
589 1050 639 1109 lib.
653 1050 741 1110 XVII
759 1071 807 1110 uu.
829 1052 893 1112 540
907 1069 988 1129 seqq.

257 1132 362 1201 leat.
385 1139 491 1200 Festus
517 1159 545 1217 p.
563 1141 641 1215 290,
662 1143 703 1200 10
732 1135 878 1217 ‘Suppum
911 1142 1028 1218 antiqui
1060 1139 1199 1200 dicebant
1226 1159 1314 1216 quam

164 1248 243 1291 nunc
269 1231 409 1307 supinum
437 1229 562 1289 dicimus
662 1231 724 1289 eius
752 1229 892 1290 uocabuli
920 1232 1056 1289 meminit
1078 1229 1170 1290 etiam
1191 1229 1314 1299 Lucius,

166 1312 217 1379 “si
235 1364 242 1377 .
258 1365 263 1377 .
280 1365 287 1377 .
306 1319 428 1398 suggeri
460 1310 530 1400 (sic)
564 1314 721 1397 suppus’'.'
773 1318 817 1378 De
849 1321 998 1395 scriptura
1029 1322 1145 1396 support
1176 1319 1245 1379 uide
1275 1319 1315 1378 ad

164 1410 278 1484 cognitu
296 1410 398 1469 insert.
417 1428 446 1468 u.
467 1409 562 1467 1235.
599 1408 643 1468 De
661 1426 774 1485 suppus
788 1408 947 1469 Muellems
967 1407 1092 1469 adnotat
1110 1400 1227 1489 (insert.
1244 1399 1314 1489 72)ι

165 1493 289 1575 ‘suppus
320 1497 400 1557 idem
432 1497 513 1575 quod
543 1498 701 1574 superbus,
732 1499 791 1558 nisi
819 1497 921 1573 fallor,
952 1501 987 1557 ut
1015 1498 1090 1558 alias
1116 1499 1241 1572 supinas
1266 1498 1315 1557 uel

163 1581 341 1661 resupinus’.
381 1585 515 1663 Suppum
535 1606 597 1647 esse
615 1587 755 1663 supinum
769 1586 875 1647 Verrio
894 1586 1070 1646 credendum
1091 1606 1153 1648 esse
1173 1587 1314 1647 arbitror:

165 1676 215 1735 sed
239 1676 275 1735 de
299 1676 379 1736 fastu
402 1676 451 1736 uel
473 1676 612 1753 superbia
635 1677 756 1736 omnino
778 1678 810 1735 in
833 1677 889 1737 hoc
912 1695 1001 1736 uersu
1024 1680 1122 1737 aetum
1147 1695 1209 1737 esse
1228 1696 1315 1755 argur

164 1769 297 1826 mentum
325 1765 446 1826 minime
474 1765 596 1826 indicat.
643 1764 674 1824 Si
704 1766 822 1825 mulieri
844 1765 920 1826 nihil
943 1766 1005 1841 das,
1028 1768 1107 1826 irata
1130 1765 1187 1826 tibi
1210 1766 1315 1844 pedem

164 1857 267 1915 struit:
290 1858 316 1915 si
339 1875 410 1917 uero
434 1855 497 1931 das,
521 1859 551 1916 et
573 1855 716 1916 ambabus
740 1859 897 1934 argentum
920 1855 1018 1916 adfers
1037 1855 1174 1916 manibus
1193 1874 1315 1934 corpore

165 1947 289 2022 supinus
311 1949 434 2024 propter
457 1963 646 2005 nummorum
669 1964 743 2022 quos
766 1963 869 2006 saccus
892 1944 1025 2005 continet
1043 1945 1158 2023 pondus
1176 1946 1316 2019 immane,

165 2037 195 2094 te
219 2038 389 2095 contemnet
411 2036 446 2094 ut
468 2034 525 2093 sibi
548 2034 700 2094 addIetum
724 2036 755 2093 et
777 2054 878 2095 amore
901 2034 990 2112 plane
1010 2034 1170 2111 perditum.
1212 2033 1316 2095 Solent

164 2122 306 2183 uidelicet
337 2124 389 2199 qui
421 2126 564 2200 grauiora
595 2142 686 2184 onera
717 2123 860 2185 ambabus
896 2123 1037 2184 adierunt
1071 2124 1208 2183 manibus
1245 2127 1315 2184 ante

165 2214 300 2271 uentrem
329 2213 446 2288 positis,
477 2216 569 2288 caput
599 2212 754 2289 paululum
783 2215 892 2273 reicere
921 2215 952 2272 et
978 2213 1127 2273 reflectere
1153 2215 1314 2274 retrorsum

166 2320 225 2377 quo
252 2303 335 2361 motu
362 2299 480 2377 pondus
507 2301 633 2361 nimium
661 2301 741 2379 quod
769 2302 916 2378 dependet
942 2302 979 2361 de
1002 2303 1138 2363 manibus
1160 2302 1193 2361 in
1215 2305 1317 2362 antica

165 2391 297 2466 eorporis
334 2392 418 2467 parte
455 2393 609 2467 tamquam
646 2391 677 2450 in
715 2393 830 2451 trutina
862 2394 1048 2468 exaequetur.
1103 2390 1187 2451 Libri
1219 2392 1315 2451 XXIX

167 2479 286 2539 uidetur
308 2479 400 2539 fuisse
423 2498 539 2540 uersus:
562 2481 633 2539 conf
653 2499 681 2540 u.
697 2481 771 2539 666.

256 2560 364 2629 1298.
392 2568 497 2628 Festus
529 2588 556 2646 p.
574 2570 652 2644 206,
672 2571 712 2629 26
747 2564 942 2628 ‘Petauristas
974 2568 1107 2628 Lucilius
1140 2589 1158 2628 a
1190 2572 1315 2646 petauro

166 2651 306 2738 (procuro
333 2659 382 2717 aa
408 2660 509 2735 petere
536 2650 651 2739 opopa)
679 2657 845 2736 appellatos
873 2658 1043 2718 existimare
1072 2658 1203 2729 mooun,
1227 2678 1314 2734 quom

165 2749 210 2807 ait
233 2742 346 2807 “sicuti
373 2746 537 2806 mechanici
565 2766 632 2808 oum
660 2748 722 2807 alto
749 2748 878 2807 exiluere
905 2749 1028 2824 peteuro
1056 2739 1192 2827 (petauro
1216 2766 1314 2822 sepeqr.

173 2837 261 2895 Vetto.
282 2828 417 2918 3³69)'’.
463 2836 506 2896 At
528 2837 633 2896 Aelius
656 2835 734 2897 Stilo
756 2831 875 2915 <quod>
897 2836 927 2894 in
957 2854 1024 2895 aere
1047 2837 1158 2911 uolent,
1182 2856 1248 2896 cum
1272 2839 1316 2896 ait

167 2921 359 2986 “Petaurista
391 2928 510 3002 proprie
538 2924 648 2987 eroe
679 2925 759 3001 ideo,
792 2925 920 3003 quodis
950 2924 1025 3002 πρὸς
1052 2921 1123 3002 ἀέρα
1150 2920 1314 2986 πὲιαται”.’

166 3015 352 3076 Petauristas
388 3015 500 3076 similes
537 3016 600 3076 siue
636 3017 862 3092 petauristarios
899 3018 1132 3074 commemorant
1169 3015 1315 3094 astrologi

166 3106 261 3165 ueluti
288 3104 428 3165 Manetho
451 3104 581 3165 111443
610 3102 787 3182 ἱσταμένους
819 3104 915 3184 γυίοις
946 3101 1113 3184 ἐναλίγκιον
1144 3100 1316 3184 ὀρνίθεσσιν

166 3190 364 3272 πιλναμὲνσνς
401 3215 430 3253 τε
468 3191 606 3270 νέφεσσιν
642 3185 684 3253 ἐπ’
719 3190 871 3272 ἠνεμόεντι
907 3192 1036 3278 meredorp
1069 3186 1155 3272 (coni
1174 3192 1218 3254 IV
1238 3195 1316 3269 2783

167 3283 321 3344 claudian.
344 3284 453 3362 Paneg.
477 3283 568 3343 Manl.
595 3282 702 3343 Theod.
728 3302 806 3344 cons.
832 3285 895 3343 320
928 3304 956 3360 p.
978 3284 1040 3342 168
1065 3283 1141 3343 Birt
1170 3278 1232 3343 ‘uel
1264 3284 1316 3360 qui

167 3393 247 3434 more
272 3375 374 3433 auium
397 3392 459 3432 sese
482 3373 651 3432 iaculentur
672 3375 704 3432 in
728 3366 827 3432 auras’
845 3372 947 3431 quen.
966 3371 1038 3431 XlV
1058 3373 1120 3431 265
1146 3368 1197 3432 ‘an
1219 3374 1315 3451 magis

166 3463 318 3523 oblectant
336 3462 468 3521 animum
486 3464 599 3523 iactata
617 3465 742 3539 petauro
761 3455 912 3543 corpora’)
931 3462 1033 3521 Manil.
1048 3461 1076 3515 V
1095 3464 1160 3522 440
1180 3457 1316 3538 ‘corpora

167 3572 243 3629 quae
280 3551 382 3612 ualido
419 3550 532 3612 saliunt
567 3570 688 3612 excussa
719 3556 844 3629 petauro
877 3552 1066 3627 alternosque
1098 3552 1177 3611 cient
1207 3554 1315 3625 motus,

167 3641 283 3702 delatus
306 3645 337 3701 et
359 3641 410 3700 ille
430 3661 508 3701 nunc
527 3642 613 3717 iacet,
632 3645 722 3719 atque
741 3642 828 3701 huius
847 3660 917 3700 casu
936 3639 1127 3718 suspenditur
1144 3636 1207 3701 ills'
1228 3659 1315 3717 quem

167 3732 264 3791 locum
284 3724 428 3807 Corpetus
452 3732 568 3790 attulit:
590 3733 678 3790 uaria
701 3751 811 3810 genera
829 3730 973 3791 eiusmodi
993 3730 1130 3791 ludorum
1146 3729 1317 3789 describunt

166 3819 297 3878 Martial.
316 3819 348 3878 11
367 3821 419 3894 86,
439 3822 457 3878 7
477 3820 519 3878 XI
539 3822 590 3894 21,
610 3821 628 3879 3
649 3819 766 3880 Petron.
782 3821 823 3880 53
844 3823 916 3879 extr.
932 3819 1034 3879 Galen.
1049 3821 1191 3897 protrept.
1206 3838 1270 3896 cap.
1287 3821 1315 3878 9,

168 3906 227 3967 Sed
248 3908 425 3968 mechanicos
448 3908 535 3968 istius
558 3911 675 3986 generis
702 3909 837 3969 homines
865 3909 1032 3986 appellatos
1056 3907 1146 3967 fuisse
1170 3926 1316 3983 nusquam

168 4000 213 4057 est
236 3996 395 4056 traditum:
427 3995 619 4057 nominantur
651 4000 730 4057 enim
762 3996 840 4057 fabri
867 3997 947 4074 apud
976 3996 1125 4057 Romanos
1153 3997 1315 4057 mechanici

168 4076 263 4166 (Suet.
283 4084 429 4162 Vosp.18
459 4083 699 4146 Columlll10
726 4079 821 4167 init),
853 4085 941 4146 sicuti
974 4085 1052 4162 apud
1080 4083 1208 4145 Graecos
1235 4085 1316 4144 Hero

167 4175 318 4251 pneuuul
341 4194 371 4252 p.
391 4177 424 4251 2,
449 4177 467 4235 5
497 4175 594 4235 Sohm„
618 4175 755 4234 meminit
776 4183 835 4234 τῶν
858 4177 992 4235 παλαιῶν
1015 4170 1190 4252 φιλοσόφων
1215 4196 1242 4235 τε
1266 4172 1315 4234 aui

168 4272 338 4342 μηχανικῶν
367 4284 395 4341 p.
411 4266 529 4339 456,4
557 4263 620 4341 ipse
648 4264 734 4324 audit
761 4260 965 4343 ὁμηχανικός.
1009 4264 1117 4340 Itaque
1145 4282 1211 4323 oum
1234 4263 1316 4324 Festi

167 4354 259 4414 uerba
283 4350 458 4415 ‘existimare
481 4349 608 4413 ubldur’
631 4353 816 4413 dubitantem
836 4353 871 4413 de
890 4353 1038 4412 sententia
1055 4351 1165 4412 Lucilii
1187 4352 1317 4430 prodant

168 4446 329 4519 auctorem,
342 4443 451 4504 rectius
466 4443 523 4503 erit
537 4443 637 4503 fabros
649 4442 833 4521 intellegere,
847 4443 908 4522 qui,
922 4442 1009 4503 sicuti
1024 4441 1133 4504 milites
1152 4441 1316 4506 obsessores
