3036 5004
222 345 287 410 262
642 341 743 395 xxva
762 360 788 395 u.
809 345 958 396 rai-sae,

223 519 257 575 tu
289 516 368 574 certe
400 532 448 573 me
480 512 560 572 sinas
592 512 667 571 illud
699 513 809 571 facere:
846 530 900 590 ego
933 510 1047 571 confido
1082 530 1129 570 me
1161 509 1279 569 consilii
1315 512 1376 570 mei

225 606 371 665 rationem
394 621 480 681 posse
502 597 645 662 reddere’.

314 685 396 755 732.
419 693 535 753 Nonius
554 714 582 770 p.
603 693 655 767 37,
675 692 694 749 8
720 686 842 751 ‘Multas
864 693 978 751 ueteres
1001 691 1105 751 molles
1123 691 1272 767 appellari
1289 691 1375 750 uolu-

224 787 324 859 erunt,
353 781 520 857 aGraeco‚
548 782 635 857 qnasi
658 782 797 841 malacus.
843 779 976 840 Lucilius
998 779 1050 840 lib.
1069 780 1184 839 XXVII
1212 776 1376 840 “insanum

225 878 332 934 uocum
347 920 352 931 .
369 919 374 930 .
392 919 397 930 .
412 867 536 931 ιιλδα1”.’
574 870 741 947 Porphyris
765 870 804 930 ad
821 869 893 930 Hor.
913 889 998 929 serm.
1017 871 1033 929 I
1053 872 1080 944 2,
1102 871 1142 928 25
1164 865 1376 930 “‘Malthinus

226 963 336 1023 tunicis
356 956 524 1022 demissia’':
548 961 602 1021 sub
620 961 762 1020 Malthini
781 961 899 1019 nomine
919 959 1041 1035 quidam
1059 960 1261 1019 Maecenatem
1279 962 1377 1037 suspi-

226 1056 332 1113 cantur
354 1050 525 1128 significari
566 1050 613 1109 Ab
637 1071 668 1109 re
691 1053 793 1110 tamen
816 1069 924 1109 nomen
947 1049 1039 1108 finxit.
1077 1049 1192 1108 Maliba
1215 1052 1294 1108 enim
1311 1070 1376 1110 ma-

223 1144 304 1202 lacus
329 1136 459 1200 dicitur'.
492 1139 599 1199 Pollux
616 1139 643 1198 X
664 1141 704 1198 58
730 1136 746 1200 δ
770 1133 798 1198 δ’
824 1136 900 1199 ἐνὼν
918 1149 953 1222 τῇ
972 1138 1106 1198 πινακίδι
1124 1137 1215 1219 κηρὸς
1233 1136 1253 1219 ἢ
1272 1138 1376 1217 μύλθη

225 1227 244 1310 ἢ
273 1229 374 1309 μύλθα
398 1230 495 1290 Schol.
514 1230 636 1290 Theocr.
656 1229 715 1288 VH
737 1230 798 1288 105
833 1227 987 1306 μαλθακὸς
1019 1224 1035 1288 δ
1067 1227 1227 1308 τρυφερός,
1258 1226 1290 1289 ἐκ
1323 1237 1377 1307 τῆς

227 1319 353 1399 μάλθης.
386 1319 462 1397 αὕτη
486 1315 518 1378 δέ
541 1317 600 1380 ἔστι
622 1317 714 1398 κηρὸς
731 1315 847 1402 ύμόργῃ
866 1315 1092 1395 σννηψημὲνος·
1116 1318 1231 1399 χρίουσι
1249 1315 1281 1378 δὲ
1300 1317 1377 1402 αὐτῇ

226 1407 278 1482 τὰς
301 1418 359 1469 τῶν
383 1409 514 1469 σανίδων
536 1406 718 1488 γομφώσεις·
742 1401 792 1484 ἀφ’
818 1399 855 1467 οὗ
879 1405 929 1467 διδι
951 1407 1006 1486 τὴν
1029 1405 1148 1468 ἔκλυσιν
1170 1404 1220 1467 καλ
1247 1408 1279 1469 τὸ
1306 1431 1376 1488 τρυ-

227 1498 320 1579 φερὸν
343 1497 392 1558 καί
415 1497 447 1557 τὸ
470 1495 502 1558 ἐν
525 1502 564 1580 τῷ
584 1497 639 1581 βίῳ
662 1495 825 1576 λοιδόρημα
846 1493 963 1576 λέγεται.
1000 1498 1141 1574 Turpiter
1159 1499 1248 1559 homo
1266 1498 1378 1558 dicitur

225 1590 325 1649 mollis
348 1592 503 1664 tamquam
526 1607 605 1647 cera:
630 1589 662 1645 at
684 1589 716 1644 in
739 1587 824 1646 molli
847 1590 878 1646 et
900 1586 1029 1647 delicata
1048 1587 1159 1647 femina
1178 1606 1261 1647 cerea
1279 1586 1378 1667 figmra

224 1678 367 1738 laudatur
402 1678 499 1737 ueluti
536 1696 555 1736 a
590 1676 763 1736 Philodemo
790 1676 843 1735 ΑΡ
865 1676 908 1734 IX
928 1678 992 1736 570
1021 1669 1063 1760 (p.
1083 1677 1153 1736 XIV
1179 1678 1215 1736 ed
1242 1670 1375 1759 Kaibel.)

224 1763 335 1831 Ξανθὼ
362 1763 558 1846 κηρόπλασιε,
586 1765 742 1846 μυρόγροε,
772 1765 1019 1844 μουσοπρόσωπε,
1047 1762 1162 1844 εύλαλε,
1192 1766 1377 1848 διπτερύγων

227 1855 317 1917 καλὸν
330 1852 446 1937 ύγαλμα
461 1854 592 1916 Πύθωνι
610 1857 749 1915 similiter
762 1855 859 1915 Varro
874 1856 1049 1932 Menippeas
1063 1859 1118 1915 sat.
1132 1856 1262 1933 Menipp.
1279 1858 1376 1916 432ss

225 1942 491 2023 ‘Chrysosandalos
514 1946 595 2005 locat
622 1945 678 2004 sibi
707 1946 865 2005 amiculam
894 1946 930 2004 de
957 1947 1036 2005 lacte
1064 1949 1094 2004 et
1121 1965 1189 2005 cera
1212 1947 1377 2006 Tarentina

225 2055 315 2114 quam
338 2055 409 2114 apes
431 2035 566 2096 Milesiae
589 2037 741 2115 coegerint
765 2055 801 2095 ex
829 2035 965 2095 omnibus
992 2035 1113 2095 floribus
1140 2035 1283 2112 libantes,
1311 2037 1376 2095 sine

226 2144 291 2186 osse
314 2128 345 2185 et
367 2124 475 2200 neruis,
498 2127 563 2185 sine
585 2125 672 2202 pelle,
696 2125 758 2184 sine
781 2125 861 2202 pilia,
884 2144 991 2201 puram
1011 2128 1116 2202 putam
1133 2145 1287 2203 proceram
1305 2145 1376 2184 can·

225 2216 326 2275 didam
348 2218 482 2275 teneram
510 2209 682 2274 formosam'
711 2214 763 2274 ubi
790 2216 893 2293 apium
921 2216 1040 2274 nomine
1062 2214 1246 2275 Milesiarum
1274 2219 1376 2292 aperte

226 2305 368 2365 Sisennae
391 2304 576 2364 Milesiarum
604 2304 707 2364 stilum
735 2304 849 2364 indicat
876 2304 1011 2382 scriptor.
1057 2304 1102 2363 De
1131 2305 1280 2365 sententia
1307 2306 1380 2365 conf

224 2394 296 2454 Hor.
316 2413 400 2454 serm.
419 2395 450 2454 H
471 2396 500 2469 3,
521 2396 560 2453 77
586 2389 733 2470 ‘quisquis
756 2395 920 2454 ambitione
947 2395 1027 2453 mala
1056 2397 1110 2453 aut
1137 2397 1254 2472 argenti
1281 2395 1376 2471 pallet

225 2503 337 2558 amore,
374 2485 509 2560 quisquis
541 2484 660 2543 luxuria
691 2484 810 2544 tristius
842 2485 1053 2559 superstitione
1085 2488 1138 2543 aut
1170 2485 1229 2543 alio
1266 2485 1376 2544 mentis

225 2574 328 2634 morbo
356 2574 446 2634 calet:
477 2574 536 2634 huc
564 2573 686 2651 propius
709 2592 769 2647 me,
801 2571 872 2631 dum
900 2572 990 2632 doceo
1018 2575 1149 2634 insanire
1181 2575 1277 2634 omnis
1309 2593 1373 2650 uos,

228 2663 331 2724 ordine
354 2659 445 2724 adite’
466 2654 725 2744 (Frieblaendems
749 2661 787 2721 ad
805 2661 907 2722 quen.
926 2662 958 2721 Π
978 2655 1043 2744 17).
1079 2663 1187 2740 Itaque
1207 2663 1376 2723 Stoicorum

228 2753 393 2825 doctrinam
417 2754 518 2831 tangit
540 2755 642 2830 poeta:
665 2751 734 2810 uide
758 2751 796 2812 ab
818 2752 921 2812 incert.
940 2773 969 2811 u.
990 2754 1084 2812 1178.

317 2834 397 2904 733.
416 2843 531 2902 Nonius
540 2862 569 2919 p.
582 2843 633 2917 74,
643 2844 685 2902 20
701 2837 828 2901 ‘Arrium
842 2861 896 2920 pro
907 2842 1032 2901 aridum.
1056 2841 1250 2903 Luciliuslib.
1260 2842 1376 2903 XXVII

225 2924 358 3012 (XXVI
367 2923 532 3013 Guelferb.)
557 2926 686 2991 “ardum
702 2977 708 2989 .
725 2978 731 2989 .
747 2977 753 2988 .
767 2934 884 3006 mommo
902 2933 1043 2992 sabaeum
1061 2928 1190 2992 cocot”.’
1225 2931 1375 2992 Sabaeum

225 3041 244 3080 a
268 3021 414 3099 producta
440 3023 667 3098 pronuntiatum
695 3039 757 3081 esse
785 3020 895 3081 Lucilii
923 3024 1022 3080 aetate
1049 3024 1167 3101 egregie
1194 3022 1243 3082 hic
1270 3041 1376 3082 uersus

227 3113 369 3169 testatur:
393 3111 498 3170 contra
521 3105 621 3188 ‘poma
644 3105 758 3170 abbuci'
777 3110 839 3170 Ser.
859 3109 1008 3170 Sammon.
1029 3113 1080 3186 47,
1104 3112 1182 3170 idem
1203 3114 1244 3170 97
1269 3107 1377 3188 ‘parua

226 3193 363 3259 sabucue'
390 3200 463 3261 333.
483 3201 561 3259 498:
589 3198 728 3276 sabucus,
751 3219 810 3260 non
834 3199 991 3261 sambucus
1014 3205 1129 3276 ponunt
1151 3203 1183 3259 in
1202 3200 1294 3260 Plinii
1313 3204 1375 3261 nat.

224 3289 294 3348 hist.
318 3287 454 3348 editores.
509 3290 621 3364 lignum
652 3291 770 3369 egregie
801 3289 918 3349 lunius:
956 3289 1134 3350 uocabulum
1163 3293 1288 3368 uulgare
1320 3295 1375 3365 est

228 3379 365 3438 similiter
383 3377 488 3438 Graeci
512 3377 613 3450 ξύλονι
637 3378 753 3438 Gallim.
771 3379 871 3455 hymn.
891 3379 922 3438 in
943 3377 1006 3439 Ger.
1026 3381 1069 3440 40
1092 3378 1212 3440 αἴσθετο
1231 3378 1375 3459 Δαμάτηρ

226 3466 270 3527 ὅτι
293 3466 324 3527 οί
344 3466 432 3540 ξύλον
455 3465 535 3548 ἱερὸν
553 3464 633 3549 ύλγει
652 3469 704 3528 ΑΡ
721 3469 764 3528 IX
784 3470 848 3527 414
868 3464 886 3546 ἡ
906 3468 1067 3548 παλίονρος
1085 3466 1152 3549 ἐγώ,
1175 3468 1265 3548 τρηχὺ
1284 3468 1375 3541 ξύλον

226 3556 366 3636 Septuag.
386 3555 490 3617 Genea.
509 3557 577 3618 119
602 3555 652 3617 καί
676 3553 851 3630 ἐξανέτειλεν
879 3554 894 3616 δ
923 3557 994 3630 θεὸς
1021 3556 1062 3618 ἔτι
1089 3556 1121 3619 ἐκ
1149 3566 1201 3638 τῆς
1229 3566 1283 3638 γῆς
1310 3566 1373 3618 πᾶν

225 3645 314 3719 ξύλον
337 3643 467 3725 ὡραῖον.
484 3694 490 3705 .
506 3644 576 3706 ,καὶ
599 3646 631 3708 τὸ
654 3646 744 3719 ξύλον
766 3655 819 3725 τῆς
838 3648 912 3726 ζωῆς
930 3645 963 3708 ἕν
982 3644 1059 3733 μέσῳ
1078 3653 1117 3731 τῷ
1132 3647 1300 3732 παραδείσῳ
1320 3648 1374 3708 ubi

224 3736 331 3795 Latine
354 3739 482 3796 uertitur
504 3754 587 3796 omne
609 3737 722 3812 lignum
744 3738 775 3796 et
796 3738 909 3812 ligo-um
932 3740 1018 3798 uitae.
1056 3738 1125 3798 Alio
1149 3739 1237 3799 modo
1262 3737 1375 3798 Seneca

226 3828 311 3903 epist.
329 3828 401 3900 101,
423 3828 462 3885 14
486 3825 522 3884 de
546 3845 630 3886 cruce
653 3822 787 3885 ‘adactus
806 3826 844 3885 ad
862 3827 939 3886 illud
958 3827 1061 3887 infelix
1079 3823 1216 3907 lignnm’,
1241 3827 1299 3888 Cic.
1319 3849 1374 3905 pro

225 3915 287 3973 Mil.
309 3916 349 3975 33
379 3910 477 3976 ‘clodi
493 3961 498 3972 .
515 3962 520 3973 .
538 3962 543 3972 .
559 3915 686 3975 cadauer
701 3962 706 3973 .
723 3963 728 3974 .
745 3963 751 3974 .
766 3916 978 3978 infelicissimis
1010 3919 1101 3996 lignis
1133 3913 1376 3978 semustilatum’.

224 4003 281 4064 Pro
305 4006 500 4065 miserrimum
523 4005 597 4064 codd
620 4006 801 4082 optimorum
824 4006 927 4066 multis
952 4007 1067 4083 placuit
1094 4009 1264 4068 miseriraum
1294 4007 1374 4082 quod

226 4112 272 4170 ap.
291 4093 423 4153 Nonium
442 4094 461 4152 l.
481 4113 502 4154 s.
526 4093 671 4171 praebent
700 4095 774 4155 codd
802 4095 993 4156 Florentinus
1022 4100 1052 4156 et
1075 4097 1255 4156 Harleianus
1278 4096 1375 4155 ueluti

227 4181 408 4242 Stowassero
430 4183 505 4243 stud.
525 4182 652 4243 Vindob.
672 4183 699 4239 V
721 4186 804 4244 1883
824 4206 853 4262 p.
874 4186 937 4245 253
957 4186 1138 4247 Buechelero
1159 4186 1254 4247 Germ.
1274 4186 1373 4244 Latin.

225 4271 327 4349 Epigr.
346 4271 377 4330 Π
395 4293 423 4349 p.
444 4274 518 4347 840,
540 4274 634 4348 1826,
655 4276 687 4332 2:
711 4293 765 4353 ego
789 4274 1046 4336 adulescentulum
1067 4296 1114 4335 me
1133 4277 1255 4336 memini
1274 4294 1375 4335 coram

226 4362 369 4438 magistro
402 4362 557 4421 defendere
590 4361 733 4423 traditam
759 4363 791 4422 in
819 4363 871 4423 La
898 4365 1056 4425 lectionem
1088 4366 1176 4425 sicuti
1206 4367 1263 4426 feci
1295 4365 1373 4426 stud.

226 4449 319 4508 Lucil.
338 4471 366 4527 p.
387 4451 442 4509 35:
470 4470 566 4528 neque
598 4453 676 4511 enim
713 4452 806 4512 ullam
842 4453 931 4513 fidem
963 4452 1093 4515 arbitror
1129 4474 1191 4516 esse
1227 4474 1306 4515 nunc
1341 4457 1374 4514 in
