3030 5002
195 355 240 421 44
576 352 647 409 Η5,
666 356 780 417 ee-es.
816 352 855 408 111
872 370 899 407 n.
920 356 961 406 95.

195 525 302 604 uagari
324 519 447 602 passim’
472 543 496 584 5.
511 543 538 601 q.
554 542 575 584 s.
601 514 901 604 (55511155555555
923 521 960 584 de
982 522 1046 584 iure
1069 521 1149 599 publ.
1168 541 1197 599 p.
1212 519 1341 584 151Π1

195 605 313 697 (1887)
336 633 365 691 p.
381 615 455 689 541,
474 604 517 694 2).
558 612 664 690 155555
686 630 746 673 555
769 630 845 690 opus
863 611 1007 689 estquod
1025 610 1057 671 P.
1072 611 1225 674 Manutius
1243 612 1345 689 posuit

195 704 446 782 prodromum:
472 703 642 777 mammea·
670 702 776 762 chorus
803 702 850 762 est
875 719 984 762 corona
1010 700 1128 777 reliqua
1150 700 1200 761 uel
1222 703 1344 764 5555555

196 792 386 870 pertinetque
405 793 501 852 omnis
519 794 550 851 55
572 791 610 851 ad
633 794 733 851 turma
751 792 783 851 et
802 790 840 852 ad
855 790 974 852 chorus:
997 790 1108 870 Vergil.
1124 788 1260 870 Georgl
1279 793 1342 854 345

197 879 319 944 ‘circum
329 882 400 942 felir
410 881 568 942 esthostia
581 882 682 959 fruges
695 883 791 942 omnis
806 899 896 958 55555
910 881 1017 941 chorus
1031 883 1062 940 et
1074 881 1148 941 socii
1163 882 1343 942 comitentur

196 968 332 1033 ouantes’
357 970 567 1032 1115115549
598 966 772 1032 ‘Catilinam
798 972 914 1031 interea
940 969 1069 1031 alacrem
1101 973 1192 1048 55555
1222 970 1344 1046 laetum,

195 1063 340 1139 stipatum
359 1061 448 1122 choro
465 1060 640 1136 iuuentutis,
657 1060 806 1120 uallatum
823 1058 970 1121 indicibus
988 1061 1079 1136 atque
1097 1056 1223 1120 sicariis
1239 1080 1264 1121 e.
1278 1079 1306 1138 5.
1321 1078 1343 1120 s.

197 1151 266 1212 uide
288 1151 348 1210 ind.
368 1169 492 1230 gramm.
511 1169 533 1210 s.
552 1171 580 1209 5.
603 1149 814 1226 hendisdyoin.
836 1181 881 1192 —-

289 1242 339 1301 94.
367 1241 461 1301 bostis
476 1285 483 1298 .
499 1286 505 1297 .
521 1287 527 1298 .
546 1232 698 1320 inimicus]
722 1239 869 1318 pedestris
887 1239 1030 1301 sermonis
1049 1239 1208 1316 scriptores
1225 1238 1344 1300 inuerso

196 1330 299 1390 ordine
322 1322 397 1412 (Cic.
416 1329 453 1388 de
475 1329 621 1389 1555551
644 1331 705 1389 105
728 1330 760 1388 15
783 1328 866 1388 Verr.
886 1331 942 1388 555.
961 1327 993 1390 Π
1010 1328 1042 1389 Π
1062 1329 1103 1390 58
1126 1328 1163 1389 (15
1185 1326 1277 1387 fiu.V
1300 1329 1342 1389 29

195 1420 261 1480 Liu.
275 1418 400 1480 XXXIX
416 1421 467 1493 28,
488 1421 528 1479 13
554 1417 634 1478 Suet
653 1417 729 1497 Aug.
751 1409 821 1500 69),
849 1419 918 1479 uide
945 1417 983 1478 ad
1010 1418 1113 1478 incert.
1133 1438 1160 1478 5.
1182 1417 1275 1478 1334.
1301 1449 1343 1460 -

196 1508 294 1570 Simili
322 1509 387 1570 ioco
414 1527 485 1569 usus
509 1503 555 1578 ’0.
568 1507 716 1568 Lucienus
743 1509 875 1583 senator,
906 1508 995 1568 bomo
1030 1509 1169 1585 quamuis
1195 1506 1344 1568 humanus

196 1616 231 1658 ac
252 1601 377 1673 incusas,
399 1597 557 1673 introiens,
580 1597 738 1658 familiaris
762 1597 895 1658 omnium
917 1598 1066 1672 55555555,
1090 1592 1346 1674 “Synepirotae'',

195 1689 296 1764 inquit
318 1683 523 1748 “chaerete’”
548 1706 595 1763 ap.
610 1686 696 1747 Varr.
715 1706 770 1747 rer.
789 1689 861 1748 rust.
875 1686 908 1748 H
928 1688 957 1762 5,
977 1691 1005 1746 1.

284 1769 344 1840 95.
376 1777 463 1838 Iocus
494 1777 539 1836 ita
570 1775 701 1836 breuiter
728 1778 759 1836 et
786 1776 904 1838 exiliter
929 1778 1070 1837 narratur
1096 1794 1116 1835 s
1143 1773 1283 1837 01555555
1310 1779 1346 1835 55

195 1868 319 1928 lectores
355 1885 456 1931 omnes
489 1863 639 1926 Ciceronis
671 1866 810 1943 55555155
842 1884 951 1946 gnaros
983 1865 1074 1928 fuisse
1106 1865 1227 1926 fabulae
1262 1865 1346 1926 illius

194 1956 361 2035 putandum
388 1956 429 2016 515
455 1974 533 2032 5555
560 1955 610 2014 uix
641 1955 763 2015 aliunde
785 1955 886 2034 potuit
907 1957 1091 2016 innotescere
1113 1956 1172 2016 nisi
1197 1975 1212 2014 5
1234 1953 1344 2016 Lucilii

195 2045 313 2106 saturis.
354 2045 428 2105 Rem
451 2045 547 2122 ipsam
565 2045 611 2104 ita
629 2048 749 2105 enarrat
766 2044 935 2106 Ellendtius
953 2047 985 2104 15
1004 2046 1216 2106 commentario
1235 2064 1264 2121 p.
1280 2046 1345 2105 310

197 2131 352 2196 ‘Albucius
375 2134 549 2196 Scaeuolam
579 2134 615 2194 (15
642 2134 815 2212 repetundis
842 2136 1007 2210 accusauit,
1035 2135 1074 2195 ad
1096 2133 1251 2212 probanda
1272 2152 1345 2194 uero

195 2244 231 2285 55
262 2243 339 2302 quae
369 2223 530 2285 Scaeuolae
563 2223 711 2284 obiecerat
743 2223 825 2284 Albii
857 2223 977 2285 tabulas
1009 2224 1144 2302 protulit.
1201 2222 1346 2284 Scaeuola

194 2313 326 2374 iudicum
349 2313 504 2375 sententiis
528 2313 681 2374 absolutus
704 2316 763 2375 est:
785 2312 868 2372 Albii
891 2314 985 2392 igitur
1002 2313 1123 2374 tabulas
1142 2313 1234 2373 falsas
1252 2313 1344 2374 151555

194 2403 301 2464 iisdem
329 2403 483 2464 sententiis
509 2402 677 2463 iudicatum
705 2406 756 2463 555.
804 2400 933 2463 Granius
960 2403 1066 2482 igitur,
1094 2403 1216 2480 quidam
1243 2422 1279 2463 ex
1305 2404 1345 2463 iis

196 2493 248 2569 qui
281 2493 418 2566 aderant,
455 2492 627 2571 obiurgauit
662 2492 799 2568 Albium,
836 2495 888 2569 551
924 2494 955 2553 55
991 2492 1135 2570 gauderet
1171 2491 1344 2552 Scaeuolam
1472 2546 1476 2555 .

195 2581 365 2643 absolutum
398 2600 460 2642 esse
493 2584 524 2642 et
555 2601 614 2641 non
646 2582 762 2642 uideret
793 2585 898 2642 contra
929 2600 998 2642 suus
1030 2581 1148 2643 tabulas
1179 2581 1343 2641 iudicatum

195 2668 279 2733 esse'.
332 2670 460 2731 Granius
488 2670 588 2732 Crassi
619 2672 690 2731 5555,
716 2670 874 2732 familiaris
907 2664 981 2752 (dic.
996 2672 1080 2731 Β555.
1096 2672 1152 2745 43,
1181 2662 1259 2752 160)
1292 2671 1345 2747 551

195 2781 286 2840 gener
313 2763 378 2822 erat
405 2759 580 2834 Scaeuolae,
607 2760 713 2821 Albius
740 2762 859 2838 ineptus
887 2760 1010 2821 fauebat
1037 2760 1159 2835 uictori,
1186 2759 1345 2820 Albucium

196 2851 324 2912 amicum
346 2854 382 2910 55
404 2852 519 2912 uictum
543 2851 729 2928 contempsit.
775 2848 880 2910 Grauii
902 2850 934 2909 iu
958 2849 1080 2911 Albium
1104 2849 1226 2926 aliquod
1249 2850 1346 2910 facete

196 2939 309 3001 dictum
327 2941 359 2999 in
378 2958 482 3003 uersus
501 2941 667 3001 coniecerat
684 2941 774 3018 poeta
792 2933 875 3023 (uide
893 2940 943 3000 lib.
958 2940 1002 3001 XI
1015 2960 1043 3000 5.
1054 2930 1133 3020 411)
1152 2941 1205 3018 551
1222 2941 1344 3016 periere.

662 3168 875 3177 —v———0—

737 3407 809 3494 ΙΙΙ.

284 3556 344 3626 96.
367 3563 535 3642 Porphyrio
563 3563 601 3625 sd
623 3563 875 3641 Hor.serm.15‚
897 3569 928 3626 1:
957 3561 1086 3627 ‘Lucilio
1115 3558 1219 3647 ba[e]c
1242 3568 1346 3643 satyra

196 3653 364 3717 aemuletur
377 3653 521 3715 Horatius
539 3655 599 3714 iter
612 3673 699 3715 snum
713 3673 732 3716 a
744 3654 842 3715 Home
854 3655 1054 3717 Brundesium
1069 3673 1163 3732 usque
1177 3655 1346 3716 describens

196 3744 275 3822 quod
298 3744 458 3804 55111515
480 3744 570 3804 tertio
593 3744 670 3805 libro
693 3745 774 3816 fecit,
804 3746 902 3821 primo
926 3765 943 3804 a
966 3744 1062 3806 Roma
1086 3744 1219 3823 Capuam
1242 3763 1346 3822 usque,

196 3837 227 3894 et
257 3834 326 3894 inde
358 3833 467 3893 fretum
507 3829 682 3895 Siciliense?
736 3833 846 3894 Lucilii
876 3853 996 3912 poema,
1028 3836 1081 3912 qui
1108 3835 1345 3914 geographorum

196 3922 376 3985 Graecorum
395 3924 514 3983 uidetur
532 3942 595 3984 esse
614 3925 732 3984 secutus
750 3925 926 4002 exemplum,
946 3926 1015 3984 ante
1029 3924 1189 3985 Horatium
1207 3925 1344 3984 imitatus

196 4014 243 4075 est
264 4011 374 4074 Caesar
400 4015 538 4090 poemate
566 4008 658 4090 ‘quod
685 4013 860 4073 inscribitur
887 4013 949 4073 Iter
1048 4013 1119 4072 dum
1148 4012 1185 4073 ab
1213 4012 1286 4073 urbe
1312 4015 1344 4071 in

195 4102 374 4180 Hispaniam
407 4103 578 4164 ulteriorem
610 4103 718 4180 555555
750 4104 781 4162 55
812 4103 955 4163 uicesimo
987 4100 1034 4162 die
1066 4097 1213 4180 peruenit’
1248 4093 1343 4180 (Suet.

197 4189 278 4251 (laes.
295 4183 365 4271 56),
393 4192 638 4271 singulorumque
665 4192 781 4251 dierum
809 4191 907 4252 XXIV
930 4192 1030 4270 spatia
1058 4192 1090 4252 55
1118 4209 1210 4269 opera
1237 4190 1345 4252 055555

196 4280 259 4358 ipse
277 4279 380 4339 eodem
398 4280 486 4341 modo
504 4280 640 4343 55551555
659 4284 814 4342 exsecutus
831 4283 896 4342 erat
914 4300 975 4358 qno
987 4279 1133 4342 Horatius
1146 4279 1199 4340 XV
1219 4278 1344 4340 dierum.

196 4368 309 4430 Eodem
335 4371 468 4446 tempore
492 4370 617 4449 Valgius
640 4370 671 4430 in
695 4370 798 4450 elegiis
822 4362 922 4450 (HPR
945 4391 973 4447 p.
994 4371 1068 4445 343,
1088 4370 1108 4429 4
1132 4361 1254 4449 Β5515.)
1286 4367 1345 4430 iter

197 4458 385 4535 descripsisse
412 4458 534 4520 uidetur
561 4460 675 4521 lactum
702 4461 735 4521 in
759 4459 859 4521 Gallia
885 4458 1039 4537 cisalpina
1085 4458 1158 4521 Post
1184 4458 1345 4522 Horatium
