3060 5010
228 367 289 431 113
530 345 534 350 ’
676 361 739 415 vul
757 379 783 414 u.
804 367 952 415 all-313.

224 554 350 611 superne
374 534 466 611 liugit
487 527 603 591 undes’:
627 532 679 608 qui
702 531 850 591 inuenerit
867 531 924 589 hoc
942 533 1112 590 omnicolore
1131 530 1168 589 ed
1187 529 1266 607 quod
1285 550 1373 590 uoca-

224 624 329 684 bulum
356 623 518 701 pertineat,
548 621 573 681 is
601 639 720 680 uersum
748 619 923 680 emendabit.
971 621 1114 681 Escarum
1141 624 1172 679 et
1199 620 1371 680 deliciarum

225 718 321 775 strues
352 712 471 772 uidetur
503 729 566 771 esse
596 710 747 786 descripta
783 709 901 787 qualem
938 713 1084 770 memorat
1119 729 1207 770 cocus
1238 709 1372 769 Alexidis

226 802 302 864 OAF
320 803 351 862 Π
370 822 398 879 p.
418 799 519 862 3351<
537 820 565 859 u.
588 802 626 859 12
656 796 704 860 ἐπὶ
735 796 767 859 τὸ
797 797 927 879 τάγηνον
958 797 1103 876 φυκίδας,
1135 796 1250 876 ψήττας
1281 797 1373 875 τινάς,

224 892 346 973 καρῖδα,
374 891 493 968 φύκην,
519 887 645 968 κωβιόν,
668 884 793 968 πέρκην,
821 887 935 968 σκάρον
954 907 970 943 κ
991 907 1007 943 e
1026 881 1125 970 (deest
1147 907 1226 948 unus
1253 880 1372 963 uersus)

225 980 350 1057 ἐποίησά
371 973 397 1040 τ’
423 977 495 1040 αὐτὸ
518 976 726 1059 ποικιλώτερον
748 985 816 1038 ταῶ.
861 978 919 1037 Pro
941 979 1067 1053 fomento
1089 977 1296 1038 Lachmanuus
1314 995 1373 1036 mo·

225 1075 327 1146 mento,
349 1069 456 1130 melius
474 1067 671 1129 Baehrensius
695 1072 818 1128 omaso:
842 1070 994 1128 omentum
1018 1068 1096 1127 enim
1118 1067 1201 1126 idem
1219 1068 1265 1126 est
1283 1069 1373 1142 atque

225 1158 369 1220 ἐπίπλουν
389 1151 511 1241 (Athen.
525 1158 572 1218 III
590 1178 619 1234 p.
642 1159 703 1218 106
715 1149 788 1239 EF).
826 1155 868 1215 At
886 1174 1009 1217 caesura
1026 1174 1129 1216 uersus
1148 1155 1265 1216 laboret
1283 1174 1372 1231 quem

227 1250 422 1309 alienatione
440 1248 597 1308 restituere
615 1267 674 1308 non
693 1247 858 1323 poterimus
876 1246 935 1305 nisi
953 1247 979 1305 si
997 1244 1176 1307 uocabulum
1195 1247 1264 1306 ante
1283 1247 1373 1305 emel-

227 1339 319 1398 cotorc
342 1337 483 1398 excidisse
506 1340 680 1399 statuemus.
725 1337 832 1413 Itaque
853 1336 934 1394 boeto
957 1336 1078 1411 inseruI,
1101 1338 1136 1395 ut
1159 1334 1234 1395 (lato
1257 1334 1293 1394 de
1312 1354 1373 1413 egr.

226 1430 296 1488 oult.
311 1429 341 1503 8,
357 1431 375 1487 2
396 1424 462 1487 ‘sub
480 1427 554 1488 urbe
571 1427 691 1487 bortum
710 1445 796 1485 omne
813 1443 917 1504 genus,
938 1428 1147 1485 coronamenta
1164 1443 1251 1485 omne
1269 1419 1373 1503 genus'

226 1519 297 1577 Hor.
317 1537 403 1578 serm.
422 1517 453 1577 11
472 1519 502 1590 4,
523 1517 562 1575 16
588 1511 718 1593 ‘inriguo
737 1514 812 1574 nihil
835 1516 881 1575 est
903 1515 1013 1574 elutius
1035 1509 1143 1575 horto’.
1180 1514 1281 1574 Anum
1298 1512 1373 1573 diui·-

226 1611 287 1666 tem
314 1607 496 1683 permulsam
523 1605 668 1678 fomento,
695 1604 791 1680 pomis
819 1603 925 1679 uariis,
952 1604 1100 1664 colostrae
1128 1603 1242 1664 deliciis
1272 1606 1375 1682 captat

225 1695 398 1772 heredipete
425 1695 475 1754 uel
503 1693 580 1753 alius
610 1694 685 1770 quis.
737 1692 781 1750 De
813 1693 945 1753 fomento
975 1692 1055 1770 quod
1086 1693 1206 1754 seruaui
1235 1692 1304 1752 uide
1336 1691 1375 1753 ad

227 1784 277 1844 lib.
296 1785 394 1843 XXIX
412 1805 440 1842 u.
461 1785 534 1842 813.

317 1865 400 1935 312.
423 1872 539 1933 Nonius
563 1891 597 1930 ex
620 1870 815 1949 grammatico
839 1890 867 1947 p.
888 1873 962 1947 217,
982 1873 1021 1930 21
1049 1867 1210 1932 ‘Posticum
1230 1871 1374 1931 ...Titi-

227 1963 295 2022 nius
318 1965 424 2022 neutro
445 2008 495 2021 ...
514 1961 574 2020 diei
595 1959 712 2037 probat.
733 2007 783 2019 ...
802 1959 936 2020 Lucilius
958 1959 1010 2020 lib.
1030 1961 1104 2020 VIII
1128 1956 1314 2038 “pistrinum
1330 2007 1335 2019 .
1350 2008 1374 2019 ..

229 2046 374 2112 culina”.’
408 2050 593 2111 Describitur
607 2049 712 2109 domus
730 2053 831 2127 partes
848 2051 980 2127 posticae
998 2053 1131 2127 tempore
1145 2050 1254 2111 Lucilii
1273 2051 1376 2128 quales

227 2143 317 2201 luere.
354 2140 491 2217 Apparet
512 2139 720 2198 domnaedium
742 2139 873 2198 nondum
893 2141 994 2216 petere
1012 2158 1120 2216 panem
1139 2158 1158 2199 a
1175 2139 1287 2216 pistore
1305 2159 1376 2199 uen-

228 2230 324 2304 dente,
347 2229 398 2290 sed
418 2248 505 2290 suum
523 2228 603 2288 domi
621 2227 730 2287 habere
749 2231 780 2288 et
797 2229 958 2307 pistrinum
977 2232 1008 2289 et
1024 2229 1198 2305 panificium
1216 2248 1375 2305 seruosque

228 2321 356 2396 pistores
379 2311 470 2400 (Plin.
489 2320 550 2378 net.
569 2317 638 2378 hist.
657 2317 760 2377 XVIII
780 2320 857 2379 107:
880 2318 977 2378 Plaut.
996 2319 1079 2378 Asin.
1101 2321 1165 2379 200
1188 2318 1226 2377 ed
1248 2317 1377 2379 Graecos

228 2426 325 2469 mores
347 2400 486 2490 spectet).
523 2406 608 2476 Quod
627 2406 700 2466 dicit
718 2408 893 2482 adpositum,
915 2407 946 2467 id
964 2408 1114 2486 significet
1135 2412 1236 2482 aptum
1254 2412 1285 2467 et
1303 2426 1376 2468 eem-

228 2499 354 2575 modum,
376 2501 412 2558 ut
430 2497 489 2558 (lic.
507 2496 544 2556 de
563 2495 623 2556 inu.
642 2496 658 2554 I
677 2497 707 2571 6,
727 2499 745 2557 6
771 2492 879 2557 ‘dicere
907 2496 1043 2574 apposite
1066 2497 1105 2557 ad
1132 2493 1376 2575 persuasionem'.

229 2589 325 2647 Varro
348 2607 403 2647 rer.
422 2589 495 2648 rust.
514 2586 530 2645 I
550 2588 601 2663 23,
622 2588 638 2644 1
665 2581 739 2646 ‘alia
761 2588 841 2646 enim
859 2587 925 2647 loca
943 2586 1082 2663 adposita
1100 2590 1171 2647 sunt
1188 2587 1228 2647 sd
1244 2582 1375 2648 faenum’

228 2677 259 2736 II
279 2680 308 2752 7,
328 2678 346 2735 5
372 2673 414 2736 ‘et
436 2696 503 2737 cnm
525 2680 572 2737 est
594 2695 691 2754 aeger,
715 2676 753 2736 ed
775 2676 951 2735 medendum
974 2671 1138 2752 adpositus’
1165 2676 1223 2737 cic.
1247 2676 1294 2737 ad.
1312 2676 1376 2736 Att.

228 2766 275 2824 III
295 2769 346 2841 14,
366 2770 384 2826 2
410 2761 525 2826 ‘uerum
549 2765 587 2825 ab
609 2767 676 2844 ipso
698 2765 764 2825 loco
787 2765 908 2826 minime
927 2765 1064 2843 apposito
1084 2764 1122 2824 ed
1140 2765 1327 2825 tolerandam
1345 2767 1377 2825 in

229 2857 314 2915 tento
341 2856 423 2915 luctu
452 2850 666 2916 calamitatem’
694 2855 726 2914 in
749 2854 832 2914 Verr.
852 2853 894 2913 IV
915 2856 977 2914 126
1008 2850 1116 2914 ‘multo
1145 2854 1310 2932 adpositior
1339 2855 1377 2914 ad

228 2944 351 3004 ferenda
374 2963 464 3022 quam
487 2944 526 3004 ad
549 2944 712 3004 auferenda
734 2939 841 3022 signa’.
887 2943 983 3021 Prope
1006 2943 1167 3021 pistrinum
1190 2947 1260 3005 sunt
1284 2947 1377 3021 posti-

230 3052 296 3093 cum
325 3033 404 3110 quod
431 3034 542 3093 habent
569 3034 656 3094 aedes
685 3034 882 3110 Pompeianae
911 3031 970 3093 fere
999 3050 1113 3108 omnes,
1145 3036 1210 3092 tum
1242 3033 1315 3093 sella
1348 3036 1379 3092 et

229 3123 337 3182 culina.
388 3121 470 3192 Quae
500 3123 636 3201 Pompeis
668 3125 840 3200 saepissime
873 3125 937 3182 arte
969 3123 1144 3182 coniunctae
1176 3124 1246 3182 sunt
1277 3125 1377 3199 partes

230 3211 348 3286 domus,
370 3211 466 3272 ueluti
488 3215 521 3272 in
543 3212 631 3272 domo
653 3211 799 3288 Lucretii,
829 3210 986 3272 Castorum
1009 3231 1086 3288 quae
1109 3210 1232 3287 dicitur,
1260 3212 1377 3288 Popidii

127 3364 128 3368 ,
230 3298 360 3359 Secundi
387 3293 601 3383 (Overbeolrius
624 3300 742 3362 Meuius
766 3301 900 3379 Pompeii
923 3301 967 3361 ed.
987 3301 1031 3360 IV
1054 3322 1083 3379 p.
1103 3292 1192 3383 339).
1238 3302 1305 3362 Non
1332 3306 1378 3362 cst

231 3389 310 3466 quod
333 3391 406 3450 sellu
428 3394 576 3452 mutemus
594 3381 681 3472 (cello
700 3383 907 3472 Guilelmius):
931 3390 1039 3451 docent
1057 3392 1133 3452 sella
1151 3391 1224 3468 quid
1244 3391 1284 3452 sit
1304 3390 1377 3451 Cato

230 3478 267 3539 de
290 3497 352 3557 egr.
372 3479 441 3540 cult
463 3482 535 3555 167,
557 3483 594 3539 11
622 3475 690 3540 ‘sub
713 3481 818 3540 sellem
840 3480 1002 3557 supponite
1025 3484 1186 3558 pertusam.
1214 3499 1249 3541 eo
1273 3481 1379 3540 mulier

231 3563 360 3629 adsidst'
385 3567 481 3629 Varro
499 3588 555 3628 rer.
574 3572 646 3628 rust.
665 3569 681 3627 Ι
702 3571 791 3644 13,4
823 3568 859 3628 de
887 3569 1088 3647 sterquilinio:
1122 3565 1165 3628 ‘in
1193 3589 1287 3647 eoque
1315 3570 1378 3645 qui·

231 3658 300 3717 dam
314 3657 402 3717 sellas
416 3657 610 3718 familiaricas
623 3655 751 3735 ponunt'
768 3651 1005 3741 (Dittenbergeri
1017 3657 1130 3738 Syllog.
1147 3657 1191 3718 ed.
1207 3659 1236 3718 II
1251 3660 1378 3733 834,10

231 3743 281 3806 καὶ
308 3744 340 3807 τὸ
364 3743 538 3825 οἰκημάτων
564 3745 597 3808 τὸ
624 3744 672 3807 ἐπὶ
700 3756 753 3809 τοῦ
780 3755 956 3829 κοιτρῶνος.
1002 3747 1129 3808 Latrina
1156 3747 1235 3807 enim
1263 3747 1378 3808 Lucilio

232 3839 277 3896 est
299 3835 451 3896 balineum
474 3828 539 3918 (lib.
559 3836 602 3895 VI
620 3856 648 3895 u.
669 3838 732 3897 253
756 3838 799 3897 XI
818 3858 845 3897 u.
865 3839 954 3898 400.

321 3917 404 3988 313.
427 3926 542 3986 Nonius
565 3928 710 4003 p.4,10
739 3922 883 3987 ‘Tolutim
912 3926 1023 3986 dicitnr
1054 3926 1141 4003 quasi
1169 3925 1298 3987 uolutim
1330 3927 1378 3985 uel

232 4015 413 4076 solubiliter.
435 4014 583 4075 ...idem
608 4008 689 4096 (ilem
711 4010 861 4099 impressi)
885 4014 1019 4076 Lucilius
1041 4018 1212 4093 satyrarum
1235 4015 1286 4076 lib.
1305 4015 1379 4075 VIII

233 4098 282 4163 “si
297 4123 383 4163 omne
398 4094 525 4185 (οιανιοιο
538 4105 562 4164 L
577 4126 615 4164 m.
632 4108 648 4164 1
662 4096 702 4186 G)
716 4104 776 4165 iter
788 4098 879 4187 (inter
889 4096 928 4186 G)
943 4103 1048 4166 euadit
1061 4104 1251 4182 studiumque
1265 4107 1379 4166 aocliue

231 4187 397 4251 tolutim”.'
449 4194 668 4271 Saepenumero
698 4195 734 4253 de
766 4213 842 4271 equo
875 4213 930 4254 suo
960 4194 1096 4272 loquitur
1126 4213 1217 4271 eques
1244 4195 1379 4256 Lucilius

232 4279 364 4355 artisque
393 4283 540 4341 uocabula
568 4282 713 4359 equestris
740 4283 832 4344 habet
857 4283 889 4342 in
915 4282 1032 4344 deliciis
1059 4284 1147 4345 sicuti
1180 4285 1293 4344 tolute‘m
1323 4285 1380 4346 hoo

232 4369 297 4427 loco
321 4372 351 4428 et
372 4372 507 4430 studium.
546 4369 624 4431 Cous
640 4371 675 4432 de
695 4372 780 4448 equis
798 4371 944 4431 Hiberum
962 4392 1039 4449 quae
1058 4373 1235 4435 Posidonius
1254 4373 1380 4435 tradidit

232 4475 280 4534 ap.
304 4456 401 4516 Strab.
425 4457 471 4518 III
493 4480 522 4536 p.
549 4461 611 4520 163
627 4460 702 4519 med.
740 4456 958 4540 δεδιδαγμένον
998 4460 1099 4524 ἰἰτιτων
1136 4459 1299 4543 ὀρειβατεῖν
1329 4462 1379 4524 καὶ
