3030 5002
226 342 269 408 98
742 345 799 400 la.
819 351 861 401 σι.

225 516 419 592 wusumptus
456 516 514 575 est:
551 514 639 575 auida
675 515 754 576 enim
786 513 942 575 abdomine
975 514 1118 575 deuorato
1145 559 1151 572 .
1174 560 1179 571 .
1203 561 1208 572 .
1234 510 1373 593 spiribrm

225 599 375 663 reddidit’.
408 635 452 645 —
483 603 563 683 Lege
594 603 711 666 Licinia
747 604 783 664 de
819 604 907 665 modo
944 603 1191 664 salsamentorum
1227 605 1375 665 statutum

226 696 299 768 erat,
321 712 358 753 ne
382 693 513 770 amplius
535 693 657 754 daretur
679 696 879 771 apponeretur
906 692 1152 753 salsamentorum
1176 692 1275 771 pondo
1297 693 1376 754 libra

227 774 368 863 (Macrub.
389 781 451 845 Sat.
465 782 513 842 III
534 785 584 858 17,
604 776 651 865 9):
670 784 800 844 multum
818 783 896 843 anim
915 784 979 842 tum
997 778 1155 862 ὀψοφαγία
1167 783 1374 861 grassabatur.

226 870 365 931 Ceterum
392 872 428 932 de
454 873 578 933 interitu
610 874 681 933 talis
708 868 871 951 ὀψοφάγον
894 874 1014 949 scripsit
1035 871 1191 950 perediam
1213 873 1375 951 Hipponax

226 959 958 1040 frg.ssBuorp.pess.1ud.1p.3sBraneus.
1001 960 1142 1040 Saporda,
1164 966 1322 1042 κορακῖνος
1341 982 1375 1023 ex

226 1050 323 1110 Ponto
351 1042 445 1133 (Pars.
460 1051 488 1108 V
505 1043 597 1133 134),
631 1047 734 1130 ‘genus
762 1052 883 1129 pessimi
914 1047 1015 1128 piscis’
1049 1043 1171 1132 (Festus
1199 1071 1228 1128 p.
1250 1043 1375 1132 324M)

227 1142 430 1200 contemnitur
447 1139 486 1200 ab
504 1141 697 1202 Archestratc
717 1140 798 1220 apud
816 1140 981 1200 achsam
998 1160 1027 1217 p.
1040 1144 1101 1200 111
1113 1139 1149 1199 A·
1160 1159 1255 1218 usque
1273 1143 1376 1221 magui

226 1229 261 1289 fit
283 1228 321 1289 ab
344 1228 493 1309 Amphide
516 1231 534 1289 l.
549 1230 646 1291 svn
664 1252 692 1309 p.
709 1229 816 1290 309A
839 1221 924 1307 (coni
935 1250 963 1308 p.
980 1230 1044 1290 308
1059 1220 1105 1308 Ρ).
1153 1228 1269 1290 Silurus
1287 1233 1376 1309 puter

227 1312 306 1398 (qu.
321 1318 393 1379 XIV
409 1311 496 1402 132),
514 1318 628 1400 σαπρός
642 1312 743 1400 (Diod.
758 1338 831 1380 com.
846 1338 894 1395 ap.
908 1317 1016 1379 Athen.
1030 1318 1075 1378 Vl
1088 1339 1117 1397 p.
1134 1318 1234 1379 assu
1249 1319 1376 1396 Sopater

226 1400 456 1489 repascit)
484 1409 574 1486 piscis
598 1409 680 1484 uilis,
710 1409 746 1469 de
770 1428 828 1486 quc
851 1410 923 1468 conf
942 1408 1017 1468 Plin.
1037 1411 1098 1468 nat.
1117 1408 1185 1468 hist.
1200 1408 1314 1469 XXXII
1333 1411 1375 1469 94

228 1494 351 1558 ‘Aluum
375 1499 491 1559 emollit
511 1499 623 1560 silurum
646 1518 660 1560 c
682 1501 747 1559 iure
769 1501 801 1557 et
821 1497 946 1575 torpedo
968 1500 1000 1558 in
1023 1497 1096 1559 cibo.
1139 1498 1179 1557 lIt
1198 1499 1263 1559 olus
1286 1502 1375 1559 mari·

226 1606 297 1647 uum
322 1587 419 1647 simile
441 1590 553 1663 satius,
582 1589 734 1650 stomacho
761 1589 929 1662 inimicum,
956 1588 1059 1647 aluum
1087 1587 1229 1647 facilhme
1256 1591 1376 1666 purgat,

227 1676 278 1737 sed
304 1679 427 1755 propter
454 1678 647 1738 acrimoniam
675 1697 742 1737 cum
769 1679 874 1756 pingui
901 1696 988 1736 carue
1011 1679 1162 1754 coquitur,
1190 1682 1221 1737 et
1244 1679 1376 1737 omnium

226 1767 355 1843 piscium
372 1761 439 1826 ius'.
480 1767 589 1844 Itaque
607 1767 695 1827 sicuti
718 1768 879 1845 cephalaea
897 1766 1044 1827 acharnae
1063 1769 1093 1826 et
1111 1765 1272 1826 abdomina
1289 1769 1376 1827 tuuni

226 1857 300 1915 baec
328 1855 508 1916 salsamenta
537 1856 569 1916 in
596 1874 669 1917 cena
698 1856 778 1932 Lupi
806 1855 879 1916 data
908 1855 999 1916 fuisse
1028 1855 1183 1932 probabile
1213 1858 1258 1916 est
1288 1857 1377 1917 sicuti

226 1942 351 2005 εἰσιοῦσι
373 1944 441 2004 iura
462 1943 547 2005 siluri
570 1945 751 2022 praebentur
772 1946 805 2004 in
823 1965 872 2005 uu.
896 1945 1014 2022 Diphili
1036 1964 1128 2022 supra
1146 1944 1184 2006 ad
1202 1965 1250 2005 uu
1266 1948 1318 2006 49.
1334 1947 1377 2006 50
1486 2020 1488 2023 ¹

228 2034 392 2110 adscriptis.
443 2034 511 2095 Dici
541 2037 615 2112 puto
648 2034 727 2095 hunc
759 2054 877 2095 uersum
905 2055 925 2094 a
951 2034 1006 2095 deo
1035 2035 1149 2112 anuo,
1179 2034 1232 2112 qui
1259 2035 1377 2112 Lupum

227 2123 330 2183 uideat
352 2125 483 2184 animam
506 2124 657 2185 siflantsm
674 2126 784 2186 mortes
803 2125 916 2185 multas
936 2143 1120 2200 enumerans,
1143 2142 1216 2201 quas
1234 2125 1376 2185 mortales

227 2214 372 2290 oppetant
393 2215 459 2273 ioco
482 2215 608 2274 fortasse
631 2215 722 2275 simili
745 2214 880 2274 adhibito
903 2214 1063 2274 Horatiani
1086 2214 1201 2275 serml
1221 2214 1250 2287 9,
1270 2215 1309 2274 31

339 2333 439 2399 ‘Hunc
461 2328 557 2414 neque
580 2339 646 2399 dira
667 2359 782 2399 uenena
805 2359 859 2400 nec
881 2339 1012 2401 hosticus
1035 2339 1152 2398 auferet
1173 2339 1261 2413 ensis,

338 2446 392 2487 nec
414 2426 542 2487 laterum
565 2427 652 2488 dolor
674 2431 727 2489 aut
749 2431 849 2504 tussis,
873 2447 927 2489 nec
949 2428 1037 2488 tarda
1059 2427 1203 2506 podagra,

339 2517 477 2595 garrulus
500 2517 579 2578 hunc
602 2517 721 2594 quando
745 2521 899 2579 consumet
921 2513 1067 2594 cumque?

228 2658 306 2719 (loni
317 2659 465 2721 Semonid.
481 2679 528 2737 ap.
539 2659 620 2721 Stob.
632 2660 693 2721 flor.
706 2662 757 2735 98,
770 2663 809 2721 16
826 2659 967 2722 Sotadica
980 2661 999 2720 l.
1014 2679 1036 2720 s.
1053 2662 1082 2734 9,
1100 2661 1239 2738 inprimis
1254 2660 1376 2722 Lucian.

227 2750 290 2809 lou.
305 2751 381 2829 trag.
398 2751 439 2810 95
459 2752 576 2809 ΖΕΥΣ.
619 2749 750 2828 Παίζεις,
773 2742 796 2810 ὦ
822 2748 968 2810 Πόσειδον
991 2746 1011 2828 ἢ
1034 2746 1132 2810 τέλεον
1150 2747 1318 2827 ἐπιλέλησαι
1338 2746 1379 2823 ὥς

227 2835 317 2900 οὐδὲν
339 2832 383 2915 ἐφ’
408 2835 482 2918 ἡμῖν
506 2838 728 2900 τῶντοιούτων
751 2836 840 2917 ἐστίν,
862 2833 920 2899 ἀλλ’
946 2838 980 2899 αἱ
1000 2843 1100 2918 μοῖραι
1122 2836 1234 2924 ἑκάστῳ
1253 2837 1376 2900 ἐπικλώ-

227 2933 331 3003 θουσι,
367 2927 419 2989 τὸν
455 2925 510 3006 μὲν
545 2933 695 3013 κεραυνῷ,
731 2925 783 2988 τὸν
819 2925 851 2989 δὲ
882 2933 998 3012 πυρετῷ
1027 2924 1047 3006 ἢ
1079 2926 1167 3012 φθόῃ
1199 2924 1375 2990 ἀποθανεῖν.

227 3018 380 3079 Postremo
404 3018 483 3094 quod
506 3035 598 3095 supra
620 3018 683 3077 dixi
706 3009 759 3100 (ad
781 3039 810 3077 u.
826 3011 882 3100 24)
906 3022 1026 3097 poetam
1046 3018 1111 3078 sine
1135 3017 1224 3077 dubio
1247 3019 1376 3078 multum

226 3109 258 3165 in
281 3105 361 3185 Lupi
383 3125 490 3167 nomeu
512 3107 618 3167 lusisse
636 3108 668 3166 in
690 3107 770 3168 huuc
786 3126 906 3168 uersum
925 3110 1028 3184 aparte
1046 3106 1134 3167 cadit.
1176 3105 1279 3185 Lupus
1297 3108 1376 3167 enim

226 3193 317 3272 piscis
344 3196 404 3255 fuit
425 3195 535 3255 Lucilii
562 3199 695 3272 tempore
725 3188 810 3276 (coni
836 3188 1379 3277 incert.u.1176)nobilIssimuset

226 3285 375 3361 pretiosus
407 3287 438 3345 et
469 3285 603 3364 grmdis:
636 3305 725 3362 quem
757 3305 824 3345 cum
856 3286 990 3346 clamitat
1018 3306 1036 3344 a
1063 3285 1173 3345 uilibus
1202 3287 1233 3345 et
1259 3286 1377 3363 pusillis

227 3373 360 3450 saperdis
399 3374 491 3434 occidi
525 3375 622 3452 lepide
655 3375 779 3453 ancipiti
811 3375 1028 3454 significatione
1059 3376 1221 3435 uerborum
1253 3376 1378 3437 iocatur.

228 3462 306 3532 Quid
333 3463 471 3523 festinius
499 3464 626 3541 danique
649 3484 740 3542 quam
763 3464 928 3526 uoracitate
951 3484 1006 3525 sua
1028 3465 1145 3541 Lupum
1169 3464 1289 3544 perire?
1329 3464 1379 3526 aul

227 3551 346 3630 τρώγεις
369 3549 424 3612 ὅσα
446 3549 531 3614 πέντε
554 3554 638 3614 λύκοι
661 3554 795 3614 Lucillus
818 3554 870 3614 ΑΡ
890 3555 932 3615 XI
952 3557 1025 3629 207,
1050 3550 1259 3616 ‘hereditatam
1282 3555 1380 3615 inhiat

228 3641 314 3718 quasi
342 3643 472 3702 esuriens
500 3639 599 3719 lupus'
628 3643 727 3703 Plaut.
747 3643 838 3704 Stich.
854 3646 928 3705 605.
969 3645 1070 3721 Atque
1097 3647 1219 3722 poterat
1245 3644 1379 3704 Lucilius

226 3730 306 3790 idem
324 3731 497 3808 praedicare
515 3732 675 3792 lectoribus
694 3735 755 3794 suis
774 3733 853 3811 quod
872 3734 1089 3811 spectatoribus
1103 3735 1229 3794 Plautus
1247 3734 1378 3794 Poenulo

229 3821 278 3880 91.
309 3823 364 3881 92:
398 3816 534 3882 ‘Vosmet
565 3840 643 3880 nuuc
670 3823 761 3882 tacite
788 3824 989 3884 coniecturam
1016 3827 1147 3884 ceterum
1176 3822 1253 3893 Quid
1281 3823 1312 3883 id
1339 3825 1380 3883 sit

228 3910 356 3971 bominis
383 3912 456 3987 quoi
478 3911 559 3988 Lyco
583 3929 690 3971 nomen
713 3908 791 3973 siet’.

698 4195 911 4206 .---—--—
