3060 5010
209 367 272 432 148
662 363 687 418 X
706 383 732 419 5.
753 370 905 420 3811-332.

207 534 339 616 δένδρων
362 532 544 607 ἐνάπτοντες.
576 535 701 594 Plenam
724 536 903 595 5555555155]
927 553 987 594 555
1010 536 1145 594 continet
1164 533 1275 595 Lucilii
1292 555 1360 594 uer·

206 645 269 687 sus:
298 644 368 685 nam
391 626 502 685 ualidis
524 621 702 701 infamibus
724 628 811 699 optas
833 643 892 683 non
916 624 1067 698 tonsillas,
1095 623 1147 684 sed
1174 643 1265 685 naues
1293 628 1360 685 tan·

206 715 360 775 tummodo
384 714 481 774 dicere
502 716 602 792 potuit
619 717 710 790 poeta
728 733 822 790 neque
840 714 941 790 inepte
960 715 1005 773 ita
1024 713 1121 774 dicere
1140 716 1247 791 potnit.
1279 715 1360 773 Nam

207 823 299 865 naues
322 806 447 865 suntin
470 802 591 864 funibus
614 802 724 864 ualidis
748 806 850 879 aptae,
873 822 934 862 non
957 803 1041 864 funes
1064 806 1096 862 in
1119 802 1260 877 nauibus,
1288 805 1360 880 quia

207 896 292 954 funes
315 897 471 970 tamquam
494 895 589 973 agunt
611 892 642 952 id
671 897 717 953 est
744 895 910 969 continent,
939 911 1030 953 naues
1058 894 1229 970 patiuntur,
1255 892 1288 951 id
1315 895 1361 952 est

207 985 412 1044 continentur:
446 981 521 1042 (1555
543 982 580 1042 de
603 984 669 1062 agri
688 983 758 1042 cult.
780 984 842 1043 152
863 977 967 1042 ‘facito
987 1000 1091 1059 scopas
1109 984 1228 1061 uirgeas
1246 983 1360 1043 ulmam

209 1072 320 1148 aridas,
342 1074 375 1131 in
398 1072 548 1132 asserculo
572 1066 719 1151 alligato'.
760 1068 858 1146 Aptae
876 1072 1055 1132 uocabulum
1077 1072 1109 1131 in
1132 1071 1188 1131 hac
1210 1072 1360 1131 locutione

207 1163 349 1223 sollemne
378 1181 441 1222 esse
468 1162 601 1221 uidetur:
629 1162 701 1222 conf
716 1159 776 1221 (lio.
797 1161 883 1221 Tusc.
902 1161 931 1219 V
949 1163 993 1221 40
1021 1157 1092 1221 ‘non
1120 1179 1191 1220 sane
1220 1159 1360 1239 optabilis

208 1252 269 1313 ista
282 1252 404 1330 quidem
415 1300 421 1311 .
433 1298 438 1310 .
450 1297 457 1311 .
467 1250 642 1314 rudentibus
652 1253 725 1328 apta
738 1245 880 1312 fortuna’.
904 1249 1010 1327 Itaque
1025 1253 1094 1327 post
1107 1267 1218 1325 qaoque
1231 1249 1360 1311 arbitror
1458 1305 1462 1310 .

208 1342 352 1401 excidisse
381 1359 455 1415 quoe
483 1344 517 1400 ut
544 1343 576 1401 et
603 1359 706 1401 uersus
732 1343 794 1400 stet
821 1343 852 1400 ct
878 1341 1027 1401 sententia
1055 1336 1204 1400 ‘tonsillas
1233 1358 1360 1418 quoque,

207 1426 324 1509 (qaae)
347 1431 456 1491 ualidis
479 1434 512 1490 in
535 1430 656 1490 funibus
680 1431 766 1507 aptas
786 1430 966 1490 Continuant
988 1448 1081 1490 naues
1103 1429 1201 1508 figunt
1221 1431 1253 1489 in
1271 1430 1361 1489 litore

208 1515 360 1580 aduncas':
388 1538 498 1595 quoqne
525 1520 602 1579 illud
628 1537 686 1597 quo
713 1521 811 1597 magis
838 1520 996 1599 intellegas
1025 1518 1216 1579 statuendum
1244 1521 1302 1579 erit
1328 1521 1361 1577 in

208 1629 297 1669 uersu
320 1610 509 1669 antecedenti
530 1607 682 1668 Lucilium
706 1609 741 1668 de
766 1611 883 1668 ancoris
906 1611 1009 1688 egisse.

298 1691 380 1760 3911.
403 1699 520 1759 Nonius
544 1719 572 1775 p.
593 1699 667 1773 512,
688 1700 728 1757 18
753 1694 907 1758 ‘Firmiter
924 1717 979 1776 pro
997 1697 1089 1758 firme.
1125 1697 1260 1759 Lucilius
1279 1700 1359 1775 saty-

207 1807 310 1848 rarum
337 1787 435 1847 lib.X
468 1782 619 1847 ‘fluctibns
652 1806 671 1847 a
703 1790 859 1865 uentisque
892 1780 1093 1870 (5555555555
1124 1786 1292 1848 Leidensis:
1328 1790 1361 1846 in

208 1876 443 1954 Guelferbytano
467 1894 584 1954 quoque
608 1896 643 1936 αι
662 1871 822 1959 superscr.)
841 1880 953 1937 5555555
971 1877 1097 1936 firmiter
1115 1873 1260 1937 essent’'.’
1297 1875 1360 1937 Aa·

208 1969 304 2027 crosis
326 1966 406 2044 quod
429 1970 509 2025 recte
533 1969 648 2027 ueteres
671 1966 817 2028 editiones
845 1967 985 2027 exhibent
1011 1969 1131 2044 recepto
1158 1985 1260 2027 uersus
1288 1968 1360 2026 talis

210 2058 328 2134 qualem
351 2058 413 2115 iam
436 2055 539 2117 Dousa
561 2059 594 2116 in
617 2056 747 2117 editione
769 2058 871 2134 posuit
893 2076 984 2118 sanus
1012 2059 1078 2116 erit.
1125 2056 1258 2116 Ancoras
1286 2056 1360 2116 iece-

208 2149 292 2223 runt,
319 2146 457 2206 tonsillas
485 2165 603 2225 quoque
630 2145 770 2222 fixenrut,
802 2165 878 2223 quae
910 2165 1003 2206 naues
1034 2149 1067 2205 in
1098 2145 1208 2207 ualidis
1240 2145 1361 2206 simibus

209 2238 296 2312 aptas
327 2235 527 2311 continerent,
555 2238 590 2295 ut
612 2254 732 2296 securae
756 2238 871 2296 starent
894 2255 912 2295 a
934 2235 1073 2296 fluctibus
1097 2239 1128 2294 et
1150 2256 1168 2295 a
1191 2237 1289 2295 uentis
1309 2236 1360 2295 ad·

209 2325 302 2386 uersis
325 2329 409 2385 tutae
433 2328 540 2385 essent.
586 2326 728 2386 Firmiter
751 2328 845 2386 555555
866 2327 988 2403 scripsit
1009 2344 1065 2403 pro
1087 2329 1147 2384 5555
1171 2329 1271 2395 essent,
1296 2328 1360 2385 siue

209 2419 287 2475 55555
304 2418 411 2475 essent:
428 2418 493 2475 tum
513 2435 532 2475 5
550 2417 699 2489 certeque
717 2419 752 2475 ut
769 2414 914 2490 solebant,
932 2434 1002 2475 nam
1022 2433 1096 2489 oque
1110 2417 1178 2475 ante
1192 2414 1360 2494 Vergilium

210 2506 240 2563 et
267 2502 410 2564 Ouidium
438 2525 498 2564 non
529 2506 660 2565 inueniri
693 2505 809 2565 iudicat
835 2505 1004 2584 Draegerus
1034 2504 1070 2563 de
1098 2506 1219 2581 syntaxi
1245 2504 1265 2562 l.
1292 2503 1359 2563 Lat.

209 2594 312 2654 histor.
331 2587 376 2653 11²
393 2615 422 2671 p.
442 2596 498 2654 36:
535 2597 718 2671 praepositio
750 2591 810 2655 ἀπὸ
842 2601 946 2654 κοινοῦ
977 2595 1147 2671 postposita
1185 2596 1220 2653 ut
1254 2595 1359 2653 incert.

209 2704 237 2742 u.
259 2684 358 2744 1240:
377 2685 449 2744 coni
464 2686 592 2761 interpp.
612 2684 651 2744 ad
668 2683 740 2744 Hor.
760 2686 845 2762 epist.
864 2683 896 2742 11
917 2687 945 2759 1,
961 2686 1001 2742 25
1023 2680 1083 2742 ‘uel
1102 2681 1206 2743 Gabiis
1225 2684 1274 2743 uel
1292 2702 1359 2742 cum

209 2773 316 2852 rigidis
340 2777 468 2849 aequata
492 2769 623 2835 Sabinis'
645 2775 683 2834 31
712 2769 766 2833 ‘nil
789 2776 870 2833 intra
893 2775 939 2834 est
966 2773 1044 2848 olea,
1072 2773 1116 2831 nil
1144 2775 1228 2834 extra
1256 2776 1302 2834 est
1328 2775 1361 2832 in

210 2882 285 2924 nuce
308 2859 397 2923 duri'.

300 2943 383 3013 391.
406 2952 522 3013 Nonius
541 2973 570 3030 p.
590 2955 665 3028 219,
685 2955 728 3013 10
752 2948 871 3033 ‘Pigror
891 2954 1008 3031 generis
1026 2953 1193 3012 masculini.
1226 2951 1360 3012 Lucilius

210 3045 381 3118 satyrarum
399 3040 450 3101 lib.
469 3042 497 3100 X
520 3037 673 3122 “languor
690 3043 865 3118 obresatquc
884 3090 890 3101 .
912 3089 918 3100 .
939 3089 944 3101 .
964 3037 1120 3119 quietis”.'
1158 3041 1311 3117 Languor,
1334 3044 1361 3102 si

209 3134 288 3190 recte
311 3130 457 3191 traditum
481 3133 535 3206 est,
558 3150 575 3191 o
598 3133 775 3208 productam
798 3133 937 3192 adhibuit
958 3135 1048 3209 poete
1070 3133 1161 3191 sicuti
1181 3130 1307 3191 Plautus
1330 3135 1361 3190 et

209 3220 337 3302 Ennius,
358 3238 425 3279 cum
448 3222 611 3296 corriperet
633 3222 701 3281 aliis
722 3223 755 3281 iu
773 3222 908 3282 uersibus
927 3213 1010 3303 (uide
1029 3222 1080 3281 lib.
1099 3221 1182 3280 XXX
1200 3241 1228 3279 u.
1250 3212 1359 3302 1049).

208 3307 358 3388 Languor,
381 3311 515 3388 pigritia,
538 3312 670 3389 ignauia.
715 3310 859 3372 Homines
882 3313 996 3370 inuasit
1018 3313 1128 3371 inertes
1151 3312 1286 3390 languor,
1310 3310 1360 3370 ob-

209 3400 361 3475 repsitque
388 3401 492 3478 pigror
522 3402 683 3478 torporque
715 3401 885 3460 hominibus
918 3402 1035 3477 quietis.
1087 3398 1359 3460 (1155515555111

211 3506 289 3549 cons.
304 3486 381 3547 Hon.
397 3481 500 3571 (vm)
517 3491 580 3548 323
601 3485 672 3550 ‘non
690 3490 813 3550 brumae
831 3492 948 3567 requies
967 3509 1027 3550 non
1045 3489 1238 3550 hibernacula
1256 3508 1360 3568 segnes

210 3576 363 3637 Eneruent
389 3580 509 3655 torpore
539 3575 657 3647 manus'
688 3580 770 3640 Suid.
789 3600 811 3641 s.
831 3601 858 3638 5.
882 3576 1034 3657 ἀκινησία·
1068 3576 1118 3639 καὶ
1149 3577 1219 3652 τοὺς
1251 3578 1361 3650 ἵππους

210 3664 376 3740 ἐξελαύνειν
398 3665 588 3749 προσέταξεν,
617 3665 657 3741 ὡς
680 3668 829 3730 diuisione
852 3665 954 3741 αὐτοῖς
975 3667 1007 3730 τὸ
1036 3666 1095 3729 ὑπὸ
1122 3676 1175 3729 τοῦ
1203 3667 1360 3747 παράπλου

210 3755 392 3836 νεναρκηκὸς
414 3754 474 3819 ces
497 3755 661 3837 ἀκινησίας.
707 3758 782 3819 Cato
801 3779 848 3836 ap.
868 3758 942 3818 Gell.
961 3758 1004 3817 XI
1024 3760 1053 3833 2,
1072 3760 1101 3817 6.

300 3838 383 3908 392.
406 3847 522 3908 Nonius
549 3868 578 3926 p.
599 3850 677 3923 517,
697 3850 740 3910 30
769 3844 934 3909 ‘Desubitc
960 3846 1163 3908 ..Lucilius
1190 3850 1360 3925 satyrarum

210 3935 261 3995 lib.
271 3936 299 3994 X
313 3931 475 4014 “quamuis
487 3985 492 3996 .
505 3985 510 3996 .
523 3985 528 3996 .
539 3933 673 3999 scalis’'.'
699 3938 841 4015 95555555
855 3939 992 4008 desubito,
1007 3940 1043 3997 ut
1056 3937 1153 3997 Plaut.
1166 3937 1305 3998 Bacchid.
1317 3938 1357 3995 82

212 4020 361 4101 ‘quamuis
384 4027 484 4086 subito
507 4024 633 4103 uenias’,
657 4029 719 4089 339
751 4023 800 4093 ‘ab
828 4047 862 4088 eo
889 4027 992 4089 licebit
1020 4029 1157 4104 quamuis
1185 4027 1284 4088 subito
1311 4045 1359 4087 su·

211 4110 301 4173 merc’
326 4115 454 4176 Mostell.
475 4118 537 4176 411
564 4113 713 4194 ‘quamuis
737 4117 873 4178 desubito
899 4119 987 4177 facile
1014 4120 1059 4178 est
1085 4119 1183 4177 iacere
1210 4112 1358 4194 nequiter’

212 4196 278 4283 (ubi
299 4202 437 4264 Lorenzii
460 4208 532 4266 coni
551 4198 708 4289 adnotat),
732 4206 851 4268 Stichus
873 4209 931 4266 721
960 4204 1108 4284 ‘Namque
1131 4207 1358 4283 edepol'quam·

210 4293 257 4350 uis
281 4291 417 4352 desubito
440 4295 489 4353 uel
512 4294 602 4355 cadus
626 4298 703 4355 uerti
725 4293 845 4372 potest',
872 4297 989 4356 Lucret.
1008 4296 1038 4355 II
1059 4297 1120 4357 391
1152 4291 1195 4354 ‘et
1222 4298 1359 4373 quamuis

211 4381 310 4440 subito
333 4401 387 4457 per
409 4383 506 4443 colum
529 4386 602 4444 uina
624 4384 759 4445 uidemus
778 4381 943 4462 perfluere’:
966 4385 1009 4444 IV
1030 4388 1102 4446 155.
1131 4386 1223 4446 Recte
1241 4404 1359 4463 compa·

211 4472 292 4529 rauit
310 4469 508 4532 Buechelerus
526 4473 546 4531 1.
561 4492 583 4532 s.
599 4492 621 4533 s.
640 4474 771 4533 Martial.
790 4472 805 4531 Ι
826 4477 899 4549 117,
920 4478 936 4535 7
963 4471 1005 4534 ‘et
1025 4477 1114 4536 scalis
1132 4473 1237 4535 habito
1255 4476 1360 4552 tribus,
