3000 5002
499 339 596 393 insert.
617 338 674 394 sed.
693 357 720 393 u.
742 345 925 394 1226-1227.
1221 343 1287 408 389

135 508 265 585 Neapoli
282 509 387 584 postea
405 507 577 584 parthenius
596 508 737 568 audiebat
750 507 909 588 Vergilius.
946 509 1036 570 Libro
1050 509 1078 567 V
1096 511 1287 572 tribuendum

136 617 199 658 esse
226 599 317 658 istam
344 597 380 657 de
405 595 490 674 Gipio
518 596 652 657 fabulam
680 600 824 675 suspicati
846 617 947 658 sumus
976 599 1014 659 ed
1043 600 1094 659 lib.
1113 599 1141 656 V
1164 603 1286 661 11207.

136 687 218 757 Quae
245 688 349 748 fabula
376 688 478 746 utrum
505 686 594 763 plane
621 688 729 747 similia
756 688 847 748 fuerit
878 689 961 750 illius
992 708 1082 766 quam
1109 688 1287 751 Plutarobus

136 780 241 836 namet
258 777 277 837 l.
293 796 315 836 s.
330 796 352 837 s.
368 795 407 836 an
420 777 575 836 moechum
589 778 689 854 potius
708 779 771 838 siue
789 796 951 855 pauperem
968 779 1032 838 siue
1050 779 1139 839 nimis
1158 782 1287 840 contem-

135 869 221 943 ptum
248 867 310 926 illis
339 865 438 926 uerbis
461 867 643 943 increpuerit
666 866 781 944 Cipius,
804 867 942 945 expedire
965 887 1087 944 nequeo.
1135 867 1287 930 Colloosta

139 959 226 1016 erunt
253 955 345 1015 uerba
368 949 439 1015 ‘non
467 956 605 1018 omnibus
632 957 746 1017 dormio
770 954 830 1032 <ad
862 952 987 1035 unum>’
1020 959 1052 1016 in
1075 958 1171 1018 altera
1200 962 1287 1035 parte

136 1046 300 1106 hexametri
337 1048 406 1121 post
441 1063 607 1106 caesuram:
644 1045 748 1106 eadem
784 1066 890 1124 nempe
925 1066 1028 1107 uersus
1064 1047 1133 1107 sede
1165 1048 1287 1109 admisit

135 1136 275 1196 uocabuli
305 1136 408 1194 cretici
436 1135 587 1195 elisionem
616 1135 667 1195 lib.
685 1135 732 1195 ΠΙ
755 1157 783 1194 u.
800 1138 863 1196 113
893 1132 1003 1213 ‘asperi
1031 1133 1176 1198 Athones'
1205 1138 1287 1197 XXX

134 1245 163 1284 u.
180 1225 265 1284 1066
291 1220 446 1301 ‘inprobae
469 1220 609 1300 ineptae’.
1269 1269 1270 1272 .

227 1305 333 1373 1224.
353 1313 450 1373 Iulius
468 1313 643 1374 Rufinianus
662 1313 698 1374 de
717 1314 875 1376 schematis
894 1315 1034 1376 dianoeas
1055 1318 1096 1375 12
1115 1315 1171 1375 RL
1191 1337 1219 1394 p.
1235 1317 1287 1392 62,

137 1403 218 1463 16Η
242 1399 444 1480 ‘Antiphrasis
471 1406 518 1462 est
543 1403 641 1482 figura
666 1404 845 1479 sententiae,
872 1423 939 1464 cum
968 1405 1115 1482 quaedam
1143 1425 1286 1484 negamus

19 1501 21 1504 ’
134 1512 188 1552 nos
212 1492 309 1552 dicere
332 1496 363 1552 et
384 1494 485 1552 tumen
508 1493 647 1570 dicimus3
669 1497 704 1553 ut
722 1493 804 1570 apud
821 1494 970 1554 Lucilium
990 1489 1074 1555 “non
1094 1497 1188 1573 tango
1207 1496 1286 1573 quod

134 1600 243 1642 auarus
266 1583 350 1642 modo
371 1586 413 1643 cst
429 1600 520 1657 neque
538 1585 615 1657 qaod
632 1583 784 1660 improbus
803 1578 945 1643 omitto’'.’
987 1583 1079 1644 Libro
1096 1584 1128 1644 11
1147 1585 1287 1645 attribuit

135 1671 344 1732 Lachmannus
371 1691 460 1749 quem
487 1674 587 1749 aptius
614 1672 730 1733 tribuas
752 1673 777 1733 I.
795 1673 960 1734 Becker-um
984 1677 1101 1734 secutus
1120 1667 1243 1754 (Philol.
1258 1674 1286 1730 V

136 1762 222 1821 1850
245 1782 274 1838 p.
293 1752 369 1843 734)
394 1763 524 1821 orationi
547 1761 596 1822 dei
619 1762 746 1822 alicuius
768 1762 846 1824 libro
864 1762 879 1822 I
898 1763 1022 1840 positae.
1064 1763 1235 1824 Ridiculum
1253 1766 1284 1823 in

133 1851 254 1912 modum
276 1852 331 1911 illa
353 1850 451 1929 figura
467 1853 565 1911 utitur
587 1854 701 1913 orator:
729 1853 822 1912 etiem
851 1852 1011 1912 uerborum
1035 1852 1167 1913 delectus
1190 1854 1286 1913 ueluti

132 1958 192 2000 non
215 1946 301 2016 tango
324 1960 393 2000 cum
415 1944 558 2018 sequatur
584 1944 677 2012 mitto,
700 1959 827 2011 1111111,
855 1961 922 2002 cum
945 1944 1088 2019 sequatur
1110 1943 1286 2021 languidum

133 2029 210 2089 illud
232 2031 383 2104 improbus
406 2029 521 2090 indicat
542 2034 663 2108 poetam
685 2031 781 2092 ridere
804 2031 850 2092 sui
873 2033 1017 2109 temporis
1040 2034 1182 2092 oratores.

225 2111 331 2179 1225.
360 2118 527 2197 Porphyrio
564 2119 602 2178 ed
637 2120 757 2181 Horatii
796 2140 965 2181 sermonum
986 2121 1057 2195 13,
1078 2123 1142 2180 124
1180 2117 1284 2182 ‘Porro

135 2210 236 2268 autem
260 2206 353 2267 Stoici
376 2208 549 2268 existimant
570 2211 720 2286 perfectae
743 2211 909 2288 sapientiae
931 2213 1030 2269 uirum
1049 2211 1150 2270 omnia
1169 2211 1285 2272 hebere.

133 2296 165 2356 in
192 2315 251 2374 quo
279 2315 366 2356 sensu
394 2301 425 2357 et
446 2298 579 2358 Lucilius
606 2303 743 2359 uersutus
771 2299 813 2359 sic
836 2300 893 2374 ait,
922 2294 1078 2359 “nondum
1100 2301 1193 2360 etiam
1214 2302 1285 2361 baec

133 2388 234 2447 omnia
261 2386 397 2461 habebit,
424 2387 604 2463 formonsus,
632 2387 730 2463 diues,
760 2387 849 2462 liber,
875 2408 927 2448 rex
959 2389 1040 2448 solus
1068 2384 1206 2449 testetur”
1231 2409 1285 2464 que

133 2479 235 2536 tamen
270 2478 360 2553 poeta
396 2494 455 2535 non
493 2477 670 2553 simpliciter
701 2478 757 2536 hoc
788 2477 839 2538 ssd
870 2498 924 2555 per
955 2476 1084 2537 derisum
1117 2478 1285 2538 Stoicorum

133 2560 228 2626 dioit’.
269 2565 348 2625 solus
370 2569 488 2626 aoodur
505 2566 582 2626 editt
598 2569 674 2642 uett,
692 2569 802 2640 seretur
819 2566 988 2640 Muellerus,
1007 2570 1117 2626 testetur
1134 2566 1284 2628 Baehren-

133 2657 207 2716 sius:
231 2649 310 2714 “‘at
332 2650 435 2714 essert
483 2656 541 2731 Qui
562 2660 659 2715 tumen
676 2651 775 2731 poeta’
800 2675 823 2714 e.
839 2677 866 2734 q.
881 2676 903 2716 s.
927 2675 982 2734 ego
1014 2658 1132 2732 scripsi,
1162 2657 1284 2731 Vterque

127 2749 216 2819 pocta
247 2743 393 2820 Meyerus.
446 2743 548 2805 Priore
583 2764 673 2806 uersu
707 2764 774 2806 cum
806 2745 972 2821 Porphyrio
1010 2745 1091 2805 dicat
1123 2741 1283 2822 ‘perfectae

133 2835 301 2911 supientiae
327 2834 427 2892 uirum
454 2837 554 2895 manta
579 2831 694 2895 bobec’
723 2837 828 2912 utique
856 2834 1053 2911 supplendum
1084 2839 1129 2895 est
1152 2837 1283 2911 sapiens:

132 2925 179 2982 hic
205 2923 410 2983 inseruiente
439 2923 510 2983 boec
536 2924 624 2984 facile
652 2923 733 3001 quod
761 2924 910 2984 exciderit
955 2924 1088 2982 nondum
1115 2926 1202 2984 1111111
1223 2944 1283 2984 uon

132 3015 212 3072 recte
243 3015 399 3072 mutarunt
430 3014 579 3073 nonnulli:
612 3016 698 3074 ctiam
725 3013 861 3073 additum
888 3033 923 3072 ex
951 3012 1152 3073 abundantiae
1183 3032 1282 3075 amore

132 3104 252 3182 linguae
271 3101 396 3161 Latinae
415 3104 536 3179 proprio
555 3104 645 3163 sicuti
662 3104 751 3181 Apul.
771 3104 807 3164 de
825 3121 903 3182 mag.
921 3123 984 3180 cap.
1000 3103 1041 3163 33
1063 3098 1144 3162 ‘nam
1162 3103 1283 3181 quidem

131 3194 263 3269 leporem
286 3191 417 3251 nondum
440 3192 531 3252 etiam
556 3190 692 3253 inuenit’.
739 3194 844 3254 Altero
867 3211 956 3253 uersu
978 3190 1151 3270 pnradoxon
1170 3193 1283 3253 Stoico·

131 3303 200 3341 rum
219 3282 405 3360 agnoscimus
430 3285 602 3359 comparato
625 3283 703 3342 Plut.
722 3283 758 3343 de
781 3281 860 3342 adul.
879 3284 910 3343 et
932 3302 989 3342 am.
1009 3301 1072 3359 cap.
1094 3283 1134 3342 16
1159 3304 1188 3360 p.
1204 3283 1281 3342 5811

130 3364 192 3432 εἶτα
219 3379 278 3430 τῶν
306 3367 359 3448 μὲν
382 3374 525 3431 Στωικῶν
552 3367 622 3433 οὐδὲ
648 3368 769 3433 dotodssv
796 3369 870 3432 ἔνιοι
898 3368 1081 3450 ὑπομένουσι
1111 3370 1163 3433 τὸν
1185 3371 1282 3450 σοφὸν

132 3457 207 3538 ὁμοῦ
240 3459 398 3536 πλούσιον,
435 3459 540 3535 καλόν,
572 3459 693 3541 εὐγενῆ,
723 3458 843 3540 βασιλέα
873 3459 1168 3541 προσαγορευόπωνι
1204 3462 1282 3522 unde

88 3544 90 3550 ’
132 3550 265 3609 ordinem
294 3550 326 3608 in
358 3549 498 3625 epithetis
529 3550 591 3610 fere
623 3570 758 3612 seruasse
788 3552 956 3627 antiquitus
989 3551 1134 3612 1111111111
1162 3555 1282 3629 poetam

130 3641 325 3719 intellegitur.
371 3637 431 3698 (lic.
454 3659 509 3716 pro
531 3639 606 3699 Mur.
623 3642 662 3700 61
689 3637 779 3703 ‘solos
803 3641 951 3718 sapientes
975 3660 1037 3702 esse
1127 3641 1282 3714 formosos,

207 3729 331 3804 diuites,
429 3725 525 3807 reges'
554 3731 625 3789 conf
650 3731 685 3789 de
712 3730 894 3790 611.ΠΙ75
924 3730 968 3789 IV
989 3732 1030 3789 74
1058 3729 1218 3789 Ρ11111.1Ι.
1238 3729 1281 3787 Vl

130 3818 202 3879 Hor.
221 3819 240 3878 l.
255 3838 276 3879 s.
292 3837 314 3879 s.
334 3818 450 3895 epistl
469 3822 498 3895 1,
519 3820 581 3878 106
600 3819 698 3880 Varro
725 3823 780 3880 sat.
803 3820 934 3897 Menipp.
951 3819 1050 3879 245Β
1073 3819 1224 3878 Plutarch.
1245 3819 1281 3878 de

131 3912 228 3985 tranq.
254 3927 300 3966 an.
324 3927 388 3984 cap.
409 3909 449 3967 12
478 3908 629 3985 1147211
657 3908 738 3970 Stob.
763 3911 854 3988 eclog.
881 3909 912 3969 Π
934 3931 962 3987 p.
983 3909 1039 3984 67,
1064 3910 1104 3967 13
1131 3908 1280 3968 Waohsm.

131 3997 217 4075 Diog.
237 3997 336 4057 Laert.
359 3995 419 4055 VH
444 4000 504 4057 121
530 4017 610 4074 seqq.
665 3998 793 4057 Videtur
831 4000 1032 4077 fragmentum
1062 3997 1210 4074 pertinere
1243 3997 1280 4056 ed

130 4086 180 4145 lib.
196 4086 251 4144 XV
269 4086 388 4145 11516.

223 4167 329 4236 1227.
352 4174 457 4236 Festus
481 4195 510 4252 p.
527 4176 604 4250 161,
624 4178 643 4234 8
668 4172 727 4236 ‘Me
754 4196 809 4253 pro
838 4176 913 4236 mihi
935 4174 1075 4235 dicebant
1097 4176 1224 4252 antiqui,
1246 4181 1281 4236 ut

130 4265 245 4325 Ennius
265 4310 315 4323 ...
336 4268 367 4324 et
388 4264 522 4324 Lucilius
546 4260 648 4325 “nunc
667 4311 673 4323 .
689 4311 695 4323 .
712 4311 718 4324 .
738 4260 891 4344 agatur''.’
937 4264 1169 4324 Hemistiohium
1196 4267 1280 4342 prius

129 4357 283 4415 imitatum
307 4373 369 4416 esse
392 4354 552 4414 Horatium
579 4354 747 4430 serm.16,
767 4357 809 4415 45
835 4350 924 4414 ‘nunc
951 4353 989 4413 ad
1012 4373 1059 4413 me
1081 4353 1169 4415 redeo
1192 4354 1279 4414 liber·

130 4446 195 4504 tino
231 4449 318 4522 patre
353 4440 469 4505 natum'
508 4444 634 4505 adnotet
668 4444 783 4506 Dousa:
824 4444 903 4504 idem
939 4443 1127 4522 comparauit
1162 4444 1278 4505 Terent
