<?xml version="1.0" encoding="UTF-8"?>
<!DOCTYPE html PUBLIC "-//W3C//DTD XHTML 1.0 Transitional//EN"
    "http://www.w3.org/TR/xhtml1/DTD/xhtml1-transitional.dtd">
<html xmlns="http://www.w3.org/1999/xhtml" xml:lang="en" lang="en">
 <head>
  <title>
</title>
<meta http-equiv="Content-Type" content="text/html;charset=utf-8" />
  <meta name='ocr-system' content='tesseract 3.04.00' />
  <meta name='ocr-capabilities' content='ocr_page ocr_carea ocr_par ocr_line ocrx_word'/>
</head>
<body>
  <div class='ocr_page' id='page_1' title='image "./cluciliicarminu00lucigoog_0374.png"; bbox 0 0 3036 5004; ppageno 0'>
   <div class='ocr_carea' id='block_1_1' title="bbox 564 358 1303 428">
    <p class='ocr_par' dir='ltr' id='par_1_1' title="bbox 564 358 1303 428">
     <span class='ocr_line' id='line_1_1' title="bbox 564 358 1303 428; baseline 0.022 -16"><span class='ocrx_word' id='word_1_1' title='bbox 564 358 640 412; x_wconf 80' lang='lat' dir='ltr'><strong>xxx</strong></span> <span class='ocrx_word' id='word_1_2' title='bbox 659 377 686 413; x_wconf 86' lang='lat' dir='ltr'><strong>u.</strong></span> <span class='ocrx_word' id='word_1_3' title='bbox 707 364 891 414; x_wconf 78' lang='grc'>1666-1661.</span> <span class='ocrx_word' id='word_1_4' title='bbox 1238 363 1303 428; x_wconf 85' lang='grc'><strong>341</strong></span> 
     </span>
    </p>
   </div>
   <div class='ocr_carea' id='block_1_2' title="bbox 140 523 1300 2484">
    <p class='ocr_par' dir='ltr' id='par_1_2' title="bbox 149 523 1300 697">
     <span class='ocr_line' id='line_1_2' title="bbox 150 523 1300 609; baseline 0.006 -24"><span class='ocrx_word' id='word_1_5' title='bbox 150 523 272 588; x_wconf 84' lang='lat' dir='ltr'><strong>‘Multos</strong></span> <span class='ocrx_word' id='word_1_6' title='bbox 300 526 431 587; x_wconf 89' lang='lat' dir='ltr'><strong>militum</strong></span> <span class='ocrx_word' id='word_1_7' title='bbox 458 526 622 605; x_wconf 86' lang='lat' dir='ltr'><strong>imperator</strong></span> <span class='ocrx_word' id='word_1_8' title='bbox 648 548 701 589; x_wconf 91' lang='lat' dir='ltr'><strong>suo</strong></span> <span class='ocrx_word' id='word_1_9' title='bbox 729 549 875 606; x_wconf 89' lang='lat' dir='ltr'><strong>quemque</strong></span> <span class='ocrx_word' id='word_1_10' title='bbox 905 532 1024 590; x_wconf 88' lang='lat' dir='ltr'><strong>nomine</strong></span> <span class='ocrx_word' id='word_1_11' title='bbox 1055 533 1176 608; x_wconf 88' lang='lat' dir='ltr'><strong>proprio</strong></span> <span class='ocrx_word' id='word_1_12' title='bbox 1209 534 1300 609; x_wconf 85' lang='lat' dir='ltr'><strong>atque</strong></span> 
     </span>
     <span class='ocr_line' id='line_1_3' title="bbox 149 615 908 697; baseline 0.001 -19"><span class='ocrx_word' id='word_1_13' title='bbox 149 619 293 678; x_wconf 75' lang='lat' dir='ltr'><strong>castrensi</strong></span> <span class='ocrx_word' id='word_1_14' title='bbox 315 619 489 697; x_wconf 82' lang='lat' dir='ltr'><strong>cognomine</strong></span> <span class='ocrx_word' id='word_1_15' title='bbox 513 621 544 678; x_wconf 93' lang='grc'><strong>61</strong></span> <span class='ocrx_word' id='word_1_16' title='bbox 565 618 692 678; x_wconf 88' lang='lat' dir='ltr'><strong>ioculari</strong></span> <span class='ocrx_word' id='word_1_17' title='bbox 715 615 908 696; x_wconf 88' lang='lat' dir='ltr'><strong>appellabat&#39;.</strong></span> 
     </span>
    </p>

    <p class='ocr_par' dir='ltr' id='par_1_3' title="bbox 141 699 1299 2309">
     <span class='ocr_line' id='line_1_4' title="bbox 241 699 1299 784; baseline 0.005 -18"><span class='ocrx_word' id='word_1_18' title='bbox 241 699 347 767; x_wconf 80' lang='lat'>1070.</span> <span class='ocrx_word' id='word_1_19' title='bbox 384 707 499 766; x_wconf 86' lang='lat' dir='ltr'><strong>Nouius</strong></span> <span class='ocrx_word' id='word_1_20' title='bbox 536 728 564 784; x_wconf 92' lang='lat' dir='ltr'><strong>p.</strong></span> <span class='ocrx_word' id='word_1_21' title='bbox 590 710 733 783; x_wconf 91' lang='grc'>157,12</span> <span class='ocrx_word' id='word_1_22' title='bbox 772 704 875 769; x_wconf 85' lang='lat' dir='ltr'><strong>‘Pctus</strong></span> <span class='ocrx_word' id='word_1_23' title='bbox 916 727 934 767; x_wconf 90' lang='lat' dir='ltr'><strong>a</strong></span> <span class='ocrx_word' id='word_1_24' title='bbox 971 708 1106 770; x_wconf 89' lang='lat' dir='ltr'><strong>bibendo.</strong></span> <span class='ocrx_word' id='word_1_25' title='bbox 1166 710 1299 771; x_wconf 78' lang='lat' dir='ltr'><strong>Lucilius</strong></span> 
     </span>
     <span class='ocr_line' id='line_1_5' title="bbox 148 791 1297 876; baseline 0.004 -21"><span class='ocrx_word' id='word_1_26' title='bbox 148 796 199 856; x_wconf 91' lang='lat' dir='ltr'><strong>lib.</strong></span> <span class='ocrx_word' id='word_1_27' title='bbox 214 796 296 855; x_wconf 86' lang='lat' dir='ltr'><strong>XXX</strong></span> <span class='ocrx_word' id='word_1_28' title='bbox 320 791 425 856; x_wconf 75' lang='lat' dir='ltr'><strong>“eceess</strong></span> <span class='ocrx_word' id='word_1_29' title='bbox 455 816 522 855; x_wconf 91' lang='lat' dir='ltr'><strong>cum</strong></span> <span class='ocrx_word' id='word_1_30' title='bbox 550 815 584 856; x_wconf 91' lang='lat' dir='ltr'><strong>eo</strong></span> <span class='ocrx_word' id='word_1_31' title='bbox 611 798 710 858; x_wconf 88' lang='lat' dir='ltr'><strong>medio</strong></span> <span class='ocrx_word' id='word_1_32' title='bbox 738 816 773 858; x_wconf 88' lang='lat' dir='ltr'><strong>oo</strong></span> <span class='ocrx_word' id='word_1_33' title='bbox 800 798 870 858; x_wconf 92' lang='lat' dir='ltr'><strong>ludo</strong></span> <span class='ocrx_word' id='word_1_34' title='bbox 904 797 978 858; x_wconf 91' lang='lat' dir='ltr'><strong>bene</strong></span> <span class='ocrx_word' id='word_1_35' title='bbox 1009 803 1099 876; x_wconf 90' lang='lat' dir='ltr'><strong>potus</strong></span> <span class='ocrx_word' id='word_1_36' title='bbox 1130 796 1297 861; x_wconf 88' lang='lat' dir='ltr'><strong>recessit&#39;&#39;.&#39;</strong></span> 
     </span>
     <span class='ocr_line' id='line_1_6' title="bbox 146 884 1297 963; baseline 0.003 -18"><span class='ocrx_word' id='word_1_37' title='bbox 146 884 236 946; x_wconf 76' lang='lat' dir='ltr'><strong>Serus</strong></span> <span class='ocrx_word' id='word_1_38' title='bbox 265 889 344 946; x_wconf 86' lang='lat' dir='ltr'><strong>recte</strong></span> <span class='ocrx_word' id='word_1_39' title='bbox 367 886 390 946; x_wconf 94' lang='lat' dir='ltr'><strong>I.</strong></span> <span class='ocrx_word' id='word_1_40' title='bbox 406 885 519 947; x_wconf 89' lang='lat' dir='ltr'><strong>Dousa:</strong></span> <span class='ocrx_word' id='word_1_41' title='bbox 548 888 619 946; x_wconf 88' lang='lat' dir='ltr'><strong>conf</strong></span> <span class='ocrx_word' id='word_1_42' title='bbox 644 886 947 963; x_wconf 74' lang='grc' dir='ltr'>(116661617Π22</span> <span class='ocrx_word' id='word_1_43' title='bbox 977 884 1046 948; x_wconf 89' lang='lat' dir='ltr'><strong>‘etsi</strong></span> <span class='ocrx_word' id='word_1_44' title='bbox 1074 888 1195 949; x_wconf 90' lang='lat' dir='ltr'><strong>domum</strong></span> <span class='ocrx_word' id='word_1_45' title='bbox 1224 890 1297 949; x_wconf 91' lang='lat' dir='ltr'><strong>bene</strong></span> 
     </span>
     <span class='ocr_line' id='line_1_7' title="bbox 146 972 1298 1054; baseline 0.004 -20"><span class='ocrx_word' id='word_1_46' title='bbox 146 978 235 1052; x_wconf 91' lang='lat' dir='ltr'><strong>potus</strong></span> <span class='ocrx_word' id='word_1_47' title='bbox 263 994 388 1051; x_wconf 89' lang='lat' dir='ltr'><strong>seroque</strong></span> <span class='ocrx_word' id='word_1_48' title='bbox 415 972 572 1035; x_wconf 88' lang='lat' dir='ltr'><strong>redieram&#39;</strong></span> <span class='ocrx_word' id='word_1_49' title='bbox 602 977 690 1054; x_wconf 89' lang='lat' dir='ltr'><strong>Apul.</strong></span> <span class='ocrx_word' id='word_1_50' title='bbox 710 981 779 1036; x_wconf 91' lang='lat' dir='ltr'><strong>met.</strong></span> <span class='ocrx_word' id='word_1_51' title='bbox 798 976 882 1037; x_wconf 82' lang='lat'>1115</span> <span class='ocrx_word' id='word_1_52' title='bbox 913 973 995 1037; x_wconf 82' lang='lat' dir='ltr'><strong>‘nam</strong></span> <span class='ocrx_word' id='word_1_53' title='bbox 1023 996 1090 1036; x_wconf 87' lang='lat' dir='ltr'><strong>cum</strong></span> <span class='ocrx_word' id='word_1_54' title='bbox 1114 996 1132 1037; x_wconf 89' lang='lat' dir='ltr'><strong>a</strong></span> <span class='ocrx_word' id='word_1_55' title='bbox 1155 996 1228 1038; x_wconf 85' lang='lat' dir='ltr'><strong>cens</strong></span> <span class='ocrx_word' id='word_1_56' title='bbox 1251 999 1298 1039; x_wconf 91' lang='lat' dir='ltr'><strong>me</strong></span> 
     </span>
     <span class='ocr_line' id='line_1_8' title="bbox 147 1062 1298 1143; baseline 0.003 -19"><span class='ocrx_word' id='word_1_57' title='bbox 147 1067 240 1125; x_wconf 88' lang='lat' dir='ltr'><strong>serius</strong></span> <span class='ocrx_word' id='word_1_58' title='bbox 264 1066 418 1142; x_wconf 89' lang='lat' dir='ltr'><strong>aliquanto</strong></span> <span class='ocrx_word' id='word_1_59' title='bbox 442 1065 603 1141; x_wconf 78' lang='lat' dir='ltr'><strong>reciperem</strong></span> <span class='ocrx_word' id='word_1_60' title='bbox 625 1067 798 1142; x_wconf 76' lang='lat' dir='ltr'><strong>potulentus</strong></span> <span class='ocrx_word' id='word_1_61' title='bbox 829 1062 975 1143; x_wconf 89' lang='lat' dir='ltr'><strong>alioquiu&#39;</strong></span> <span class='ocrx_word' id='word_1_62' title='bbox 1000 1087 1024 1128; x_wconf 89' lang='grc'><strong>6.</strong></span> <span class='ocrx_word' id='word_1_63' title='bbox 1041 1087 1067 1143; x_wconf 93' lang='lat' dir='ltr'><strong>q.</strong></span> <span class='ocrx_word' id='word_1_64' title='bbox 1083 1087 1104 1126; x_wconf 90' lang='lat' dir='ltr'><strong>s.</strong></span> <span class='ocrx_word' id='word_1_65' title='bbox 1152 1066 1298 1128; x_wconf 78' lang='lat' dir='ltr'><strong>Similiter</strong></span> 
     </span>
     <span class='ocr_line' id='line_1_9' title="bbox 146 1150 1296 1236; baseline 0.003 -23"><span class='ocrx_word' id='word_1_66' title='bbox 146 1154 270 1215; x_wconf 88' lang='lat' dir='ltr'><strong>Plautus</strong></span> <span class='ocrx_word' id='word_1_67' title='bbox 293 1155 429 1215; x_wconf 88' lang='lat' dir='ltr'><strong>Parasito</strong></span> <span class='ocrx_word' id='word_1_68' title='bbox 456 1157 543 1232; x_wconf 79' lang='lat' dir='ltr'><strong>pigro</strong></span> <span class='ocrx_word' id='word_1_69' title='bbox 572 1150 652 1215; x_wconf 85' lang='lat' dir='ltr'><strong>‘iude</strong></span> <span class='ocrx_word' id='word_1_70' title='bbox 679 1156 728 1214; x_wconf 91' lang='lat' dir='ltr'><strong>hic</strong></span> <span class='ocrx_word' id='word_1_71' title='bbox 751 1157 823 1216; x_wconf 92' lang='lat' dir='ltr'><strong>bene</strong></span> <span class='ocrx_word' id='word_1_72' title='bbox 851 1150 940 1236; x_wconf 83' lang='lat' dir='ltr'><strong>(dene</strong></span> <span class='ocrx_word' id='word_1_73' title='bbox 963 1150 1032 1236; x_wconf 86' lang='lat' dir='ltr'><strong>cod)</strong></span> <span class='ocrx_word' id='word_1_74' title='bbox 1055 1160 1143 1233; x_wconf 90' lang='lat' dir='ltr'><strong>potus</strong></span> <span class='ocrx_word' id='word_1_75' title='bbox 1166 1159 1296 1234; x_wconf 82' lang='lat' dir='ltr'><strong>primulo</strong></span> 
     </span>
     <span class='ocr_line' id='line_1_10' title="bbox 146 1235 1297 1324; baseline 0.003 -21"><span class='ocrx_word' id='word_1_76' title='bbox 146 1235 257 1324; x_wconf 87' lang='lat' dir='ltr'><strong>(primo</strong></span> <span class='ocrx_word' id='word_1_77' title='bbox 281 1235 347 1324; x_wconf 81' lang='lat' dir='ltr'><strong>cod)</strong></span> <span class='ocrx_word' id='word_1_78' title='bbox 370 1239 563 1320; x_wconf 89' lang='lat' dir='ltr'><strong>crepusculo’.</strong></span> <span class='ocrx_word' id='word_1_79' title='bbox 594 1275 632 1286; x_wconf 93' lang='lat'><em>-</em></span> <span class='ocrx_word' id='word_1_80' title='bbox 661 1248 784 1305; x_wconf 77' lang='lat' dir='ltr'><strong>recessit</strong></span> <span class='ocrx_word' id='word_1_81' title='bbox 813 1245 910 1306; x_wconf 90' lang='lat' dir='ltr'><strong>medio</strong></span> <span class='ocrx_word' id='word_1_82' title='bbox 934 1264 953 1304; x_wconf 86' lang='lat' dir='ltr'><strong>a</strong></span> <span class='ocrx_word' id='word_1_83' title='bbox 974 1245 1045 1306; x_wconf 93' lang='lat' dir='ltr'><strong>ludo</strong></span> <span class='ocrx_word' id='word_1_84' title='bbox 1068 1249 1221 1307; x_wconf 84' lang='lat' dir='ltr'><strong>conuiuali</strong></span> <span class='ocrx_word' id='word_1_85' title='bbox 1245 1250 1297 1324; x_wconf 89' lang='lat' dir='ltr'><strong>qui</strong></span> 
     </span>
     <span class='ocr_line' id='line_1_11' title="bbox 145 1331 1295 1411; baseline 0.004 -19"><span class='ocrx_word' id='word_1_86' title='bbox 145 1336 190 1392; x_wconf 88' lang='lat' dir='ltr'><strong>est</strong></span> <span class='ocrx_word' id='word_1_87' title='bbox 218 1333 357 1410; x_wconf 85' lang='lat' dir='ltr'><strong>potandi,</strong></span> <span class='ocrx_word' id='word_1_88' title='bbox 385 1335 456 1410; x_wconf 87' lang='lat' dir='ltr'><strong>quis</strong></span> <span class='ocrx_word' id='word_1_89' title='bbox 484 1334 558 1393; x_wconf 92' lang='lat' dir='ltr'><strong>bene</strong></span> <span class='ocrx_word' id='word_1_90' title='bbox 580 1337 669 1411; x_wconf 91' lang='lat' dir='ltr'><strong>potus</strong></span> <span class='ocrx_word' id='word_1_91' title='bbox 696 1337 769 1393; x_wconf 85' lang='lat' dir='ltr'><strong>erat.</strong></span> <span class='ocrx_word' id='word_1_92' title='bbox 814 1335 892 1394; x_wconf 87' lang='lat' dir='ltr'><strong>Nam</strong></span> <span class='ocrx_word' id='word_1_93' title='bbox 924 1331 990 1394; x_wconf 83' lang='lat' dir='ltr'><strong>‘aut</strong></span> <span class='ocrx_word' id='word_1_94' title='bbox 1012 1334 1096 1394; x_wconf 85' lang='lat' dir='ltr'><strong>bibat</strong></span> <span class='ocrx_word' id='word_1_95' title='bbox 1120 1338 1173 1395; x_wconf 90' lang='lat' dir='ltr'><strong>aut</strong></span> <span class='ocrx_word' id='word_1_96' title='bbox 1195 1332 1295 1397; x_wconf 85' lang='lat' dir='ltr'><strong>abeat’</strong></span> 
     </span>
     <span class='ocr_line' id='line_1_12' title="bbox 145 1415 1295 1504; baseline 0.004 -23"><span class='ocrx_word' id='word_1_97' title='bbox 145 1422 228 1482; x_wconf 89' lang='lat' dir='ltr'><strong>iubet</strong></span> <span class='ocrx_word' id='word_1_98' title='bbox 264 1424 311 1481; x_wconf 84' lang='lat' dir='ltr'><strong>lex</strong></span> <span class='ocrx_word' id='word_1_99' title='bbox 348 1423 513 1482; x_wconf 88' lang='lat' dir='ltr'><strong>conuiualis</strong></span> <span class='ocrx_word' id='word_1_100' title='bbox 550 1415 625 1503; x_wconf 84' lang='grc'>(016.</span> <span class='ocrx_word' id='word_1_101' title='bbox 650 1424 734 1484; x_wconf 86' lang='lat' dir='ltr'><strong>Taso.</strong></span> <span class='ocrx_word' id='word_1_102' title='bbox 758 1425 786 1480; x_wconf 87' lang='lat' dir='ltr'>V</span> <span class='ocrx_word' id='word_1_103' title='bbox 812 1417 899 1504; x_wconf 86' lang='grc'>118).</span> <span class='ocrx_word' id='word_1_104' title='bbox 954 1422 1054 1485; x_wconf 89' lang='lat' dir='ltr'><strong>Ludos</strong></span> <span class='ocrx_word' id='word_1_105' title='bbox 1092 1427 1124 1484; x_wconf 90' lang='lat' dir='ltr'><strong>in</strong></span> <span class='ocrx_word' id='word_1_106' title='bbox 1157 1426 1295 1486; x_wconf 93' lang='lat' dir='ltr'><strong>conuiuio</strong></span> 
     </span>
     <span class='ocr_line' id='line_1_13' title="bbox 144 1509 1294 1590; baseline 0.003 -18"><span class='ocrx_word' id='word_1_107' title='bbox 144 1517 358 1573; x_wconf 86' lang='lat' dir='ltr'><strong>commemorat</strong></span> <span class='ocrx_word' id='word_1_108' title='bbox 389 1511 505 1572; x_wconf 86' lang='lat' dir='ltr'><strong>Lucret.</strong></span> <span class='ocrx_word' id='word_1_109' title='bbox 519 1511 563 1570; x_wconf 84' lang='lat' dir='ltr'><strong>IV</strong></span> <span class='ocrx_word' id='word_1_110' title='bbox 584 1515 666 1573; x_wconf 90' lang='grc'>1131</span> <span class='ocrx_word' id='word_1_111' title='bbox 703 1509 824 1573; x_wconf 84' lang='lat' dir='ltr'><strong>‘eximia</strong></span> <span class='ocrx_word' id='word_1_112' title='bbox 855 1516 938 1573; x_wconf 89' lang='lat' dir='ltr'><strong>ueste</strong></span> <span class='ocrx_word' id='word_1_113' title='bbox 970 1516 1001 1573; x_wconf 91' lang='lat' dir='ltr'><strong>et</strong></span> <span class='ocrx_word' id='word_1_114' title='bbox 1033 1513 1115 1574; x_wconf 92' lang='lat' dir='ltr'><strong>uictu</strong></span> <span class='ocrx_word' id='word_1_115' title='bbox 1147 1517 1294 1590; x_wconf 87' lang='lat' dir='ltr'><strong>conuiuia,</strong></span> 
     </span>
     <span class='ocr_line' id='line_1_14' title="bbox 144 1598 1295 1681; baseline 0.003 -20"><span class='ocrx_word' id='word_1_116' title='bbox 144 1603 216 1677; x_wconf 69' lang='lat' dir='ltr'><strong>ludi,</strong></span> <span class='ocrx_word' id='word_1_117' title='bbox 239 1603 348 1680; x_wconf 89' lang='lat' dir='ltr'><strong>pocula</strong></span> <span class='ocrx_word' id='word_1_118' title='bbox 371 1601 488 1676; x_wconf 88' lang='lat' dir='ltr'><strong>crebra,</strong></span> <span class='ocrx_word' id='word_1_119' title='bbox 515 1598 678 1681; x_wconf 63' lang='lat' dir='ltr'><strong>unprenta&#39;</strong></span> <span class='ocrx_word' id='word_1_120' title='bbox 703 1623 727 1662; x_wconf 90' lang='grc'><strong>6.</strong></span> <span class='ocrx_word' id='word_1_121' title='bbox 742 1623 770 1679; x_wconf 90' lang='lat' dir='ltr'><strong>q.</strong></span> <span class='ocrx_word' id='word_1_122' title='bbox 785 1622 808 1663; x_wconf 92' lang='lat' dir='ltr'><strong>s.</strong></span> <span class='ocrx_word' id='word_1_123' title='bbox 832 1602 892 1662; x_wconf 83' lang='grc'>016.</span> <span class='ocrx_word' id='word_1_124' title='bbox 911 1603 948 1661; x_wconf 91' lang='lat' dir='ltr'><strong>de</strong></span> <span class='ocrx_word' id='word_1_125' title='bbox 976 1603 1136 1663; x_wconf 83' lang='grc' dir='ltr'>111.Π23</span> <span class='ocrx_word' id='word_1_126' title='bbox 1161 1600 1295 1680; x_wconf 88' lang='lat' dir='ltr'><strong>‘optimis</strong></span> 
     </span>
     <span class='ocr_line' id='line_1_15' title="bbox 143 1691 1296 1770; baseline 0.003 -19"><span class='ocrx_word' id='word_1_127' title='bbox 143 1693 221 1752; x_wconf 84' lang='lat' dir='ltr'><strong>cocis</strong></span> <span class='ocrx_word' id='word_1_128' title='bbox 311 1692 418 1769; x_wconf 91' lang='lat' dir='ltr'><strong>quibus</strong></span> <span class='ocrx_word' id='word_1_129' title='bbox 448 1693 552 1751; x_wconf 91' lang='lat' dir='ltr'><strong>uinum</strong></span> <span class='ocrx_word' id='word_1_130' title='bbox 583 1691 721 1752; x_wconf 87' lang='lat' dir='ltr'><strong>defusum</strong></span> <span class='ocrx_word' id='word_1_131' title='bbox 754 1711 770 1751; x_wconf 93' lang='lat' dir='ltr'><strong>e</strong></span> <span class='ocrx_word' id='word_1_132' title='bbox 802 1694 890 1770; x_wconf 91' lang='lat' dir='ltr'><strong>pleno</strong></span> <span class='ocrx_word' id='word_1_133' title='bbox 918 1693 960 1751; x_wconf 90' lang='grc'><strong>611</strong></span> <span class='ocrx_word' id='word_1_134' title='bbox 986 1693 1154 1770; x_wconf 80' lang='lat' dir='ltr'><strong>chrysizon,</strong></span> <span class='ocrx_word' id='word_1_135' title='bbox 1187 1698 1222 1753; x_wconf 89' lang='lat' dir='ltr'><strong>ut</strong></span> <span class='ocrx_word' id='word_1_136' title='bbox 1251 1694 1296 1754; x_wconf 90' lang='lat' dir='ltr'><strong>ait</strong></span> 
     </span>
     <span class='ocr_line' id='line_1_16' title="bbox 142 1780 1293 1857; baseline 0.003 -17"><span class='ocrx_word' id='word_1_137' title='bbox 142 1781 276 1841; x_wconf 84' lang='lat' dir='ltr'><strong>Lucilius</strong></span> <span class='ocrx_word' id='word_1_138' title='bbox 365 1780 535 1841; x_wconf 76' lang='lat' dir='ltr'><strong>adhibentis</strong></span> <span class='ocrx_word' id='word_1_139' title='bbox 561 1781 647 1842; x_wconf 90' lang='lat' dir='ltr'><strong>ludos</strong></span> <span class='ocrx_word' id='word_1_140' title='bbox 675 1785 706 1842; x_wconf 91' lang='lat' dir='ltr'><strong>et</strong></span> <span class='ocrx_word' id='word_1_141' title='bbox 733 1800 810 1857; x_wconf 87' lang='lat' dir='ltr'><strong>quae</strong></span> <span class='ocrx_word' id='word_1_142' title='bbox 833 1784 983 1856; x_wconf 86' lang='lat' dir='ltr'><strong>secuntur,</strong></span> <span class='ocrx_word' id='word_1_143' title='bbox 1007 1828 1058 1840; x_wconf 95' lang='lat'><strong>...</strong></span> <span class='ocrx_word' id='word_1_144' title='bbox 1078 1782 1179 1842; x_wconf 82' lang='lat' dir='ltr'><strong>adsint</strong></span> <span class='ocrx_word' id='word_1_145' title='bbox 1200 1785 1293 1843; x_wconf 88' lang='lat' dir='ltr'><strong>etiam</strong></span> 
     </span>
     <span class='ocr_line' id='line_1_17' title="bbox 143 1865 1293 1948; baseline 0.003 -19"><span class='ocrx_word' id='word_1_146' title='bbox 143 1871 265 1933; x_wconf 87' lang='lat' dir='ltr'><strong>formosi</strong></span> <span class='ocrx_word' id='word_1_147' title='bbox 288 1866 384 1948; x_wconf 86' lang='lat' dir='ltr'><strong>pueri&#39;</strong></span> <span class='ocrx_word' id='word_1_148' title='bbox 409 1890 433 1930; x_wconf 90' lang='lat' dir='ltr'><strong>e.</strong></span> <span class='ocrx_word' id='word_1_149' title='bbox 448 1890 476 1947; x_wconf 88' lang='lat' dir='ltr'><strong>q.</strong></span> <span class='ocrx_word' id='word_1_150' title='bbox 491 1891 513 1932; x_wconf 88' lang='lat' dir='ltr'><strong>s.</strong></span> <span class='ocrx_word' id='word_1_151' title='bbox 554 1870 659 1932; x_wconf 90' lang='lat' dir='ltr'><strong>lustin.</strong></span> <span class='ocrx_word' id='word_1_152' title='bbox 674 1871 716 1930; x_wconf 90' lang='lat' dir='ltr'><strong>IX</strong></span> <span class='ocrx_word' id='word_1_153' title='bbox 736 1873 765 1946; x_wconf 83' lang='lat'><strong>4,</strong></span> <span class='ocrx_word' id='word_1_154' title='bbox 787 1875 801 1930; x_wconf 93' lang='lat'>1</span> <span class='ocrx_word' id='word_1_155' title='bbox 829 1865 899 1933; x_wconf 81' lang='lat' dir='ltr'><strong>‘nou</strong></span> <span class='ocrx_word' id='word_1_156' title='bbox 921 1871 952 1930; x_wconf 92' lang='lat' dir='ltr'><strong>in</strong></span> <span class='ocrx_word' id='word_1_157' title='bbox 973 1873 1112 1932; x_wconf 90' lang='lat' dir='ltr'><strong>conuiuio</strong></span> <span class='ocrx_word' id='word_1_158' title='bbox 1134 1874 1211 1948; x_wconf 87' lang='lat' dir='ltr'><strong>risit,</strong></span> <span class='ocrx_word' id='word_1_159' title='bbox 1234 1893 1293 1933; x_wconf 91' lang='lat' dir='ltr'><strong>uon</strong></span> 
     </span>
     <span class='ocr_line' id='line_1_18' title="bbox 143 1959 1292 2039; baseline 0.003 -20"><span class='ocrx_word' id='word_1_160' title='bbox 143 1960 230 2022; x_wconf 87' lang='lat' dir='ltr'><strong>ludos</strong></span> <span class='ocrx_word' id='word_1_161' title='bbox 246 1960 325 2020; x_wconf 87' lang='lat' dir='ltr'><strong>inter</strong></span> <span class='ocrx_word' id='word_1_162' title='bbox 338 1961 441 2036; x_wconf 89' lang='lat' dir='ltr'><strong>epulas</strong></span> <span class='ocrx_word' id='word_1_163' title='bbox 456 1960 601 2036; x_wconf 78' lang='lat' dir='ltr'><strong>adhibuit,</strong></span> <span class='ocrx_word' id='word_1_164' title='bbox 619 1980 679 2020; x_wconf 94' lang='lat' dir='ltr'><strong>nou</strong></span> <span class='ocrx_word' id='word_1_165' title='bbox 693 1979 817 2021; x_wconf 88' lang='lat' dir='ltr'><strong>coronas</strong></span> <span class='ocrx_word' id='word_1_166' title='bbox 830 1963 886 2021; x_wconf 89' lang='lat' dir='ltr'><strong>aut</strong></span> <span class='ocrx_word' id='word_1_167' title='bbox 900 1965 1054 2039; x_wconf 77' lang='lat' dir='ltr'><strong>unguenta</strong></span> <span class='ocrx_word' id='word_1_168' title='bbox 1068 1959 1222 2039; x_wconf 86' lang='lat' dir='ltr'><strong>sumpsit&#39;:</strong></span> <span class='ocrx_word' id='word_1_169' title='bbox 1241 1964 1292 2023; x_wconf 88' lang='lat' dir='ltr'><strong>sed</strong></span> 
     </span>
     <span class='ocr_line' id='line_1_19' title="bbox 141 2049 1293 2130; baseline 0.005 -23"><span class='ocrx_word' id='word_1_170' title='bbox 141 2050 202 2109; x_wconf 91' lang='lat' dir='ltr'><strong>illis</strong></span> <span class='ocrx_word' id='word_1_171' title='bbox 220 2051 294 2110; x_wconf 90' lang='lat' dir='ltr'><strong>locis</strong></span> <span class='ocrx_word' id='word_1_172' title='bbox 312 2052 412 2126; x_wconf 90' lang='lat' dir='ltr'><strong>potius</strong></span> <span class='ocrx_word' id='word_1_173' title='bbox 426 2049 620 2127; x_wconf 87' lang='lat' dir='ltr'><strong>symphoniae</strong></span> <span class='ocrx_word' id='word_1_174' title='bbox 639 2051 815 2111; x_wconf 87' lang='lat' dir='ltr'><strong>saltationes</strong></span> <span class='ocrx_word' id='word_1_175' title='bbox 833 2051 895 2111; x_wconf 86' lang='lat' dir='ltr'><strong>elia</strong></span> <span class='ocrx_word' id='word_1_176' title='bbox 913 2051 944 2110; x_wconf 91' lang='lat' dir='ltr'><strong>id</strong></span> <span class='ocrx_word' id='word_1_177' title='bbox 963 2070 1056 2130; x_wconf 79' lang='lat' dir='ltr'><strong>genus</strong></span> <span class='ocrx_word' id='word_1_178' title='bbox 1074 2051 1293 2113; x_wconf 85' lang='lat' dir='ltr'><strong>oblectamenta</strong></span> 
     </span>
     <span class='ocr_line' id='line_1_20' title="bbox 142 2131 1293 2221; baseline 0.003 -22"><span class='ocrx_word' id='word_1_179' title='bbox 142 2143 315 2214; x_wconf 89' lang='lat' dir='ltr'><strong>spectantur</strong></span> <span class='ocrx_word' id='word_1_180' title='bbox 337 2132 471 2219; x_wconf 84' lang='lat' dir='ltr'><strong>(Vitruu.</strong></span> <span class='ocrx_word' id='word_1_181' title='bbox 486 2139 530 2197; x_wconf 89' lang='lat' dir='ltr'><strong>Vl</strong></span> <span class='ocrx_word' id='word_1_182' title='bbox 551 2141 617 2215; x_wconf 82' lang='lat'><strong>7,3</strong></span> <span class='ocrx_word' id='word_1_183' title='bbox 637 2160 666 2216; x_wconf 95' lang='lat' dir='ltr'><strong>p.</strong></span> <span class='ocrx_word' id='word_1_184' title='bbox 683 2142 756 2215; x_wconf 87' lang='grc'>150,</span> <span class='ocrx_word' id='word_1_185' title='bbox 771 2131 814 2221; x_wconf 89' lang='grc'><strong>2).</strong></span> <span class='ocrx_word' id='word_1_186' title='bbox 862 2139 996 2200; x_wconf 88' lang='lat' dir='ltr'><strong>Similem</strong></span> <span class='ocrx_word' id='word_1_187' title='bbox 1018 2141 1123 2201; x_wconf 91' lang='lat' dir='ltr'><strong>ludum</strong></span> <span class='ocrx_word' id='word_1_188' title='bbox 1146 2146 1293 2202; x_wconf 88' lang='lat' dir='ltr'><strong>memorat</strong></span> 
     </span>
     <span class='ocr_line' id='line_1_21' title="bbox 141 2224 1290 2309; baseline 0.003 -22"><span class='ocrx_word' id='word_1_189' title='bbox 141 2228 245 2288; x_wconf 86' lang='lat' dir='ltr'><strong>Horat.</strong></span> <span class='ocrx_word' id='word_1_190' title='bbox 264 2248 349 2288; x_wconf 88' lang='lat' dir='ltr'><strong>serm.</strong></span> <span class='ocrx_word' id='word_1_191' title='bbox 363 2228 394 2287; x_wconf 94' lang='grc' dir='ltr'><strong>ΙΙ</strong></span> <span class='ocrx_word' id='word_1_192' title='bbox 414 2231 443 2302; x_wconf 89' lang='grc'><strong>2,</strong></span> <span class='ocrx_word' id='word_1_193' title='bbox 464 2230 526 2288; x_wconf 87' lang='grc'><strong>123</strong></span> <span class='ocrx_word' id='word_1_194' title='bbox 547 2224 700 2306; x_wconf 82' lang='lat' dir='ltr'><strong>‘posthoc</strong></span> <span class='ocrx_word' id='word_1_195' title='bbox 718 2230 806 2289; x_wconf 90' lang='lat' dir='ltr'><strong>ludus</strong></span> <span class='ocrx_word' id='word_1_196' title='bbox 825 2232 890 2288; x_wconf 90' lang='lat' dir='ltr'><strong>erat</strong></span> <span class='ocrx_word' id='word_1_197' title='bbox 903 2230 992 2307; x_wconf 89' lang='lat' dir='ltr'><strong>culpa</strong></span> <span class='ocrx_word' id='word_1_198' title='bbox 1005 2233 1111 2307; x_wconf 89' lang='lat' dir='ltr'><strong>potare</strong></span> <span class='ocrx_word' id='word_1_199' title='bbox 1125 2228 1290 2309; x_wconf 80' lang='lat' dir='ltr'><strong>magistra&#39;.</strong></span> 
     </span>
    </p>

    <p class='ocr_par' dir='ltr' id='par_1_4' title="bbox 140 2308 1292 2484">
     <span class='ocr_line' id='line_1_22' title="bbox 234 2308 1291 2397; baseline 0.003 -21"><span class='ocrx_word' id='word_1_200' title='bbox 234 2308 340 2377; x_wconf 77' lang='lat'><strong>1071.</strong></span> <span class='ocrx_word' id='word_1_201' title='bbox 371 2318 488 2378; x_wconf 91' lang='lat' dir='ltr'><strong>Nonius</strong></span> <span class='ocrx_word' id='word_1_202' title='bbox 519 2337 548 2394; x_wconf 93' lang='lat' dir='ltr'><strong>p.</strong></span> <span class='ocrx_word' id='word_1_203' title='bbox 565 2319 643 2391; x_wconf 89' lang='grc'><strong>277,</strong></span> <span class='ocrx_word' id='word_1_204' title='bbox 663 2319 705 2378; x_wconf 88' lang='grc'><strong>30</strong></span> <span class='ocrx_word' id='word_1_205' title='bbox 736 2315 851 2379; x_wconf 83' lang='lat' dir='ltr'><strong>‘Delios</strong></span> <span class='ocrx_word' id='word_1_206' title='bbox 887 2322 932 2380; x_wconf 90' lang='lat' dir='ltr'><strong>est</strong></span> <span class='ocrx_word' id='word_1_207' title='bbox 969 2319 1051 2396; x_wconf 89' lang='lat' dir='ltr'><strong>aperi</strong></span> <span class='ocrx_word' id='word_1_208' title='bbox 1089 2323 1120 2379; x_wconf 92' lang='lat' dir='ltr'><strong>et</strong></span> <span class='ocrx_word' id='word_1_209' title='bbox 1156 2323 1291 2397; x_wconf 81' lang='lat' dir='ltr'><strong>explana.</strong></span> 
     </span>
     <span class='ocr_line' id='line_1_23' title="bbox 140 2400 1292 2484; baseline 0.003 -18"><span class='ocrx_word' id='word_1_210' title='bbox 140 2406 275 2466; x_wconf 88' lang='lat' dir='ltr'><strong>Luoihus</strong></span> <span class='ocrx_word' id='word_1_211' title='bbox 302 2405 352 2465; x_wconf 93' lang='lat' dir='ltr'><strong>lib.</strong></span> <span class='ocrx_word' id='word_1_212' title='bbox 371 2406 453 2464; x_wconf 92' lang='lat' dir='ltr'><strong>XXX</strong></span> <span class='ocrx_word' id='word_1_213' title='bbox 486 2400 596 2466; x_wconf 84' lang='lat' dir='ltr'><strong>“nemo</strong></span> <span class='ocrx_word' id='word_1_214' title='bbox 632 2409 725 2466; x_wconf 88' lang='lat' dir='ltr'><strong>istum</strong></span> <span class='ocrx_word' id='word_1_215' title='bbox 761 2410 895 2467; x_wconf 90' lang='lat' dir='ltr'><strong>uentrem</strong></span> <span class='ocrx_word' id='word_1_216' title='bbox 930 2408 1091 2484; x_wconf 88' lang='lat' dir='ltr'><strong>pertundet</strong></span> <span class='ocrx_word' id='word_1_217' title='bbox 1126 2409 1292 2484; x_wconf 66' lang='grc' dir='ltr'>61171σὶ11661</span> 
     </span>
    </p>
   </div>
   <div class='ocr_carea' id='block_1_3' title="bbox 139 2488 1291 2826">
    <p class='ocr_par' dir='ltr' id='par_1_5' title="bbox 139 2488 1291 2826">
     <span class='ocr_line' id='line_1_24' title="bbox 140 2488 1291 2576; baseline 0.004 -22"><span class='ocrx_word' id='word_1_218' title='bbox 140 2488 232 2576; x_wconf 89' lang='lat' dir='ltr'><strong>(quae</strong></span> <span class='ocrx_word' id='word_1_219' title='bbox 263 2496 293 2554; x_wconf 87' lang='lat' dir='ltr'><strong>L</strong></span> <span class='ocrx_word' id='word_1_220' title='bbox 311 2515 348 2556; x_wconf 86' lang='lat' dir='ltr'><strong>m.</strong></span> <span class='ocrx_word' id='word_1_221' title='bbox 365 2488 399 2576; x_wconf 82' lang='lat'><strong>1)</strong></span> <span class='ocrx_word' id='word_1_222' title='bbox 429 2498 472 2555; x_wconf 77' lang='lat' dir='ltr'><strong>uti</strong></span> <span class='ocrx_word' id='word_1_223' title='bbox 503 2498 557 2555; x_wconf 76' lang='lat' dir='ltr'><strong>cic</strong></span> <span class='ocrx_word' id='word_1_224' title='bbox 592 2498 683 2573; x_wconf 88' lang='lat' dir='ltr'><strong>atque</strong></span> <span class='ocrx_word' id='word_1_225' title='bbox 715 2490 874 2558; x_wconf 89' lang='lat' dir='ltr'><strong>uidebis’&#39;.&#39;</strong></span> <span class='ocrx_word' id='word_1_226' title='bbox 926 2497 1094 2557; x_wconf 88' lang='lat' dir='ltr'><strong>Transtulit</strong></span> <span class='ocrx_word' id='word_1_227' title='bbox 1129 2498 1291 2559; x_wconf 87' lang='lat' dir='ltr'><strong>Muellerus</strong></span> 
     </span>
     <span class='ocr_line' id='line_1_25' title="bbox 140 2582 1291 2662; baseline 0.003 -18"><span class='ocrx_word' id='word_1_228' title='bbox 140 2584 231 2645; x_wconf 89' lang='lat' dir='ltr'><strong>uerba</strong></span> <span class='ocrx_word' id='word_1_229' title='bbox 263 2584 372 2645; x_wconf 88' lang='lat' dir='ltr'><strong>Lucilii</strong></span> <span class='ocrx_word' id='word_1_230' title='bbox 403 2585 442 2644; x_wconf 91' lang='lat' dir='ltr'><strong>ad</strong></span> <span class='ocrx_word' id='word_1_231' title='bbox 473 2586 582 2645; x_wconf 85' lang='lat' dir='ltr'><strong>lemma</strong></span> <span class='ocrx_word' id='word_1_232' title='bbox 613 2586 692 2662; x_wconf 89' lang='lat' dir='ltr'><strong>quod</strong></span> <span class='ocrx_word' id='word_1_233' title='bbox 721 2585 871 2646; x_wconf 89' lang='lat' dir='ltr'><strong>antecedit</strong></span> <span class='ocrx_word' id='word_1_234' title='bbox 902 2582 1038 2646; x_wconf 84' lang='lat' dir='ltr'><strong>‘delicere</strong></span> <span class='ocrx_word' id='word_1_235' title='bbox 1073 2590 1118 2647; x_wconf 86' lang='lat' dir='ltr'><strong>est</strong></span> <span class='ocrx_word' id='word_1_236' title='bbox 1149 2584 1291 2648; x_wconf 88' lang='lat' dir='ltr'><strong>inlicere&#39;:</strong></span> 
     </span>
     <span class='ocr_line' id='line_1_26' title="bbox 139 2674 1289 2752; baseline 0.003 -18"><span class='ocrx_word' id='word_1_237' title='bbox 139 2674 295 2752; x_wconf 89' lang='lat' dir='ltr'><strong>probarem</strong></span> <span class='ocrx_word' id='word_1_238' title='bbox 314 2675 338 2735; x_wconf 93' lang='lat' dir='ltr'><strong>si</strong></span> <span class='ocrx_word' id='word_1_239' title='bbox 358 2676 390 2733; x_wconf 93' lang='lat' dir='ltr'><strong>in</strong></span> <span class='ocrx_word' id='word_1_240' title='bbox 408 2692 496 2734; x_wconf 90' lang='lat' dir='ltr'><strong>uersu</strong></span> <span class='ocrx_word' id='word_1_241' title='bbox 515 2674 624 2734; x_wconf 90' lang='lat' dir='ltr'><strong>Lucilii</strong></span> <span class='ocrx_word' id='word_1_242' title='bbox 640 2675 721 2735; x_wconf 89' lang='lat' dir='ltr'><strong>istud</strong></span> <span class='ocrx_word' id='word_1_243' title='bbox 734 2676 899 2751; x_wconf 70' lang='lat' dir='ltr'><strong>delicisiqoe</strong></span> <span class='ocrx_word' id='word_1_244' title='bbox 913 2676 992 2752; x_wconf 91' lang='lat' dir='ltr'><strong>quod</strong></span> <span class='ocrx_word' id='word_1_245' title='bbox 1005 2677 1146 2736; x_wconf 91' lang='lat' dir='ltr'><strong>conuenit</strong></span> <span class='ocrx_word' id='word_1_246' title='bbox 1159 2678 1289 2737; x_wconf 88' lang='lat' dir='ltr'><strong>numeris</strong></span> 
     </span>
     <span class='ocr_line' id='line_1_27' title="bbox 139 2764 1289 2826; baseline 0.002 -3"><span class='ocrx_word' id='word_1_247' title='bbox 139 2764 311 2823; x_wconf 86' lang='lat' dir='ltr'><strong>conueniret</strong></span> <span class='ocrx_word' id='word_1_248' title='bbox 338 2766 429 2824; x_wconf 86' lang='lat' dir='ltr'><strong>etiam</strong></span> <span class='ocrx_word' id='word_1_249' title='bbox 457 2765 630 2824; x_wconf 85' lang='lat' dir='ltr'><strong>sententiae.</strong></span> <span class='ocrx_word' id='word_1_250' title='bbox 676 2765 788 2824; x_wconf 78' lang='lat' dir='ltr'><strong>Eadem</strong></span> <span class='ocrx_word' id='word_1_251' title='bbox 817 2766 878 2825; x_wconf 89' lang='grc'>1616</span> <span class='ocrx_word' id='word_1_252' title='bbox 905 2765 1077 2825; x_wconf 88' lang='lat' dir='ltr'><strong>testimonia</strong></span> <span class='ocrx_word' id='word_1_253' title='bbox 1105 2765 1141 2825; x_wconf 90' lang='lat' dir='ltr'><strong>de</strong></span> <span class='ocrx_word' id='word_1_254' title='bbox 1164 2767 1289 2826; x_wconf 75' lang='lat' dir='ltr'><strong>delicere</strong></span> 
     </span>
    </p>
   </div>
   <div class='ocr_carea' id='block_1_4' title="bbox 134 2853 1354 4542">
    <p class='ocr_par' dir='ltr' id='par_1_6' title="bbox 134 2853 1354 4542">
     <span class='ocr_line' id='line_1_28' title="bbox 139 2853 1289 2931; baseline 0.003 -19"><span class='ocrx_word' id='word_1_255' title='bbox 139 2853 285 2914; x_wconf 83' lang='lat' dir='ltr'><strong>uocabulo</strong></span> <span class='ocrx_word' id='word_1_256' title='bbox 313 2853 431 2913; x_wconf 82' lang='lat' dir='ltr'><strong>exhibet</strong></span> <span class='ocrx_word' id='word_1_257' title='bbox 459 2853 574 2914; x_wconf 90' lang='lat' dir='ltr'><strong>Nouius</strong></span> <span class='ocrx_word' id='word_1_258' title='bbox 602 2853 704 2915; x_wconf 88' lang='lat' dir='ltr'><strong>ordine</strong></span> <span class='ocrx_word' id='word_1_259' title='bbox 730 2854 848 2915; x_wconf 90' lang='lat' dir='ltr'><strong>inuerso</strong></span> <span class='ocrx_word' id='word_1_260' title='bbox 876 2876 904 2931; x_wconf 92' lang='lat' dir='ltr'><strong>p.</strong></span> <span class='ocrx_word' id='word_1_261' title='bbox 921 2857 976 2930; x_wconf 82' lang='lat'><strong>98,</strong></span> <span class='ocrx_word' id='word_1_262' title='bbox 997 2856 1015 2914; x_wconf 91' lang='grc'>5</span> <span class='ocrx_word' id='word_1_263' title='bbox 1046 2854 1098 2914; x_wconf 90' lang='lat' dir='ltr'><strong>ubi</strong></span> <span class='ocrx_word' id='word_1_264' title='bbox 1121 2857 1236 2916; x_wconf 89' lang='lat' dir='ltr'><strong>omittit</strong></span> <span class='ocrx_word' id='word_1_265' title='bbox 1258 2861 1289 2916; x_wconf 89' lang='lat' dir='ltr'><strong>et</strong></span> 
     </span>
     <span class='ocr_line' id='line_1_29' title="bbox 138 2942 1288 3005; baseline 0.002 -3"><span class='ocrx_word' id='word_1_266' title='bbox 138 2942 248 3002; x_wconf 91' lang='lat' dir='ltr'><strong>Lucilii</strong></span> <span class='ocrx_word' id='word_1_267' title='bbox 268 2961 370 3003; x_wconf 88' lang='lat' dir='ltr'><strong>uersus</strong></span> <span class='ocrx_word' id='word_1_268' title='bbox 389 2946 419 3002; x_wconf 92' lang='grc'><strong>61</strong></span> <span class='ocrx_word' id='word_1_269' title='bbox 442 2963 534 3002; x_wconf 92' lang='lat' dir='ltr'><strong>unum</strong></span> <span class='ocrx_word' id='word_1_270' title='bbox 553 2942 658 3002; x_wconf 88' lang='lat' dir='ltr'><strong>Titinii</strong></span> <span class='ocrx_word' id='word_1_271' title='bbox 677 2962 794 3004; x_wconf 91' lang='lat' dir='ltr'><strong>uersum</strong></span> <span class='ocrx_word' id='word_1_272' title='bbox 814 2965 848 3003; x_wconf 86' lang='lat' dir='ltr'><strong>ex</strong></span> <span class='ocrx_word' id='word_1_273' title='bbox 867 2944 985 3005; x_wconf 89' lang='lat' dir='ltr'><strong>Proelia</strong></span> <span class='ocrx_word' id='word_1_274' title='bbox 1003 2944 1113 3004; x_wconf 85' lang='lat' dir='ltr'><strong>fabula</strong></span> <span class='ocrx_word' id='word_1_275' title='bbox 1155 2944 1288 3004; x_wconf 85' lang='lat' dir='ltr'><strong>Verbum</strong></span> 
     </span>
     <span class='ocr_line' id='line_1_30' title="bbox 138 3031 1288 3110; baseline 0.002 -18"><span class='ocrx_word' id='word_1_276' title='bbox 138 3033 263 3093; x_wconf 79' lang='lat' dir='ltr'><strong>delicere</strong></span> <span class='ocrx_word' id='word_1_277' title='bbox 289 3031 397 3091; x_wconf 90' lang='lat' dir='ltr'><strong>Lucilii</strong></span> <span class='ocrx_word' id='word_1_278' title='bbox 424 3032 607 3109; x_wconf 84' lang='lat' dir='ltr'><strong>temporibus</strong></span> <span class='ocrx_word' id='word_1_279' title='bbox 635 3033 801 3094; x_wconf 89' lang='lat' dir='ltr'><strong>obsoletum</strong></span> <span class='ocrx_word' id='word_1_280' title='bbox 830 3035 922 3093; x_wconf 82' lang='lat' dir='ltr'><strong>fuisse</strong></span> <span class='ocrx_word' id='word_1_281' title='bbox 949 3034 1017 3093; x_wconf 88' lang='lat' dir='ltr'><strong>inde</strong></span> <span class='ocrx_word' id='word_1_282' title='bbox 1046 3038 1184 3110; x_wconf 88' lang='lat' dir='ltr'><strong>apparet,</strong></span> <span class='ocrx_word' id='word_1_283' title='bbox 1208 3035 1288 3110; x_wconf 93' lang='lat' dir='ltr'><strong>quod</strong></span> 
     </span>
     <span class='ocr_line' id='line_1_31' title="bbox 138 3122 1354 3199; baseline 0.003 -17"><span class='ocrx_word' id='word_1_284' title='bbox 138 3122 274 3182; x_wconf 89' lang='lat' dir='ltr'><strong>omnibus</strong></span> <span class='ocrx_word' id='word_1_285' title='bbox 307 3122 414 3199; x_wconf 88' lang='lat' dir='ltr'><strong>quibus</strong></span> <span class='ocrx_word' id='word_1_286' title='bbox 445 3122 598 3181; x_wconf 87' lang='lat' dir='ltr'><strong>inuenitur</strong></span> <span class='ocrx_word' id='word_1_287' title='bbox 624 3122 698 3183; x_wconf 93' lang='lat' dir='ltr'><strong>locis</strong></span> <span class='ocrx_word' id='word_1_288' title='bbox 726 3143 772 3199; x_wconf 89' lang='lat' dir='ltr'><strong>ap.</strong></span> <span class='ocrx_word' id='word_1_289' title='bbox 792 3124 867 3183; x_wconf 89' lang='lat' dir='ltr'><strong>Non.</strong></span> <span class='ocrx_word' id='word_1_290' title='bbox 883 3125 939 3184; x_wconf 86' lang='grc'><strong>16.</strong></span> <span class='ocrx_word' id='word_1_291' title='bbox 955 3142 976 3182; x_wconf 86' lang='grc'><strong>6.</strong></span> <span class='ocrx_word' id='word_1_292' title='bbox 1009 3125 1041 3183; x_wconf 91' lang='lat' dir='ltr'><strong>iu</strong></span> <span class='ocrx_word' id='word_1_293' title='bbox 1073 3125 1153 3183; x_wconf 88' lang='lat' dir='ltr'><strong>exitu</strong></span> <span class='ocrx_word' id='word_1_294' title='bbox 1185 3143 1288 3185; x_wconf 89' lang='lat' dir='ltr'><strong>uersus</strong></span> <span class='ocrx_word' id='word_1_295' title='bbox 1349 3156 1354 3175; x_wconf 70' lang='grc' dir='ltr'>ι</span> 
     </span>
     <span class='ocr_line' id='line_1_32' title="bbox 137 3211 1288 3291; baseline 0.002 -19"><span class='ocrx_word' id='word_1_296' title='bbox 137 3216 184 3272; x_wconf 90' lang='lat' dir='ltr'><strong>est</strong></span> <span class='ocrx_word' id='word_1_297' title='bbox 214 3214 346 3291; x_wconf 88' lang='lat' dir='ltr'><strong>positum</strong></span> <span class='ocrx_word' id='word_1_298' title='bbox 377 3211 464 3272; x_wconf 89' lang='lat' dir='ltr'><strong>sicuti</strong></span> <span class='ocrx_word' id='word_1_299' title='bbox 493 3211 769 3272; x_wconf 75' lang='grc' dir='ltr'>Ρ16ιι11111.844ε</span> <span class='ocrx_word' id='word_1_300' title='bbox 801 3213 882 3289; x_wconf 91' lang='lat' dir='ltr'><strong>quod</strong></span> <span class='ocrx_word' id='word_1_301' title='bbox 912 3233 982 3272; x_wconf 89' lang='lat' dir='ltr'><strong>num</strong></span> <span class='ocrx_word' id='word_1_302' title='bbox 1009 3213 1089 3272; x_wconf 91' lang='lat' dir='ltr'><strong>idem</strong></span> <span class='ocrx_word' id='word_1_303' title='bbox 1116 3215 1157 3274; x_wconf 92' lang='lat' dir='ltr'><strong>sit</strong></span> <span class='ocrx_word' id='word_1_304' title='bbox 1183 3232 1288 3274; x_wconf 87' lang='lat' dir='ltr'><strong>reuera</strong></span> 
     </span>
     <span class='ocr_line' id='line_1_33' title="bbox 136 3300 1288 3379; baseline 0.003 -19"><span class='ocrx_word' id='word_1_305' title='bbox 136 3305 228 3378; x_wconf 90' lang='lat' dir='ltr'><strong>atque</strong></span> <span class='ocrx_word' id='word_1_306' title='bbox 255 3302 404 3376; x_wconf 66' lang='lat' dir='ltr'><strong>deuouere</strong></span> <span class='ocrx_word' id='word_1_307' title='bbox 432 3302 512 3378; x_wconf 88' lang='lat' dir='ltr'><strong>quod</strong></span> <span class='ocrx_word' id='word_1_308' title='bbox 539 3322 557 3361; x_wconf 86' lang='lat' dir='ltr'><strong>a</strong></span> <span class='ocrx_word' id='word_1_309' title='bbox 583 3301 727 3378; x_wconf 91' lang='lat' dir='ltr'><strong>liquando</strong></span> <span class='ocrx_word' id='word_1_310' title='bbox 754 3301 912 3362; x_wconf 89' lang='lat' dir='ltr'><strong>deducitur</strong></span> <span class='ocrx_word' id='word_1_311' title='bbox 940 3302 1052 3363; x_wconf 86' lang='lat' dir='ltr'><strong>dubito.</strong></span> <span class='ocrx_word' id='word_1_312' title='bbox 1099 3300 1288 3379; x_wconf 70' lang='lat' dir='ltr'><strong>colloquium</strong></span> 
     </span>
     <span class='ocr_line' id='line_1_34' title="bbox 137 3386 1286 3468; baseline 0.002 -17"><span class='ocrx_word' id='word_1_313' title='bbox 137 3410 199 3451; x_wconf 89' lang='lat' dir='ltr'><strong>esse</strong></span> <span class='ocrx_word' id='word_1_314' title='bbox 222 3391 404 3452; x_wconf 89' lang='lat' dir='ltr'><strong>lasciuorum</strong></span> <span class='ocrx_word' id='word_1_315' title='bbox 426 3392 581 3451; x_wconf 92' lang='lat' dir='ltr'><strong>hominum</strong></span> <span class='ocrx_word' id='word_1_316' title='bbox 609 3411 643 3450; x_wconf 85' lang='lat' dir='ltr'><strong>ex</strong></span> <span class='ocrx_word' id='word_1_317' title='bbox 666 3410 799 3451; x_wconf 89' lang='lat' dir='ltr'><strong>sermone</strong></span> <span class='ocrx_word' id='word_1_318' title='bbox 824 3394 961 3468; x_wconf 83' lang='lat' dir='ltr'><strong>apertum</strong></span> <span class='ocrx_word' id='word_1_319' title='bbox 983 3395 1041 3453; x_wconf 90' lang='lat' dir='ltr'><strong>est:</strong></span> <span class='ocrx_word' id='word_1_320' title='bbox 1070 3386 1168 3452; x_wconf 82' lang='lat' dir='ltr'><strong>‘nemo</strong></span> <span class='ocrx_word' id='word_1_321' title='bbox 1195 3395 1286 3453; x_wconf 88' lang='lat' dir='ltr'><strong>istum</strong></span> 
     </span>
     <span class='ocr_line' id='line_1_35' title="bbox 137 3476 1287 3561; baseline 0.003 -22"><span class='ocrx_word' id='word_1_322' title='bbox 137 3484 272 3541; x_wconf 91' lang='lat' dir='ltr'><strong>uentrem</strong></span> <span class='ocrx_word' id='word_1_323' title='bbox 294 3476 464 3558; x_wconf 88' lang='lat' dir='ltr'><strong>pertundet&#39;</strong></span> <span class='ocrx_word' id='word_1_324' title='bbox 489 3479 601 3540; x_wconf 90' lang='lat' dir='ltr'><strong>dictum</strong></span> <span class='ocrx_word' id='word_1_325' title='bbox 625 3482 659 3539; x_wconf 89' lang='lat' dir='ltr'><strong>ut</strong></span> <span class='ocrx_word' id='word_1_326' title='bbox 683 3476 780 3541; x_wconf 86' lang='lat' dir='ltr'><strong>‘nemo</strong></span> <span class='ocrx_word' id='word_1_327' title='bbox 803 3482 857 3543; x_wconf 92' lang='lat' dir='ltr'><strong>hos</strong></span> <span class='ocrx_word' id='word_1_328' title='bbox 881 3483 1025 3559; x_wconf 86' lang='lat' dir='ltr'><strong>ancipites</strong></span> <span class='ocrx_word' id='word_1_329' title='bbox 1049 3483 1127 3543; x_wconf 90' lang='grc'>16116</span> <span class='ocrx_word' id='word_1_330' title='bbox 1146 3483 1287 3561; x_wconf 79' lang='lat' dir='ltr'><strong>effringat</strong></span> 
     </span>
     <span class='ocr_line' id='line_1_36' title="bbox 136 3565 1286 3651; baseline 0.003 -23"><span class='ocrx_word' id='word_1_331' title='bbox 136 3565 283 3631; x_wconf 87' lang='lat' dir='ltr'><strong>cardines&#39;</strong></span> <span class='ocrx_word' id='word_1_332' title='bbox 311 3569 362 3630; x_wconf 92' lang='lat' dir='ltr'><strong>lib.</strong></span> <span class='ocrx_word' id='word_1_333' title='bbox 376 3569 474 3629; x_wconf 91' lang='lat' dir='ltr'>XXIX</span> <span class='ocrx_word' id='word_1_334' title='bbox 492 3591 520 3632; x_wconf 89' lang='lat' dir='ltr'><strong>u.</strong></span> <span class='ocrx_word' id='word_1_335' title='bbox 537 3571 614 3629; x_wconf 81' lang='lat'>840:</span> <span class='ocrx_word' id='word_1_336' title='bbox 647 3571 771 3629; x_wconf 91' lang='lat' dir='ltr'><strong>immani</strong></span> <span class='ocrx_word' id='word_1_337' title='bbox 807 3573 921 3631; x_wconf 87' lang='lat' dir='ltr'><strong>uentris</strong></span> <span class='ocrx_word' id='word_1_338' title='bbox 953 3573 1059 3651; x_wconf 80' lang='lat' dir='ltr'><strong>sagina</strong></span> <span class='ocrx_word' id='word_1_339' title='bbox 1090 3575 1191 3632; x_wconf 89' lang='lat' dir='ltr'><strong>tutum</strong></span> <span class='ocrx_word' id='word_1_340' title='bbox 1223 3574 1286 3632; x_wconf 86' lang='grc'>1616</span> 
     </span>
     <span class='ocr_line' id='line_1_37' title="bbox 137 3659 1286 3737; baseline 0.002 -19"><span class='ocrx_word' id='word_1_341' title='bbox 137 3659 268 3719; x_wconf 89' lang='lat' dir='ltr'><strong>sodalem</strong></span> <span class='ocrx_word' id='word_1_342' title='bbox 292 3678 311 3719; x_wconf 92' lang='lat' dir='ltr'><strong>a</strong></span> <span class='ocrx_word' id='word_1_343' title='bbox 337 3660 464 3720; x_wconf 90' lang='lat' dir='ltr'><strong>latronis</strong></span> <span class='ocrx_word' id='word_1_344' title='bbox 490 3659 607 3720; x_wconf 92' lang='lat' dir='ltr'><strong>insidiis</strong></span> <span class='ocrx_word' id='word_1_345' title='bbox 634 3660 791 3721; x_wconf 87' lang='lat' dir='ltr'><strong>confirmat</strong></span> <span class='ocrx_word' id='word_1_346' title='bbox 817 3661 927 3737; x_wconf 84' lang='lat' dir='ltr'><strong>aliquis</strong></span> <span class='ocrx_word' id='word_1_347' title='bbox 957 3661 1034 3720; x_wconf 88' lang='lat' dir='ltr'><strong>inter</strong></span> <span class='ocrx_word' id='word_1_348' title='bbox 1057 3660 1180 3722; x_wconf 90' lang='lat' dir='ltr'><strong>sodales.</strong></span> <span class='ocrx_word' id='word_1_349' title='bbox 1227 3660 1286 3731; x_wconf 83' lang='lat' dir='ltr'><strong>Qui</strong></span> 
     </span>
     <span class='ocr_line' id='line_1_38' title="bbox 135 3747 1286 3830; baseline 0.002 -23"><span class='ocrx_word' id='word_1_350' title='bbox 135 3747 256 3808; x_wconf 87' lang='lat' dir='ltr'><strong>uidetur</strong></span> <span class='ocrx_word' id='word_1_351' title='bbox 286 3749 365 3809; x_wconf 93' lang='lat' dir='ltr'><strong>idem</strong></span> <span class='ocrx_word' id='word_1_352' title='bbox 397 3750 530 3826; x_wconf 88' lang='lat' dir='ltr'><strong>spectare</strong></span> <span class='ocrx_word' id='word_1_353' title='bbox 561 3749 717 3809; x_wconf 87' lang='lat' dir='ltr'><strong>uerborum</strong></span> <span class='ocrx_word' id='word_1_354' title='bbox 749 3769 841 3828; x_wconf 84' lang='lat' dir='ltr'><strong>genus</strong></span> <span class='ocrx_word' id='word_1_355' title='bbox 874 3749 953 3827; x_wconf 92' lang='lat' dir='ltr'><strong>quod</strong></span> <span class='ocrx_word' id='word_1_356' title='bbox 989 3749 1150 3830; x_wconf 75' lang='grc' dir='ltr'><strong><em>γαστρίζειν</em></strong></span> <span class='ocrx_word' id='word_1_357' title='bbox 1182 3750 1286 3809; x_wconf 92' lang='lat' dir='ltr'><strong>dicunt</strong></span> 
     </span>
     <span class='ocr_line' id='line_1_39' title="bbox 135 3831 1282 3917; baseline 0.002 -21"><span class='ocrx_word' id='word_1_358' title='bbox 135 3837 232 3898; x_wconf 81' lang='lat' dir='ltr'><strong>Attici</strong></span> <span class='ocrx_word' id='word_1_359' title='bbox 260 3839 309 3897; x_wconf 90' lang='lat' dir='ltr'><strong>uel</strong></span> <span class='ocrx_word' id='word_1_360' title='bbox 335 3841 487 3916; x_wconf 72' lang='grc' dir='ltr'><strong><em>κολετρᾶνε</em></strong></span> <span class='ocrx_word' id='word_1_361' title='bbox 514 3838 666 3915; x_wconf 84' lang='lat' dir='ltr'><strong>Aristoph.</strong></span> <span class='ocrx_word' id='word_1_362' title='bbox 685 3839 786 3915; x_wconf 65' lang='lat' dir='ltr'><strong>idquit.</strong></span> <span class='ocrx_word' id='word_1_363' title='bbox 807 3841 869 3899; x_wconf 85' lang='grc'><strong>273</strong></span> <span class='ocrx_word' id='word_1_364' title='bbox 899 3831 922 3898; x_wconf 81' lang='grc' dir='ltr'>ὦ</span> <span class='ocrx_word' id='word_1_365' title='bbox 950 3838 1034 3910; x_wconf 76' lang='grc' dir='ltr'><strong><em>πόλις</em></strong></span> <span class='ocrx_word' id='word_1_366' title='bbox 1061 3835 1111 3898; x_wconf 71' lang='grc' dir='ltr'><strong>καὶ</strong></span> <span class='ocrx_word' id='word_1_367' title='bbox 1139 3831 1205 3917; x_wconf 80' lang='grc' dir='ltr'>δῆμ’</span> <span class='ocrx_word' id='word_1_368' title='bbox 1231 3831 1282 3916; x_wconf 83' lang='grc' dir='ltr'><strong>ὑφ’</strong></span> 
     </span>
     <span class='ocr_line' id='line_1_40' title="bbox 135 3919 1283 4009; baseline 0 -23"><span class='ocrx_word' id='word_1_369' title='bbox 135 3925 208 3987; x_wconf 75' lang='lat' dir='ltr'><strong>oi&#39;orv</strong></span> <span class='ocrx_word' id='word_1_370' title='bbox 225 3926 345 4007; x_wconf 77' lang='grc' dir='ltr'><strong><em>θηρίων</em></strong></span> <span class='ocrx_word' id='word_1_371' title='bbox 362 3926 550 4008; x_wconf 75' lang='grc' dir='ltr'><strong><em>γαστρίζομαι</em></strong></span> <span class='ocrx_word' id='word_1_372' title='bbox 569 3919 663 4009; x_wconf 84' lang='grc'>(454)</span> <span class='ocrx_word' id='word_1_373' title='bbox 686 3927 764 3987; x_wconf 83' lang='lat' dir='ltr'><strong>Nub.</strong></span> <span class='ocrx_word' id='word_1_374' title='bbox 781 3929 844 3988; x_wconf 85' lang='grc'><strong>549</strong></span> <span class='ocrx_word' id='word_1_375' title='bbox 869 3926 902 4000; x_wconf 80' lang='grc' dir='ltr'><strong>ὅς</strong></span> <span class='ocrx_word' id='word_1_376' title='bbox 925 3924 1061 4008; x_wconf 74' lang='grc' dir='ltr'><strong><em>μέγιστον</em></strong></span> <span class='ocrx_word' id='word_1_377' title='bbox 1084 3924 1154 3987; x_wconf 80' lang='grc' dir='ltr'><strong><em>ὄντα</em></strong></span> <span class='ocrx_word' id='word_1_378' title='bbox 1174 3920 1283 3988; x_wconf 78' lang='grc' dir='ltr'><strong><em>Κλέων’</em></strong></span> 
     </span>
     <span class='ocr_line' id='line_1_41' title="bbox 135 4007 1284 4099; baseline 0.002 -25"><span class='ocrx_word' id='word_1_379' title='bbox 135 4007 227 4075; x_wconf 67' lang='lat' dir='ltr'><strong>iered</strong></span> <span class='ocrx_word' id='word_1_380' title='bbox 260 4014 303 4088; x_wconf 85' lang='grc' dir='ltr'><strong>εἰς</strong></span> <span class='ocrx_word' id='word_1_381' title='bbox 334 4013 389 4092; x_wconf 79' lang='grc' dir='ltr'><strong>τὴν</strong></span> <span class='ocrx_word' id='word_1_382' title='bbox 419 4013 543 4097; x_wconf 74' lang='grc' dir='ltr'><strong><em>γαστέρα</em></strong></span> <span class='ocrx_word' id='word_1_383' title='bbox 575 4009 679 4099; x_wconf 82' lang='grc'>(552).</span> <span class='ocrx_word' id='word_1_384' title='bbox 733 4017 875 4077; x_wconf 86' lang='lat' dir='ltr'><strong>Nicolaue</strong></span> <span class='ocrx_word' id='word_1_385' title='bbox 908 4015 993 4075; x_wconf 75' lang='lat' dir='ltr'><strong>GAF</strong></span> <span class='ocrx_word' id='word_1_386' title='bbox 1011 4016 1057 4076; x_wconf 88' lang='grc' dir='ltr'><strong>ΠΙ</strong></span> <span class='ocrx_word' id='word_1_387' title='bbox 1080 4036 1108 4093; x_wconf 91' lang='lat' dir='ltr'><strong>p.</strong></span> <span class='ocrx_word' id='word_1_388' title='bbox 1125 4018 1204 4091; x_wconf 84' lang='lat'>383,</span> <span class='ocrx_word' id='word_1_389' title='bbox 1226 4017 1284 4076; x_wconf 75' lang='lat'><strong>71(</strong></span> 
     </span>
     <span class='ocr_line' id='line_1_42' title="bbox 135 4102 1284 4185; baseline 0.002 -22"><span class='ocrx_word' id='word_1_390' title='bbox 135 4105 171 4165; x_wconf 91' lang='lat' dir='ltr'><strong>de</strong></span> <span class='ocrx_word' id='word_1_391' title='bbox 194 4106 322 4165; x_wconf 80' lang='lat' dir='ltr'><strong>Tantalo</strong></span> <span class='ocrx_word' id='word_1_392' title='bbox 345 4106 427 4166; x_wconf 90' lang='lat' dir='ltr'><strong>Iouis</strong></span> <span class='ocrx_word' id='word_1_393' title='bbox 445 4105 592 4182; x_wconf 78' lang='lat' dir='ltr'><strong>parasitot</strong></span> <span class='ocrx_word' id='word_1_394' title='bbox 614 4102 702 4183; x_wconf 73' lang='lat' dir='ltr'><strong>dovor</strong></span> <span class='ocrx_word' id='word_1_395' title='bbox 726 4102 756 4165; x_wconf 81' lang='grc' dir='ltr'><strong>δὲ</strong></span> <span class='ocrx_word' id='word_1_396' title='bbox 775 4103 895 4185; x_wconf 76' lang='grc' dir='ltr'><strong><em>πληγεὶς</em></strong></span> <span class='ocrx_word' id='word_1_397' title='bbox 914 4105 956 4178; x_wconf 83' lang='grc' dir='ltr'><strong>εἰς</strong></span> <span class='ocrx_word' id='word_1_398' title='bbox 974 4103 1067 4183; x_wconf 68' lang='grc' dir='ltr'><strong><em>μέσην</em></strong></span> <span class='ocrx_word' id='word_1_399' title='bbox 1085 4105 1140 4183; x_wconf 78' lang='grc' dir='ltr'><strong>τὴν</strong></span> <span class='ocrx_word' id='word_1_400' title='bbox 1157 4103 1284 4185; x_wconf 76' lang='grc' dir='ltr'><strong><em>γαστέρα</em></strong></span> 
     </span>
     <span class='ocr_line' id='line_1_43' title="bbox 134 4190 1282 4278; baseline 0 -24"><span class='ocrx_word' id='word_1_401' title='bbox 134 4191 235 4268; x_wconf 70' lang='grc' dir='ltr'><strong><em>ἔδοξεν</em></strong></span> <span class='ocrx_word' id='word_1_402' title='bbox 259 4192 339 4278; x_wconf 78' lang='grc' dir='ltr'><strong><em>αὐτῷ</em></strong></span> <span class='ocrx_word' id='word_1_403' title='bbox 357 4192 510 4274; x_wconf 77' lang='grc' dir='ltr'><strong><em>γεγονέναι</em></strong></span> <span class='ocrx_word' id='word_1_404' title='bbox 532 4190 610 4255; x_wconf 70' lang='grc' dir='ltr'><strong>τᾶνω</strong></span> <span class='ocrx_word' id='word_1_405' title='bbox 633 4194 712 4254; x_wconf 77' lang='grc' dir='ltr'><strong><em>κάτω</em></strong></span> <span class='ocrx_word' id='word_1_406' title='bbox 735 4194 851 4255; x_wconf 89' lang='lat' dir='ltr'><strong>Heliod.</strong></span> <span class='ocrx_word' id='word_1_407' title='bbox 871 4195 1009 4271; x_wconf 89' lang='lat' dir='ltr'><strong>Aethiop.</strong></span> <span class='ocrx_word' id='word_1_408' title='bbox 1028 4195 1044 4254; x_wconf 92' lang='lat'>1</span> <span class='ocrx_word' id='word_1_409' title='bbox 1066 4214 1129 4271; x_wconf 89' lang='lat' dir='ltr'><strong>cap.</strong></span> <span class='ocrx_word' id='word_1_410' title='bbox 1152 4197 1193 4254; x_wconf 91' lang='lat'><strong>10</strong></span> <span class='ocrx_word' id='word_1_411' title='bbox 1208 4198 1282 4255; x_wconf 85' lang='lat' dir='ltr'><strong>extr.</strong></span> 
     </span>
     <span class='ocr_line' id='line_1_44' title="bbox 134 4279 1282 4364; baseline 0.003 -22"><span class='ocrx_word' id='word_1_412' title='bbox 134 4282 169 4343; x_wconf 84' lang='grc' dir='ltr'><strong>τὰ</strong></span> <span class='ocrx_word' id='word_1_413' title='bbox 193 4280 247 4363; x_wconf 72' lang='grc' dir='ltr'><strong>μὲν</strong></span> <span class='ocrx_word' id='word_1_414' title='bbox 268 4280 341 4343; x_wconf 73' lang='lat' dir='ltr'><strong>ditos</strong></span> <span class='ocrx_word' id='word_1_415' title='bbox 364 4282 418 4345; x_wconf 77' lang='grc' dir='ltr'><strong>ὅσα</strong></span> <span class='ocrx_word' id='word_1_416' title='bbox 441 4280 473 4344; x_wconf 73' lang='lat' dir='ltr'><strong>oi</strong></span> <span class='ocrx_word' id='word_1_417' title='bbox 495 4305 524 4343; x_wconf 84' lang='grc' dir='ltr'><strong>τε</strong></span> <span class='ocrx_word' id='word_1_418' title='bbox 547 4279 621 4362; x_wconf 65' lang='grc' dir='ltr'><strong>κάμὲ</strong></span> <span class='ocrx_word' id='word_1_419' title='bbox 644 4282 831 4364; x_wconf 78' lang='grc' dir='ltr'><strong><em>περιύβρισεν</em></strong></span> <span class='ocrx_word' id='word_1_420' title='bbox 849 4282 1026 4363; x_wconf 75' lang='grc' dir='ltr'><strong><em>αἰσχύνομαι</em></strong></span> <span class='ocrx_word' id='word_1_421' title='bbox 1048 4280 1154 4364; x_wconf 74' lang='grc' dir='ltr'><strong><em>λέγειν·</em></strong></span> <span class='ocrx_word' id='word_1_422' title='bbox 1177 4282 1230 4358; x_wconf 77' lang='grc' dir='ltr'><strong>λὰξ</strong></span> <span class='ocrx_word' id='word_1_423' title='bbox 1250 4282 1282 4345; x_wconf 74' lang='grc' dir='ltr'><strong>δὲ</strong></span> 
     </span>
     <span class='ocr_line' id='line_1_45' title="bbox 134 4369 1281 4456; baseline 0 -24"><span class='ocrx_word' id='word_1_424' title='bbox 134 4369 206 4433; x_wconf 77' lang='grc' dir='ltr'><strong>κατὰ</strong></span> <span class='ocrx_word' id='word_1_425' title='bbox 243 4382 295 4452; x_wconf 78' lang='grc' dir='ltr'><strong>τῆς</strong></span> <span class='ocrx_word' id='word_1_426' title='bbox 331 4371 455 4453; x_wconf 84' lang='grc' dir='ltr'><strong><em>γαστρὸς</em></strong></span> <span class='ocrx_word' id='word_1_427' title='bbox 490 4370 666 4451; x_wconf 69' lang='grc' dir='ltr'><strong><em>ἐναλόγιενος</em></strong></span> <span class='ocrx_word' id='word_1_428' title='bbox 702 4372 796 4444; x_wconf 76' lang='grc' dir='ltr'><strong><em>οὕτως</em></strong></span> <span class='ocrx_word' id='word_1_429' title='bbox 832 4370 908 4452; x_wconf 72' lang='grc' dir='ltr'><strong><em>ἔχειν</em></strong></span> <span class='ocrx_word' id='word_1_430' title='bbox 950 4369 990 4445; x_wconf 82' lang='grc' dir='ltr'><strong>ὡς</strong></span> <span class='ocrx_word' id='word_1_431' title='bbox 1027 4369 1097 4456; x_wconf 74' lang='grc' dir='ltr'><strong><em>δρᾷς</em></strong></span> <span class='ocrx_word' id='word_1_432' title='bbox 1133 4370 1281 4451; x_wconf 73' lang='grc' dir='ltr'><em>διέθηκεν.</em></span> 
     </span>
     <span class='ocr_line' id='line_1_46' title="bbox 134 4462 1281 4542; baseline 0 -21"><span class='ocrx_word' id='word_1_433' title='bbox 134 4462 282 4522; x_wconf 89' lang='lat' dir='ltr'><strong>Lucilium</strong></span> <span class='ocrx_word' id='word_1_434' title='bbox 314 4462 410 4542; x_wconf 79' lang='lat' dir='ltr'><strong>igitur</strong></span> <span class='ocrx_word' id='word_1_435' title='bbox 441 4463 608 4523; x_wconf 90' lang='lat' dir='ltr'><strong>diuerbium</strong></span> <span class='ocrx_word' id='word_1_436' title='bbox 640 4463 790 4541; x_wconf 89' lang='lat' dir='ltr'><strong>scripsisse</strong></span> <span class='ocrx_word' id='word_1_437' title='bbox 821 4464 877 4523; x_wconf 91' lang='lat' dir='ltr'><strong>hoc</strong></span> <span class='ocrx_word' id='word_1_438' title='bbox 908 4462 974 4523; x_wconf 91' lang='lat' dir='ltr'><strong>loco</strong></span> <span class='ocrx_word' id='word_1_439' title='bbox 1006 4463 1198 4523; x_wconf 80' lang='lat' dir='ltr'><strong>manifestum</strong></span> <span class='ocrx_word' id='word_1_440' title='bbox 1228 4466 1281 4523; x_wconf 91' lang='lat' dir='ltr'><strong>est.</strong></span> 
     </span>
    </p>
   </div>
   <div class='ocr_carea' id='block_1_5' title="bbox 0 0 1522 5004">
    <p class='ocr_par' dir='ltr' id='par_1_7' title="bbox 0 0 1522 5004">
     <span class='ocr_line' id='line_1_47' title="bbox 0 0 1522 5004; baseline 0 5"><span class='ocrx_word' id='word_1_441' title='bbox 0 0 1522 5004; x_wconf 95' lang='lat' dir='ltr'><strong> </strong></span> 
     </span>
    </p>
   </div>
  </div>
 </body>
</html>
