<?xml version="1.0" encoding="UTF-8"?>
<!DOCTYPE html PUBLIC "-//W3C//DTD XHTML 1.0 Transitional//EN"
    "http://www.w3.org/TR/xhtml1/DTD/xhtml1-transitional.dtd">
<html xmlns="http://www.w3.org/1999/xhtml" xml:lang="en" lang="en">
 <head>
  <title>
</title>
<meta http-equiv="Content-Type" content="text/html;charset=utf-8" />
  <meta name='ocr-system' content='tesseract 3.04.00' />
  <meta name='ocr-capabilities' content='ocr_page ocr_carea ocr_par ocr_line ocrx_word'/>
</head>
<body>
  <div class='ocr_page' id='page_1' title='image "./cluciliicarminu00lucigoog_0298.png"; bbox 0 0 3036 5004; ppageno 0'>
   <div class='ocr_carea' id='block_1_1' title="bbox 578 360 1320 428">
    <p class='ocr_par' dir='ltr' id='par_1_1' title="bbox 578 360 1320 428">
     <span class='ocr_line' id='line_1_1' title="bbox 578 360 1320 428; baseline 0.022 -15"><span class='ocrx_word' id='word_1_1' title='bbox 578 360 683 414; x_wconf 84' lang='lat' dir='ltr'><strong>xxvlr</strong></span> <span class='ocrx_word' id='word_1_2' title='bbox 703 379 729 415; x_wconf 86' lang='lat' dir='ltr'><strong>u.</strong></span> <span class='ocrx_word' id='word_1_3' title='bbox 750 366 898 416; x_wconf 24' lang='lat' dir='ltr'><strong>rae-Nur.</strong></span> <span class='ocrx_word' id='word_1_4' title='bbox 1253 363 1320 428; x_wconf 77' lang='lat'><strong>265</strong></span> 
     </span>
    </p>
   </div>
   <div class='ocr_carea' id='block_1_2' title="bbox 165 526 1324 4102">
    <p class='ocr_par' dir='ltr' id='par_1_2' title="bbox 168 526 1324 1416">
     <span class='ocr_line' id='line_1_2' title="bbox 169 526 1320 611; baseline 0.001 -20"><span class='ocrx_word' id='word_1_5' title='bbox 169 533 268 591; x_wconf 92' lang='lat' dir='ltr'><strong>minus</strong></span> <span class='ocrx_word' id='word_1_6' title='bbox 291 531 350 610; x_wconf 92' lang='lat' dir='ltr'><strong>ipsi</strong></span> <span class='ocrx_word' id='word_1_7' title='bbox 373 532 461 606; x_wconf 78' lang='lat' dir='ltr'><strong>lucet,</strong></span> <span class='ocrx_word' id='word_1_8' title='bbox 485 552 552 592; x_wconf 89' lang='lat' dir='ltr'><strong>oum</strong></span> <span class='ocrx_word' id='word_1_9' title='bbox 576 531 624 590; x_wconf 86' lang='lat' dir='ltr'><strong>illi</strong></span> <span class='ocrx_word' id='word_1_10' title='bbox 642 526 844 592; x_wconf 85' lang='lat' dir='ltr'><strong>accenderit&#39;’.</strong></span> <span class='ocrx_word' id='word_1_11' title='bbox 880 532 949 591; x_wconf 82' lang='lat' dir='ltr'><strong>Vna</strong></span> <span class='ocrx_word' id='word_1_12' title='bbox 968 552 1002 590; x_wconf 88' lang='lat' dir='ltr'><strong>ex</strong></span> <span class='ocrx_word' id='word_1_13' title='bbox 1021 553 1052 591; x_wconf 89' lang='lat' dir='ltr'><strong>re</strong></span> <span class='ocrx_word' id='word_1_14' title='bbox 1072 533 1145 593; x_wconf 87' lang='lat' dir='ltr'><strong>satis</strong></span> <span class='ocrx_word' id='word_1_15' title='bbox 1165 534 1320 611; x_wconf 74' lang='lat' dir='ltr'><strong>praecipit</strong></span> 
     </span>
     <span class='ocr_line' id='line_1_3' title="bbox 170 621 1320 699; baseline 0 -19"><span class='ocrx_word' id='word_1_16' title='bbox 170 624 217 696; x_wconf 86' lang='lat' dir='ltr'><strong>ut,</strong></span> <span class='ocrx_word' id='word_1_17' title='bbox 249 622 386 695; x_wconf 81' lang='lat' dir='ltr'><strong>quicquid</strong></span> <span class='ocrx_word' id='word_1_18' title='bbox 412 624 476 682; x_wconf 80' lang='lat' dir='ltr'><strong>sine</strong></span> <span class='ocrx_word' id='word_1_19' title='bbox 503 623 671 681; x_wconf 79' lang='lat' dir='ltr'><strong>detrimento</strong></span> <span class='ocrx_word' id='word_1_20' title='bbox 699 623 874 681; x_wconf 81' lang='lat' dir='ltr'><strong>commodari</strong></span> <span class='ocrx_word' id='word_1_21' title='bbox 901 623 1009 699; x_wconf 89' lang='lat' dir='ltr'><strong>possit,</strong></span> <span class='ocrx_word' id='word_1_22' title='bbox 1036 622 1068 680; x_wconf 91' lang='lat' dir='ltr'><strong>id</strong></span> <span class='ocrx_word' id='word_1_23' title='bbox 1096 621 1245 681; x_wconf 74' lang='lat' dir='ltr'><strong>tribuatur</strong></span> <span class='ocrx_word' id='word_1_24' title='bbox 1272 623 1320 681; x_wconf 88' lang='lat' dir='ltr'><strong>uel</strong></span> 
     </span>
     <span class='ocr_line' id='line_1_4' title="bbox 168 711 1320 789; baseline 0.001 -20"><span class='ocrx_word' id='word_1_25' title='bbox 168 713 286 789; x_wconf 85' lang='lat' dir='ltr'><strong>ignoto:</strong></span> <span class='ocrx_word' id='word_1_26' title='bbox 306 731 340 771; x_wconf 88' lang='lat' dir='ltr'><strong>ex</strong></span> <span class='ocrx_word' id='word_1_27' title='bbox 360 730 418 788; x_wconf 92' lang='lat' dir='ltr'><strong>quo</strong></span> <span class='ocrx_word' id='word_1_28' title='bbox 438 714 509 771; x_wconf 90' lang='lat' dir='ltr'><strong>sunt</strong></span> <span class='ocrx_word' id='word_1_29' title='bbox 526 711 580 769; x_wconf 89' lang='lat' dir='ltr'><strong>illa</strong></span> <span class='ocrx_word' id='word_1_30' title='bbox 599 713 776 787; x_wconf 87' lang='lat' dir='ltr'><strong>communia,</strong></span> <span class='ocrx_word' id='word_1_31' title='bbox 796 731 854 770; x_wconf 90' lang='lat' dir='ltr'><strong>non</strong></span> <span class='ocrx_word' id='word_1_32' title='bbox 873 711 1029 788; x_wconf 90' lang='lat' dir='ltr'><strong>prohibere</strong></span> <span class='ocrx_word' id='word_1_33' title='bbox 1049 731 1128 788; x_wconf 88' lang='lat' dir='ltr'><strong>aqua</strong></span> <span class='ocrx_word' id='word_1_34' title='bbox 1146 711 1320 789; x_wconf 86' lang='lat' dir='ltr'><strong>profluente,</strong></span> 
     </span>
     <span class='ocr_line' id='line_1_5' title="bbox 171 800 1322 880; baseline 0.002 -20"><span class='ocrx_word' id='word_1_35' title='bbox 171 802 237 877; x_wconf 87' lang='lat' dir='ltr'><strong>pati</strong></span> <span class='ocrx_word' id='word_1_36' title='bbox 255 800 293 860; x_wconf 89' lang='lat' dir='ltr'><strong>ab</strong></span> <span class='ocrx_word' id='word_1_37' title='bbox 312 802 380 879; x_wconf 81' lang='lat' dir='ltr'><strong>igne</strong></span> <span class='ocrx_word' id='word_1_38' title='bbox 399 802 499 880; x_wconf 82' lang='lat' dir='ltr'><strong>ignem</strong></span> <span class='ocrx_word' id='word_1_39' title='bbox 519 820 631 878; x_wconf 77' lang='lat' dir='ltr'>capere,</span> <span class='ocrx_word' id='word_1_40' title='bbox 650 804 747 878; x_wconf 91' lang='lat' dir='ltr'><strong>siqui</strong></span> <span class='ocrx_word' id='word_1_41' title='bbox 766 802 848 876; x_wconf 78' lang='lat' dir='ltr'><strong>uelit,</strong></span> <span class='ocrx_word' id='word_1_42' title='bbox 867 803 1024 861; x_wconf 90' lang='lat' dir='ltr'><strong>eonsilium</strong></span> <span class='ocrx_word' id='word_1_43' title='bbox 1044 801 1129 861; x_wconf 86' lang='lat' dir='ltr'><strong>fidele</strong></span> <span class='ocrx_word' id='word_1_44' title='bbox 1144 800 1322 862; x_wconf 71' lang='lat' dir='ltr'><strong>deliberanti</strong></span> 
     </span>
     <span class='ocr_line' id='line_1_6' title="bbox 168 887 1320 969; baseline 0 -20"><span class='ocrx_word' id='word_1_45' title='bbox 168 890 249 966; x_wconf 85' lang='lat' dir='ltr'><strong>dare,</strong></span> <span class='ocrx_word' id='word_1_46' title='bbox 273 911 349 967; x_wconf 88' lang='lat' dir='ltr'><strong>quae</strong></span> <span class='ocrx_word' id='word_1_47' title='bbox 372 893 442 950; x_wconf 92' lang='lat' dir='ltr'><strong>sunt</strong></span> <span class='ocrx_word' id='word_1_48' title='bbox 465 892 502 950; x_wconf 91' lang='lat' dir='ltr'><strong>iis</strong></span> <span class='ocrx_word' id='word_1_49' title='bbox 525 891 623 965; x_wconf 86' lang='lat' dir='ltr'><strong>utilia,</strong></span> <span class='ocrx_word' id='word_1_50' title='bbox 647 893 699 967; x_wconf 91' lang='lat' dir='ltr'><strong>qui</strong></span> <span class='ocrx_word' id='word_1_51' title='bbox 722 893 881 969; x_wconf 85' lang='lat' dir='ltr'><strong>accipiunt,</strong></span> <span class='ocrx_word' id='word_1_52' title='bbox 905 890 990 951; x_wconf 89' lang='lat' dir='ltr'><strong>danti</strong></span> <span class='ocrx_word' id='word_1_53' title='bbox 1011 910 1070 951; x_wconf 89' lang='lat' dir='ltr'><strong>non</strong></span> <span class='ocrx_word' id='word_1_54' title='bbox 1089 887 1236 951; x_wconf 89' lang='lat' dir='ltr'><strong>molesta&#39;:</strong></span> <span class='ocrx_word' id='word_1_55' title='bbox 1261 911 1320 967; x_wconf 89' lang='lat' dir='ltr'><strong>qua</strong></span> 
     </span>
     <span class='ocr_line' id='line_1_7' title="bbox 172 976 1321 1040; baseline 0.001 -2"><span class='ocrx_word' id='word_1_56' title='bbox 172 981 203 1040; x_wconf 90' lang='lat' dir='ltr'><strong>in</strong></span> <span class='ocrx_word' id='word_1_57' title='bbox 226 1000 258 1040; x_wconf 91' lang='lat' dir='ltr'><strong>re</strong></span> <span class='ocrx_word' id='word_1_58' title='bbox 281 982 343 1040; x_wconf 85' lang='lat' dir='ltr'><strong>iam</strong></span> <span class='ocrx_word' id='word_1_59' title='bbox 365 979 492 1039; x_wconf 90' lang='lat' dir='ltr'><strong>Plautus</strong></span> <span class='ocrx_word' id='word_1_60' title='bbox 515 981 639 1040; x_wconf 88' lang='lat' dir='ltr'><strong>uerbum</strong></span> <span class='ocrx_word' id='word_1_61' title='bbox 662 981 844 1040; x_wconf 78' lang='lat' dir='ltr'><strong>courmodore</strong></span> <span class='ocrx_word' id='word_1_62' title='bbox 866 981 1004 1040; x_wconf 80' lang='lat' dir='ltr'><strong>adhibuit</strong></span> <span class='ocrx_word' id='word_1_63' title='bbox 1026 981 1100 1040; x_wconf 80' lang='lat' dir='ltr'><strong>llud.</strong></span> <span class='ocrx_word' id='word_1_64' title='bbox 1121 983 1185 1040; x_wconf 77' lang='lat'><strong>434</strong></span> <span class='ocrx_word' id='word_1_65' title='bbox 1206 976 1269 1040; x_wconf 83' lang='lat' dir='ltr'><strong>‘cur</strong></span> <span class='ocrx_word' id='word_1_66' title='bbox 1288 986 1321 1039; x_wconf 91' lang='lat' dir='ltr'><strong>tu</strong></span> 
     </span>
     <span class='ocr_line' id='line_1_8' title="bbox 170 1066 1324 1148; baseline -0.001 -20"><span class='ocrx_word' id='word_1_67' title='bbox 170 1089 280 1147; x_wconf 90' lang='lat' dir='ltr'><strong>aquam</strong></span> <span class='ocrx_word' id='word_1_68' title='bbox 311 1089 451 1148; x_wconf 81' lang='lat' dir='ltr'><strong>grauare,</strong></span> <span class='ocrx_word' id='word_1_69' title='bbox 488 1069 608 1144; x_wconf 84' lang='lat' dir='ltr'><strong>amabo,</strong></span> <span class='ocrx_word' id='word_1_70' title='bbox 646 1090 736 1146; x_wconf 93' lang='lat' dir='ltr'><strong>quam</strong></span> <span class='ocrx_word' id='word_1_71' title='bbox 772 1071 868 1131; x_wconf 89' lang='lat' dir='ltr'><strong>hostis</strong></span> <span class='ocrx_word' id='word_1_72' title='bbox 904 1071 983 1132; x_wconf 89' lang='lat' dir='ltr'><strong>hosti</strong></span> <span class='ocrx_word' id='word_1_73' title='bbox 1015 1066 1214 1130; x_wconf 62' lang='lat' dir='ltr'><strong>commodat?</strong></span> <span class='ocrx_word' id='word_1_74' title='bbox 1253 1070 1324 1130; x_wconf 86' lang='lat' dir='ltr'><strong>conf</strong></span> 
     </span>
     <span class='ocr_line' id='line_1_9' title="bbox 169 1151 1319 1242; baseline -0.002 -24"><span class='ocrx_word' id='word_1_75' title='bbox 169 1160 281 1236; x_wconf 90' lang='lat' dir='ltr'><strong>Diphil.</strong></span> <span class='ocrx_word' id='word_1_76' title='bbox 302 1160 343 1217; x_wconf 83' lang='lat'><strong>62</strong></span> <span class='ocrx_word' id='word_1_77' title='bbox 364 1151 455 1238; x_wconf 80' lang='lat' dir='ltr'>(CAF</span> <span class='ocrx_word' id='word_1_78' title='bbox 474 1159 505 1218; x_wconf 90' lang='lat' dir='ltr'><strong>H</strong></span> <span class='ocrx_word' id='word_1_79' title='bbox 521 1179 549 1235; x_wconf 90' lang='lat' dir='ltr'><strong>p.</strong></span> <span class='ocrx_word' id='word_1_80' title='bbox 567 1153 683 1242; x_wconf 62' lang='lat'>5601(</span> <span class='ocrx_word' id='word_1_81' title='bbox 697 1161 774 1219; x_wconf 91' lang='lat' dir='ltr'><strong>Plut.</strong></span> <span class='ocrx_word' id='word_1_82' title='bbox 791 1160 826 1220; x_wconf 90' lang='lat' dir='ltr'><strong>de</strong></span> <span class='ocrx_word' id='word_1_83' title='bbox 840 1160 933 1220; x_wconf 88' lang='lat' dir='ltr'><strong>inuid.</strong></span> <span class='ocrx_word' id='word_1_84' title='bbox 948 1164 978 1219; x_wconf 91' lang='lat' dir='ltr'><strong>et</strong></span> <span class='ocrx_word' id='word_1_85' title='bbox 992 1159 1037 1221; x_wconf 89' lang='lat' dir='ltr'><strong>od.</strong></span> <span class='ocrx_word' id='word_1_86' title='bbox 1054 1178 1117 1236; x_wconf 92' lang='lat' dir='ltr'><strong>cap.</strong></span> <span class='ocrx_word' id='word_1_87' title='bbox 1134 1161 1152 1218; x_wconf 88' lang='grc'><strong>6</strong></span> <span class='ocrx_word' id='word_1_88' title='bbox 1168 1181 1196 1237; x_wconf 89' lang='lat' dir='ltr'><strong>p.</strong></span> <span class='ocrx_word' id='word_1_89' title='bbox 1213 1159 1319 1218; x_wconf 72' lang='lat' dir='ltr'><strong>saal.</strong></span> 
     </span>
     <span class='ocr_line' id='line_1_10' title="bbox 170 1248 1321 1328; baseline 0.001 -20"><span class='ocrx_word' id='word_1_90' title='bbox 170 1248 277 1309; x_wconf 84' lang='lat' dir='ltr'><strong>Studia</strong></span> <span class='ocrx_word' id='word_1_91' title='bbox 304 1249 413 1309; x_wconf 81' lang='lat' dir='ltr'><strong>Lucilii</strong></span> <span class='ocrx_word' id='word_1_92' title='bbox 439 1248 576 1309; x_wconf 80' lang='lat' dir='ltr'><strong>Panaetii</strong></span> <span class='ocrx_word' id='word_1_93' title='bbox 603 1250 775 1328; x_wconf 90' lang='lat' dir='ltr'><strong>philosophi</strong></span> <span class='ocrx_word' id='word_1_94' title='bbox 803 1250 909 1310; x_wconf 90' lang='lat' dir='ltr'><strong>studiis</strong></span> <span class='ocrx_word' id='word_1_95' title='bbox 938 1250 1042 1310; x_wconf 85' lang='lat' dir='ltr'><strong>affinia</strong></span> <span class='ocrx_word' id='word_1_96' title='bbox 1075 1248 1321 1327; x_wconf 82' lang='lat' dir='ltr'><strong>deprehendimus</strong></span> 
     </span>
     <span class='ocr_line' id='line_1_11' title="bbox 171 1339 593 1416; baseline -0.002 -19"><span class='ocrx_word' id='word_1_97' title='bbox 171 1339 221 1398; x_wconf 92' lang='lat' dir='ltr'><strong>lib.</strong></span> <span class='ocrx_word' id='word_1_98' title='bbox 240 1339 371 1398; x_wconf 86' lang='lat' dir='ltr'>XXVIII</span> <span class='ocrx_word' id='word_1_99' title='bbox 389 1359 417 1397; x_wconf 90' lang='lat' dir='ltr'><strong>u.</strong></span> <span class='ocrx_word' id='word_1_100' title='bbox 439 1340 501 1397; x_wconf 80' lang='lat'><strong>742</strong></span> <span class='ocrx_word' id='word_1_101' title='bbox 513 1358 593 1416; x_wconf 84' lang='lat' dir='ltr'><strong>seqq.</strong></span> 
     </span>
    </p>

    <p class='ocr_par' dir='ltr' id='par_1_3' title="bbox 170 1421 1321 2028">
     <span class='ocr_line' id='line_1_12' title="bbox 262 1421 1321 1506; baseline 0 -19"><span class='ocrx_word' id='word_1_102' title='bbox 262 1421 343 1490; x_wconf 80' lang='lat'><strong>739.</strong></span> <span class='ocrx_word' id='word_1_103' title='bbox 367 1429 483 1488; x_wconf 87' lang='lat' dir='ltr'><strong>Nonius</strong></span> <span class='ocrx_word' id='word_1_104' title='bbox 501 1448 529 1506; x_wconf 86' lang='lat' dir='ltr'><strong>p.</strong></span> <span class='ocrx_word' id='word_1_105' title='bbox 546 1430 619 1504; x_wconf 80' lang='lat'><strong>472,</strong></span> <span class='ocrx_word' id='word_1_106' title='bbox 637 1428 676 1487; x_wconf 89' lang='lat'><strong>15</strong></span> <span class='ocrx_word' id='word_1_107' title='bbox 698 1425 838 1505; x_wconf 83' lang='lat' dir='ltr'><strong>‘Inpertit</strong></span> <span class='ocrx_word' id='word_1_108' title='bbox 856 1428 988 1488; x_wconf 86' lang='lat' dir='ltr'><strong>Lucilius</strong></span> <span class='ocrx_word' id='word_1_109' title='bbox 1007 1428 1058 1488; x_wconf 91' lang='lat' dir='ltr'><strong>lib.</strong></span> <span class='ocrx_word' id='word_1_110' title='bbox 1073 1427 1187 1488; x_wconf 90' lang='lat' dir='ltr'>XXVII</span> <span class='ocrx_word' id='word_1_111' title='bbox 1205 1424 1321 1502; x_wconf 81' lang='lat' dir='ltr'><strong>“sospi-</strong></span> 
     </span>
     <span class='ocr_line' id='line_1_13' title="bbox 170 1513 1320 1596; baseline 0.001 -20"><span class='ocrx_word' id='word_1_112' title='bbox 170 1522 212 1577; x_wconf 70' lang='grc' dir='ltr'><strong>ἰαί</strong></span> <span class='ocrx_word' id='word_1_113' title='bbox 234 1521 353 1593; x_wconf 79' lang='lat' dir='ltr'><strong>inpertit</strong></span> <span class='ocrx_word' id='word_1_114' title='bbox 379 1520 502 1578; x_wconf 72' lang='lat' dir='ltr'><strong>solertem</strong></span> <span class='ocrx_word' id='word_1_115' title='bbox 529 1520 660 1596; x_wconf 86' lang='lat' dir='ltr'><strong>plurima</strong></span> <span class='ocrx_word' id='word_1_116' title='bbox 687 1521 717 1577; x_wconf 91' lang='lat' dir='ltr'><strong>et</strong></span> <span class='ocrx_word' id='word_1_117' title='bbox 745 1513 962 1595; x_wconf 87' lang='lat' dir='ltr'><strong>plenissima”.’</strong></span> <span class='ocrx_word' id='word_1_118' title='bbox 1008 1518 1136 1578; x_wconf 81' lang='lat' dir='ltr'><strong>Versum</strong></span> <span class='ocrx_word' id='word_1_119' title='bbox 1164 1518 1320 1579; x_wconf 88' lang='lat' dir='ltr'><strong>emendare</strong></span> 
     </span>
     <span class='ocr_line' id='line_1_14' title="bbox 171 1603 1321 1685; baseline 0 -19"><span class='ocrx_word' id='word_1_120' title='bbox 171 1607 379 1668; x_wconf 88' lang='lat' dir='ltr'><strong>Lachmannus</strong></span> <span class='ocrx_word' id='word_1_121' title='bbox 406 1608 504 1668; x_wconf 93' lang='lat' dir='ltr'><strong>uoluit</strong></span> <span class='ocrx_word' id='word_1_122' title='bbox 531 1610 589 1684; x_wconf 85' lang='lat' dir='ltr'><strong>ito,</strong></span> <span class='ocrx_word' id='word_1_123' title='bbox 618 1611 653 1666; x_wconf 93' lang='lat' dir='ltr'><strong>ut</strong></span> <span class='ocrx_word' id='word_1_124' title='bbox 680 1610 892 1684; x_wconf 89' lang='lat' dir='ltr'><strong>imperatiuum</strong></span> <span class='ocrx_word' id='word_1_125' title='bbox 915 1607 961 1668; x_wconf 91' lang='lat' dir='ltr'><strong>bis</strong></span> <span class='ocrx_word' id='word_1_126' title='bbox 984 1611 1155 1668; x_wconf 89' lang='lat' dir='ltr'><strong>restitueret</strong></span> <span class='ocrx_word' id='word_1_127' title='bbox 1187 1603 1321 1685; x_wconf 69' lang='lat' dir='ltr'><strong>‘sospita</strong></span> 
     </span>
     <span class='ocr_line' id='line_1_15' title="bbox 170 1692 1321 1775; baseline 0 -19"><span class='ocrx_word' id='word_1_128' title='bbox 170 1699 281 1774; x_wconf 85' lang='lat' dir='ltr'><strong>inparti</strong></span> <span class='ocrx_word' id='word_1_129' title='bbox 309 1692 417 1756; x_wconf 89' lang='lat' dir='ltr'><strong>salute’</strong></span> <span class='ocrx_word' id='word_1_130' title='bbox 434 1716 457 1755; x_wconf 90' lang='lat' dir='ltr'><strong>e.</strong></span> <span class='ocrx_word' id='word_1_131' title='bbox 473 1718 500 1773; x_wconf 92' lang='lat' dir='ltr'><strong>q.</strong></span> <span class='ocrx_word' id='word_1_132' title='bbox 516 1715 537 1757; x_wconf 91' lang='lat' dir='ltr'><strong>s.</strong></span> <span class='ocrx_word' id='word_1_133' title='bbox 585 1698 626 1756; x_wconf 85' lang='lat' dir='ltr'><strong>At</strong></span> <span class='ocrx_word' id='word_1_134' title='bbox 654 1697 730 1757; x_wconf 89' lang='lat' dir='ltr'><strong>nihil</strong></span> <span class='ocrx_word' id='word_1_135' title='bbox 758 1697 940 1775; x_wconf 87' lang='lat' dir='ltr'><strong>probabilius</strong></span> <span class='ocrx_word' id='word_1_136' title='bbox 970 1717 1059 1774; x_wconf 92' lang='lat' dir='ltr'><strong>quam</strong></span> <span class='ocrx_word' id='word_1_137' title='bbox 1091 1700 1210 1772; x_wconf 80' lang='lat' dir='ltr'><strong>inpertit</strong></span> <span class='ocrx_word' id='word_1_138' title='bbox 1241 1700 1321 1757; x_wconf 87' lang='lat' dir='ltr'><strong>recte</strong></span> 
     </span>
     <span class='ocr_line' id='line_1_16' title="bbox 172 1787 1321 1865; baseline -0.002 -18"><span class='ocrx_word' id='word_1_139' title='bbox 172 1787 318 1847; x_wconf 89' lang='lat' dir='ltr'><strong>traditum</strong></span> <span class='ocrx_word' id='word_1_140' title='bbox 340 1805 403 1846; x_wconf 87' lang='lat' dir='ltr'><strong>esse</strong></span> <span class='ocrx_word' id='word_1_141' title='bbox 426 1790 457 1846; x_wconf 94' lang='lat' dir='ltr'><strong>et</strong></span> <span class='ocrx_word' id='word_1_142' title='bbox 479 1791 603 1864; x_wconf 88' lang='lat' dir='ltr'><strong>propter</strong></span> <span class='ocrx_word' id='word_1_143' title='bbox 625 1808 652 1846; x_wconf 91' lang='lat' dir='ltr'><strong>u.</strong></span> <span class='ocrx_word' id='word_1_144' title='bbox 673 1788 735 1848; x_wconf 85' lang='grc'><strong>689</strong></span> <span class='ocrx_word' id='word_1_145' title='bbox 762 1791 792 1847; x_wconf 89' lang='lat' dir='ltr'><strong>et</strong></span> <span class='ocrx_word' id='word_1_146' title='bbox 813 1790 936 1865; x_wconf 81' lang='lat' dir='ltr'><strong>propior</strong></span> <span class='ocrx_word' id='word_1_147' title='bbox 953 1788 1045 1848; x_wconf 90' lang='lat' dir='ltr'><strong>Nonii</strong></span> <span class='ocrx_word' id='word_1_148' title='bbox 1064 1788 1181 1847; x_wconf 88' lang='lat' dir='ltr'><strong>lennna.</strong></span> <span class='ocrx_word' id='word_1_149' title='bbox 1214 1787 1321 1863; x_wconf 89' lang='lat' dir='ltr'><strong>Itaque</strong></span> 
     </span>
     <span class='ocr_line' id='line_1_17' title="bbox 171 1872 1321 1956; baseline -0.001 -20"><span class='ocrx_word' id='word_1_150' title='bbox 171 1879 267 1937; x_wconf 88' lang='lat' dir='ltr'><strong>restat</strong></span> <span class='ocrx_word' id='word_1_151' title='bbox 284 1879 318 1934; x_wconf 91' lang='lat' dir='ltr'><strong>ut</strong></span> <span class='ocrx_word' id='word_1_152' title='bbox 337 1875 428 1935; x_wconf 87' lang='lat' dir='ltr'><strong>uerba</strong></span> <span class='ocrx_word' id='word_1_153' title='bbox 446 1880 676 1955; x_wconf 84' lang='lat' dir='ltr'><strong>transponamus</strong></span> <span class='ocrx_word' id='word_1_154' title='bbox 697 1873 845 1956; x_wconf 77' lang='lat' dir='ltr'><strong>‘sospitat</strong></span> <span class='ocrx_word' id='word_1_155' title='bbox 867 1878 964 1937; x_wconf 87' lang='lat' dir='ltr'><strong>salute</strong></span> <span class='ocrx_word' id='word_1_156' title='bbox 983 1872 1129 1953; x_wconf 86' lang='lat' dir='ltr'><strong>impertit&#39;</strong></span> <span class='ocrx_word' id='word_1_157' title='bbox 1145 1897 1168 1936; x_wconf 88' lang='lat' dir='ltr'><strong>e.</strong></span> <span class='ocrx_word' id='word_1_158' title='bbox 1185 1897 1212 1953; x_wconf 90' lang='lat' dir='ltr'><strong>q.</strong></span> <span class='ocrx_word' id='word_1_159' title='bbox 1228 1896 1250 1936; x_wconf 90' lang='lat' dir='ltr'><strong>s.</strong></span> <span class='ocrx_word' id='word_1_160' title='bbox 1269 1877 1321 1954; x_wconf 94' lang='lat' dir='ltr'><strong>qui</strong></span> 
     </span>
     <span class='ocr_line' id='line_1_18' title="bbox 173 1966 952 2028; baseline 0 -2"><span class='ocrx_word' id='word_1_161' title='bbox 173 1966 245 2026; x_wconf 89' lang='lat' dir='ltr'><strong>ordo</strong></span> <span class='ocrx_word' id='word_1_162' title='bbox 268 1967 427 2025; x_wconf 89' lang='lat' dir='ltr'><strong>uerborum</strong></span> <span class='ocrx_word' id='word_1_163' title='bbox 450 1967 541 2026; x_wconf 89' lang='lat' dir='ltr'><strong>etiam</strong></span> <span class='ocrx_word' id='word_1_164' title='bbox 564 1969 596 2026; x_wconf 90' lang='lat' dir='ltr'><strong>in</strong></span> <span class='ocrx_word' id='word_1_165' title='bbox 619 1987 668 2026; x_wconf 93' lang='lat' dir='ltr'><strong>uu.</strong></span> <span class='ocrx_word' id='word_1_166' title='bbox 689 1967 761 2028; x_wconf 81' lang='lat'><strong>688.</strong></span> <span class='ocrx_word' id='word_1_167' title='bbox 782 1969 845 2027; x_wconf 83' lang='lat'><strong>689</strong></span> <span class='ocrx_word' id='word_1_168' title='bbox 861 1970 952 2028; x_wconf 81' lang='lat' dir='ltr'><strong>extat.</strong></span> 
     </span>
    </p>

    <p class='ocr_par' dir='ltr' id='par_1_4' title="bbox 167 2047 1323 2850">
     <span class='ocr_line' id='line_1_19' title="bbox 262 2047 1322 2136; baseline -0.001 -22"><span class='ocrx_word' id='word_1_169' title='bbox 262 2047 344 2116; x_wconf 80' lang='grc'><strong>740.</strong></span> <span class='ocrx_word' id='word_1_170' title='bbox 367 2056 484 2116; x_wconf 88' lang='lat' dir='ltr'><strong>Nonius</strong></span> <span class='ocrx_word' id='word_1_171' title='bbox 503 2078 530 2134; x_wconf 92' lang='lat' dir='ltr'><strong>p.</strong></span> <span class='ocrx_word' id='word_1_172' title='bbox 552 2058 625 2132; x_wconf 79' lang='grc'>368,</span> <span class='ocrx_word' id='word_1_173' title='bbox 647 2057 697 2116; x_wconf 74' lang='grc'><strong>16·</strong></span> <span class='ocrx_word' id='word_1_174' title='bbox 712 2052 832 2117; x_wconf 83' lang='lat' dir='ltr'><strong>‘Pernix</strong></span> <span class='ocrx_word' id='word_1_175' title='bbox 850 2058 1000 2136; x_wconf 83' lang='lat' dir='ltr'><strong>significat</strong></span> <span class='ocrx_word' id='word_1_176' title='bbox 1019 2057 1103 2115; x_wconf 87' lang='lat' dir='ltr'><strong>celer.</strong></span> <span class='ocrx_word' id='word_1_177' title='bbox 1122 2055 1322 2115; x_wconf 90' lang='lat' dir='ltr'><strong>...Lucilius</strong></span> 
     </span>
     <span class='ocr_line' id='line_1_20' title="bbox 172 2141 1322 2223; baseline -0.001 -19"><span class='ocrx_word' id='word_1_178' title='bbox 172 2146 223 2205; x_wconf 91' lang='lat' dir='ltr'><strong>lib.</strong></span> <span class='ocrx_word' id='word_1_179' title='bbox 242 2145 356 2204; x_wconf 86' lang='lat' dir='ltr'>XXVII</span> <span class='ocrx_word' id='word_1_180' title='bbox 376 2141 512 2205; x_wconf 86' lang='lat' dir='ltr'><strong>“fuimus</strong></span> <span class='ocrx_word' id='word_1_181' title='bbox 528 2192 533 2203; x_wconf 94' lang='lat'><em>.</em></span> <span class='ocrx_word' id='word_1_182' title='bbox 549 2194 555 2207; x_wconf 92' lang='lat'>.</span> <span class='ocrx_word' id='word_1_183' title='bbox 572 2192 578 2203; x_wconf 93' lang='lat'><em>.</em></span> <span class='ocrx_word' id='word_1_184' title='bbox 594 2141 702 2205; x_wconf 84' lang='lat' dir='ltr'><strong>fore&#39;&#39;.&#39;</strong></span> <span class='ocrx_word' id='word_1_185' title='bbox 726 2148 809 2205; x_wconf 80' lang='lat' dir='ltr'><strong>nobis</strong></span> <span class='ocrx_word' id='word_1_186' title='bbox 828 2146 898 2205; x_wconf 86' lang='lat' dir='ltr'><strong>edit.</strong></span> <span class='ocrx_word' id='word_1_187' title='bbox 918 2149 1024 2223; x_wconf 80' lang='lat' dir='ltr'><strong>princ:</strong></span> <span class='ocrx_word' id='word_1_188' title='bbox 1044 2148 1077 2206; x_wconf 88' lang='lat' dir='ltr'><strong>at</strong></span> <span class='ocrx_word' id='word_1_189' title='bbox 1095 2147 1244 2205; x_wconf 89' lang='lat' dir='ltr'><strong>sententia</strong></span> <span class='ocrx_word' id='word_1_190' title='bbox 1263 2165 1322 2205; x_wconf 93' lang='lat' dir='ltr'><strong>non</strong></span> 
     </span>
     <span class='ocr_line' id='line_1_21' title="bbox 171 2235 1321 2314; baseline 0 -20"><span class='ocrx_word' id='word_1_191' title='bbox 171 2238 216 2294; x_wconf 86' lang='lat' dir='ltr'><strong>est</strong></span> <span class='ocrx_word' id='word_1_192' title='bbox 246 2236 387 2313; x_wconf 84' lang='lat' dir='ltr'><strong>perfecta.</strong></span> <span class='ocrx_word' id='word_1_193' title='bbox 438 2236 549 2313; x_wconf 81' lang='lat' dir='ltr'><strong>Agitur</strong></span> <span class='ocrx_word' id='word_1_194' title='bbox 577 2235 613 2295; x_wconf 87' lang='lat' dir='ltr'><strong>de</strong></span> <span class='ocrx_word' id='word_1_195' title='bbox 641 2235 776 2294; x_wconf 90' lang='lat' dir='ltr'><strong>beneficii</strong></span> <span class='ocrx_word' id='word_1_196' title='bbox 803 2238 902 2314; x_wconf 79' lang='lat' dir='ltr'><strong>gratia</strong></span> <span class='ocrx_word' id='word_1_197' title='bbox 930 2236 1095 2295; x_wconf 89' lang='lat' dir='ltr'><strong>cuiusdam:</strong></span> <span class='ocrx_word' id='word_1_198' title='bbox 1129 2236 1201 2295; x_wconf 90' lang='lat' dir='ltr'><strong>conf</strong></span> <span class='ocrx_word' id='word_1_199' title='bbox 1224 2235 1321 2294; x_wconf 88' lang='lat' dir='ltr'><strong>Plaut.</strong></span> 
     </span>
     <span class='ocr_line' id='line_1_22' title="bbox 173 2315 1322 2401; baseline 0 -17"><span class='ocrx_word' id='word_1_200' title='bbox 173 2315 342 2401; x_wconf 77' lang='lat' dir='ltr'><strong>eapt&#39;rao</strong></span> <span class='ocrx_word' id='word_1_201' title='bbox 371 2320 521 2399; x_wconf 81' lang='lat' dir='ltr'><strong>‘speroque</strong></span> <span class='ocrx_word' id='word_1_202' title='bbox 549 2344 595 2384; x_wconf 91' lang='lat' dir='ltr'><strong>me</strong></span> <span class='ocrx_word' id='word_1_203' title='bbox 623 2324 660 2384; x_wconf 94' lang='lat' dir='ltr'><strong>ob</strong></span> <span class='ocrx_word' id='word_1_204' title='bbox 687 2325 766 2384; x_wconf 92' lang='lat' dir='ltr'><strong>hunc</strong></span> <span class='ocrx_word' id='word_1_205' title='bbox 793 2327 931 2385; x_wconf 91' lang='lat' dir='ltr'><strong>nuntium</strong></span> <span class='ocrx_word' id='word_1_206' title='bbox 962 2329 1111 2385; x_wconf 78' lang='lat' dir='ltr'><strong>aeteruum</strong></span> <span class='ocrx_word' id='word_1_207' title='bbox 1144 2325 1322 2401; x_wconf 85' lang='lat' dir='ltr'><strong>adepturum</strong></span> 
     </span>
     <span class='ocr_line' id='line_1_23' title="bbox 172 2409 1322 2491; baseline -0.002 -18"><span class='ocrx_word' id='word_1_208' title='bbox 172 2409 281 2473; x_wconf 88' lang='lat' dir='ltr'><strong>cibum&#39;</strong></span> <span class='ocrx_word' id='word_1_209' title='bbox 308 2414 435 2474; x_wconf 81' lang='lat' dir='ltr'><strong>Mostell.</strong></span> <span class='ocrx_word' id='word_1_210' title='bbox 457 2417 519 2474; x_wconf 82' lang='lat'><strong>195</strong></span> <span class='ocrx_word' id='word_1_211' title='bbox 545 2410 650 2474; x_wconf 78' lang='lat' dir='ltr'><strong>‘stulta</strong></span> <span class='ocrx_word' id='word_1_212' title='bbox 679 2432 709 2473; x_wconf 89' lang='lat' dir='ltr'><strong>es</strong></span> <span class='ocrx_word' id='word_1_213' title='bbox 736 2415 839 2491; x_wconf 87' lang='lat' dir='ltr'><strong>plane,</strong></span> <span class='ocrx_word' id='word_1_214' title='bbox 867 2435 943 2491; x_wconf 87' lang='lat' dir='ltr'><strong>quae</strong></span> <span class='ocrx_word' id='word_1_215' title='bbox 970 2415 1057 2474; x_wconf 93' lang='lat' dir='ltr'><strong>illum</strong></span> <span class='ocrx_word' id='word_1_216' title='bbox 1084 2414 1141 2473; x_wconf 92' lang='lat' dir='ltr'><strong>tibi</strong></span> <span class='ocrx_word' id='word_1_217' title='bbox 1172 2417 1322 2473; x_wconf 66' lang='lat' dir='ltr'><strong>odorum</strong></span> 
     </span>
     <span class='ocr_line' id='line_1_24' title="bbox 167 2498 1323 2579; baseline -0.002 -16"><span class='ocrx_word' id='word_1_218' title='bbox 167 2508 254 2578; x_wconf 79' lang='lat' dir='ltr'><strong>putes</strong></span> <span class='ocrx_word' id='word_1_219' title='bbox 283 2507 345 2579; x_wconf 71' lang='lat' dir='ltr'><strong>fore</strong></span> <span class='ocrx_word' id='word_1_220' title='bbox 373 2506 502 2563; x_wconf 89' lang='lat' dir='ltr'><strong>amicum</strong></span> <span class='ocrx_word' id='word_1_221' title='bbox 530 2507 560 2563; x_wconf 90' lang='lat' dir='ltr'><strong>et</strong></span> <span class='ocrx_word' id='word_1_222' title='bbox 586 2500 822 2563; x_wconf 90' lang='lat' dir='ltr'><strong>beneuolentem’</strong></span> <span class='ocrx_word' id='word_1_223' title='bbox 848 2505 965 2564; x_wconf 85' lang='lat' dir='ltr'><strong>Terent.</strong></span> <span class='ocrx_word' id='word_1_224' title='bbox 984 2504 1059 2562; x_wconf 79' lang='lat' dir='ltr'><strong>Iluu.</strong></span> <span class='ocrx_word' id='word_1_225' title='bbox 1080 2504 1143 2562; x_wconf 77' lang='lat'><strong>872</strong></span> <span class='ocrx_word' id='word_1_226' title='bbox 1174 2498 1218 2561; x_wconf 85' lang='lat' dir='ltr'><strong>‘at</strong></span> <span class='ocrx_word' id='word_1_227' title='bbox 1245 2522 1323 2561; x_wconf 93' lang='lat' dir='ltr'><strong>nunc</strong></span> 
     </span>
     <span class='ocr_line' id='line_1_25' title="bbox 172 2588 1321 2672; baseline -0.001 -20"><span class='ocrx_word' id='word_1_228' title='bbox 172 2592 280 2653; x_wconf 90' lang='lat' dir='ltr'><strong>dehinc</strong></span> <span class='ocrx_word' id='word_1_229' title='bbox 311 2612 396 2669; x_wconf 82' lang='lat' dir='ltr'><strong>spero</strong></span> <span class='ocrx_word' id='word_1_230' title='bbox 432 2598 581 2654; x_wconf 66' lang='lat' dir='ltr'><strong>actuum</strong></span> <span class='ocrx_word' id='word_1_231' title='bbox 612 2595 691 2653; x_wconf 89' lang='lat' dir='ltr'><strong>inter</strong></span> <span class='ocrx_word' id='word_1_232' title='bbox 723 2612 776 2653; x_wconf 89' lang='lat' dir='ltr'><strong>nos</strong></span> <span class='ocrx_word' id='word_1_233' title='bbox 808 2595 938 2672; x_wconf 81' lang='lat' dir='ltr'><strong>gratiam</strong></span> <span class='ocrx_word' id='word_1_234' title='bbox 969 2594 1045 2667; x_wconf 73' lang='lat' dir='ltr'><strong>soro,</strong></span> <span class='ocrx_word' id='word_1_235' title='bbox 1078 2588 1180 2652; x_wconf 86' lang='lat' dir='ltr'><strong>Thais’</strong></span> <span class='ocrx_word' id='word_1_236' title='bbox 1214 2590 1321 2651; x_wconf 91' lang='lat' dir='ltr'><strong>Publil.</strong></span> 
     </span>
     <span class='ocr_line' id='line_1_26' title="bbox 172 2677 1322 2761; baseline -0.003 -19"><span class='ocrx_word' id='word_1_237' title='bbox 172 2687 246 2743; x_wconf 92' lang='lat' dir='ltr'><strong>seut.</strong></span> <span class='ocrx_word' id='word_1_238' title='bbox 267 2685 330 2743; x_wconf 79' lang='lat'><strong>235</strong></span> <span class='ocrx_word' id='word_1_239' title='bbox 356 2679 451 2761; x_wconf 85' lang='lat' dir='ltr'><strong>‘inopi</strong></span> <span class='ocrx_word' id='word_1_240' title='bbox 474 2684 647 2743; x_wconf 87' lang='lat' dir='ltr'><strong>beneficium</strong></span> <span class='ocrx_word' id='word_1_241' title='bbox 670 2683 716 2742; x_wconf 88' lang='lat' dir='ltr'><strong>bis</strong></span> <span class='ocrx_word' id='word_1_242' title='bbox 736 2682 788 2742; x_wconf 88' lang='lat' dir='ltr'><strong>dat</strong></span> <span class='ocrx_word' id='word_1_243' title='bbox 807 2683 929 2759; x_wconf 83' lang='lat' dir='ltr'><strong>quidet</strong></span> <span class='ocrx_word' id='word_1_244' title='bbox 949 2677 1103 2741; x_wconf 86' lang='lat' dir='ltr'><strong>celeriter&#39;:</strong></span> <span class='ocrx_word' id='word_1_245' title='bbox 1127 2681 1198 2742; x_wconf 87' lang='lat' dir='ltr'><strong>conf</strong></span> <span class='ocrx_word' id='word_1_246' title='bbox 1214 2680 1322 2739; x_wconf 88' lang='lat' dir='ltr'><strong>Vahle-</strong></span> 
     </span>
     <span class='ocr_line' id='line_1_27' title="bbox 171 2764 1322 2850; baseline -0.004 -18"><span class='ocrx_word' id='word_1_247' title='bbox 171 2794 227 2833; x_wconf 94' lang='lat' dir='ltr'><strong>nus</strong></span> <span class='ocrx_word' id='word_1_248' title='bbox 251 2774 290 2832; x_wconf 89' lang='lat' dir='ltr'><strong>ad</strong></span> <span class='ocrx_word' id='word_1_249' title='bbox 312 2773 403 2832; x_wconf 81' lang='lat' dir='ltr'><strong>Ennii</strong></span> <span class='ocrx_word' id='word_1_250' title='bbox 425 2777 480 2833; x_wconf 92' lang='lat' dir='ltr'><strong>sat.</strong></span> <span class='ocrx_word' id='word_1_251' title='bbox 499 2774 515 2832; x_wconf 97' lang='lat' dir='ltr'>I</span> <span class='ocrx_word' id='word_1_252' title='bbox 534 2776 562 2832; x_wconf 76' lang='lat'><strong>2.</strong></span> <span class='ocrx_word' id='word_1_253' title='bbox 610 2772 755 2850; x_wconf 85' lang='lat' dir='ltr'><strong>Suppleas</strong></span> <span class='ocrx_word' id='word_1_254' title='bbox 782 2773 878 2831; x_wconf 89' lang='lat' dir='ltr'><strong>ueluti</strong></span> <span class='ocrx_word' id='word_1_255' title='bbox 908 2769 1094 2831; x_wconf 87' lang='lat' dir='ltr'><strong>‘beneficium</strong></span> <span class='ocrx_word' id='word_1_256' title='bbox 1122 2764 1322 2849; x_wconf 82' lang='lat' dir='ltr'><strong>gratumque&#39;.</strong></span> 
     </span>
    </p>

    <p class='ocr_par' dir='ltr' id='par_1_5' title="bbox 165 2854 1324 4102">
     <span class='ocr_line' id='line_1_28' title="bbox 264 2854 1320 2943; baseline -0.004 -22"><span class='ocrx_word' id='word_1_257' title='bbox 264 2854 344 2943; x_wconf 26' lang='lat'><strong><em>741¹.</em></strong></span> <span class='ocrx_word' id='word_1_258' title='bbox 368 2863 484 2922; x_wconf 86' lang='lat' dir='ltr'><strong>Nonius</strong></span> <span class='ocrx_word' id='word_1_259' title='bbox 503 2884 531 2939; x_wconf 92' lang='lat' dir='ltr'><strong>p.</strong></span> <span class='ocrx_word' id='word_1_260' title='bbox 552 2864 625 2937; x_wconf 80' lang='lat'>284,</span> <span class='ocrx_word' id='word_1_261' title='bbox 646 2864 687 2922; x_wconf 89' lang='lat'><strong>30</strong></span> <span class='ocrx_word' id='word_1_262' title='bbox 712 2858 864 2936; x_wconf 82' lang='lat' dir='ltr'><strong>‘Differre,</strong></span> <span class='ocrx_word' id='word_1_263' title='bbox 890 2862 1009 2922; x_wconf 88' lang='lat' dir='ltr'><strong>distare.</strong></span> <span class='ocrx_word' id='word_1_264' title='bbox 1035 2907 1040 2918; x_wconf 93' lang='lat'>.</span> <span class='ocrx_word' id='word_1_265' title='bbox 1061 2908 1067 2919; x_wconf 94' lang='lat'>.</span> <span class='ocrx_word' id='word_1_266' title='bbox 1088 2907 1093 2918; x_wconf 95' lang='lat'><em>.</em></span> <span class='ocrx_word' id='word_1_267' title='bbox 1113 2860 1246 2919; x_wconf 88' lang='lat' dir='ltr'><strong>Lucilius</strong></span> <span class='ocrx_word' id='word_1_268' title='bbox 1269 2858 1320 2919; x_wconf 87' lang='lat' dir='ltr'><strong>lib.</strong></span> 
     </span>
     <span class='ocr_line' id='line_1_29' title="bbox 165 2944 1319 3028; baseline -0.003 -16"><span class='ocrx_word' id='word_1_269' title='bbox 165 2952 285 3012; x_wconf 62' lang='lat' dir='ltr'><strong>&gt;XXVII</strong></span> <span class='ocrx_word' id='word_1_270' title='bbox 305 2949 430 3012; x_wconf 83' lang='lat' dir='ltr'><strong>“tamen</strong></span> <span class='ocrx_word' id='word_1_271' title='bbox 448 2955 513 3012; x_wconf 79' lang='lat' dir='ltr'><strong>oliti</strong></span> <span class='ocrx_word' id='word_1_272' title='bbox 531 2972 657 3012; x_wconf 85' lang='lat' dir='ltr'><strong>uerruca</strong></span> <span class='ocrx_word' id='word_1_273' title='bbox 675 2954 730 3011; x_wconf 89' lang='lat' dir='ltr'><strong>aut</strong></span> <span class='ocrx_word' id='word_1_274' title='bbox 746 2953 869 3010; x_wconf 86' lang='lat' dir='ltr'><strong>cicatrix</strong></span> <span class='ocrx_word' id='word_1_275' title='bbox 883 2951 995 3011; x_wconf 80' lang='lat' dir='ltr'><strong>medius</strong></span> <span class='ocrx_word' id='word_1_276' title='bbox 1009 2951 1118 3028; x_wconf 90' lang='lat' dir='ltr'><strong>papule</strong></span> <span class='ocrx_word' id='word_1_277' title='bbox 1133 2944 1319 3009; x_wconf 82' lang='lat' dir='ltr'><strong>differunt&#39;’.’</strong></span> 
     </span>
     <span class='ocr_line' id='line_1_30' title="bbox 172 3038 1321 3117; baseline -0.003 -16"><span class='ocrx_word' id='word_1_278' title='bbox 172 3042 317 3104; x_wconf 88' lang='lat' dir='ltr'><strong>Restituit</strong></span> <span class='ocrx_word' id='word_1_279' title='bbox 339 3042 487 3102; x_wconf 87' lang='lat' dir='ltr'><strong>Mercerus</strong></span> <span class='ocrx_word' id='word_1_280' title='bbox 510 3046 588 3101; x_wconf 88' lang='lat' dir='ltr'><strong>recte</strong></span> <span class='ocrx_word' id='word_1_281' title='bbox 613 3047 664 3101; x_wconf 80' lang='lat' dir='ltr'><strong>out</strong></span> <span class='ocrx_word' id='word_1_282' title='bbox 686 3040 784 3117; x_wconf 90' lang='lat' dir='ltr'><strong>priore</strong></span> <span class='ocrx_word' id='word_1_283' title='bbox 808 3043 885 3103; x_wconf 85' lang='lat' dir='ltr'><strong>loeo:</strong></span> <span class='ocrx_word' id='word_1_284' title='bbox 910 3040 990 3117; x_wconf 94' lang='lat' dir='ltr'><strong>quod</strong></span> <span class='ocrx_word' id='word_1_285' title='bbox 1013 3059 1066 3117; x_wconf 90' lang='lat' dir='ltr'><strong>pro</strong></span> <span class='ocrx_word' id='word_1_286' title='bbox 1088 3041 1201 3099; x_wconf 71' lang='lat' dir='ltr'><strong>taedius</strong></span> <span class='ocrx_word' id='word_1_287' title='bbox 1219 3038 1321 3115; x_wconf 88' lang='lat' dir='ltr'><strong>posuit</strong></span> 
     </span>
     <span class='ocr_line' id='line_1_31' title="bbox 172 3128 1322 3209; baseline -0.003 -19"><span class='ocrx_word' id='word_1_288' title='bbox 172 3151 297 3200; x_wconf 73' lang='lat' dir='ltr'><strong>nomos,</strong></span> <span class='ocrx_word' id='word_1_289' title='bbox 326 3133 357 3191; x_wconf 91' lang='lat' dir='ltr'><strong>id</strong></span> <span class='ocrx_word' id='word_1_290' title='bbox 385 3151 443 3191; x_wconf 90' lang='lat' dir='ltr'><strong>non</strong></span> <span class='ocrx_word' id='word_1_291' title='bbox 471 3132 586 3209; x_wconf 91' lang='lat' dir='ltr'><strong>placuit</strong></span> <span class='ocrx_word' id='word_1_292' title='bbox 614 3132 817 3207; x_wconf 86' lang='lat' dir='ltr'><strong>Lachmanno,</strong></span> <span class='ocrx_word' id='word_1_293' title='bbox 851 3133 902 3207; x_wconf 91' lang='lat' dir='ltr'><strong>qui</strong></span> <span class='ocrx_word' id='word_1_294' title='bbox 935 3130 1060 3190; x_wconf 87' lang='lat' dir='ltr'><strong>adnotet</strong></span> <span class='ocrx_word' id='word_1_295' title='bbox 1091 3129 1173 3206; x_wconf 88' lang='lat' dir='ltr'><strong>apud</strong></span> <span class='ocrx_word' id='word_1_296' title='bbox 1203 3128 1322 3189; x_wconf 79' lang='lat' dir='ltr'><strong>Celsum</strong></span> 
     </span>
     <span class='ocr_line' id='line_1_32' title="bbox 173 3213 1323 3302; baseline 0.002 -26"><span class='ocrx_word' id='word_1_297' title='bbox 173 3213 215 3302; x_wconf 85' lang='lat' dir='ltr'><strong>(V</strong></span> <span class='ocrx_word' id='word_1_298' title='bbox 235 3223 286 3295; x_wconf 80' lang='lat'><strong>28,</strong></span> <span class='ocrx_word' id='word_1_299' title='bbox 307 3223 346 3281; x_wconf 86' lang='grc'><strong>18</strong></span> <span class='ocrx_word' id='word_1_300' title='bbox 366 3242 394 3299; x_wconf 95' lang='lat' dir='ltr'><strong>p.</strong></span> <span class='ocrx_word' id='word_1_301' title='bbox 416 3224 490 3295; x_wconf 80' lang='lat'>220,</span> <span class='ocrx_word' id='word_1_302' title='bbox 510 3214 715 3302; x_wconf 74' lang='lat' dir='ltr'><strong>23Daremb.)</strong></span> <span class='ocrx_word' id='word_1_303' title='bbox 740 3222 798 3299; x_wconf 80' lang='lat' dir='ltr'><strong>legi</strong></span> <span class='ocrx_word' id='word_1_304' title='bbox 823 3216 1017 3298; x_wconf 87' lang='lat' dir='ltr'><strong>‘Papularum</strong></span> <span class='ocrx_word' id='word_1_305' title='bbox 1041 3239 1112 3279; x_wconf 92' lang='lat' dir='ltr'><strong>uero</strong></span> <span class='ocrx_word' id='word_1_306' title='bbox 1136 3219 1194 3278; x_wconf 91' lang='lat' dir='ltr'><strong>duo</strong></span> <span class='ocrx_word' id='word_1_307' title='bbox 1213 3238 1323 3298; x_wconf 82' lang='lat' dir='ltr'><strong>genera</strong></span> 
     </span>
     <span class='ocr_line' id='line_1_33' title="bbox 173 3310 1323 3387; baseline -0.003 -18"><span class='ocrx_word' id='word_1_308' title='bbox 173 3314 250 3369; x_wconf 91' lang='lat' dir='ltr'><strong>sunt.</strong></span> <span class='ocrx_word' id='word_1_309' title='bbox 288 3310 433 3385; x_wconf 85' lang='lat' dir='ltr'><strong>Alterum,</strong></span> <span class='ocrx_word' id='word_1_310' title='bbox 457 3312 486 3369; x_wconf 92' lang='lat' dir='ltr'><strong>in</strong></span> <span class='ocrx_word' id='word_1_311' title='bbox 511 3330 571 3387; x_wconf 93' lang='lat' dir='ltr'><strong>quo</strong></span> <span class='ocrx_word' id='word_1_312' title='bbox 594 3331 647 3386; x_wconf 87' lang='lat' dir='ltr'><strong>per</strong></span> <span class='ocrx_word' id='word_1_313' title='bbox 669 3312 808 3369; x_wconf 90' lang='lat' dir='ltr'><strong>minimas</strong></span> <span class='ocrx_word' id='word_1_314' title='bbox 830 3311 953 3387; x_wconf 85' lang='lat' dir='ltr'><strong>pusulas</strong></span> <span class='ocrx_word' id='word_1_315' title='bbox 973 3312 1049 3370; x_wconf 89' lang='lat' dir='ltr'><strong>cutis</strong></span> <span class='ocrx_word' id='word_1_316' title='bbox 1069 3311 1269 3385; x_wconf 86' lang='lat' dir='ltr'><strong>exasperatur,</strong></span> <span class='ocrx_word' id='word_1_317' title='bbox 1293 3311 1323 3367; x_wconf 87' lang='lat' dir='ltr'><strong>et</strong></span> 
     </span>
     <span class='ocr_line' id='line_1_34' title="bbox 172 3397 1322 3478; baseline -0.003 -19"><span class='ocrx_word' id='word_1_318' title='bbox 172 3399 273 3476; x_wconf 86' lang='lat' dir='ltr'><strong>rubet,</strong></span> <span class='ocrx_word' id='word_1_319' title='bbox 305 3401 470 3478; x_wconf 90' lang='lat' dir='ltr'><strong>leuiterque</strong></span> <span class='ocrx_word' id='word_1_320' title='bbox 498 3400 625 3460; x_wconf 88' lang='lat' dir='ltr'><strong>roditur:</strong></span> <span class='ocrx_word' id='word_1_321' title='bbox 658 3400 788 3459; x_wconf 91' lang='lat' dir='ltr'><strong>medium</strong></span> <span class='ocrx_word' id='word_1_322' title='bbox 815 3400 907 3459; x_wconf 86' lang='lat' dir='ltr'><strong>habet</strong></span> <span class='ocrx_word' id='word_1_323' title='bbox 933 3399 1066 3475; x_wconf 90' lang='lat' dir='ltr'><strong>pauxillo</strong></span> <span class='ocrx_word' id='word_1_324' title='bbox 1096 3399 1206 3472; x_wconf 91' lang='lat' dir='ltr'><strong>leuius,</strong></span> <span class='ocrx_word' id='word_1_325' title='bbox 1237 3397 1322 3456; x_wconf 88' lang='lat' dir='ltr'><strong>tarde</strong></span> 
     </span>
     <span class='ocr_line' id='line_1_35' title="bbox 174 3484 1324 3567; baseline -0.002 -20"><span class='ocrx_word' id='word_1_326' title='bbox 174 3484 277 3565; x_wconf 87' lang='lat' dir='ltr'><strong>serpit’</strong></span> <span class='ocrx_word' id='word_1_327' title='bbox 293 3509 316 3549; x_wconf 93' lang='lat' dir='ltr'><strong>e.</strong></span> <span class='ocrx_word' id='word_1_328' title='bbox 333 3511 360 3566; x_wconf 89' lang='lat' dir='ltr'><strong>q.</strong></span> <span class='ocrx_word' id='word_1_329' title='bbox 375 3509 396 3550; x_wconf 92' lang='lat' dir='ltr'><strong>s.</strong></span> <span class='ocrx_word' id='word_1_330' title='bbox 434 3490 538 3567; x_wconf 87' lang='lat' dir='ltr'><strong>Neque</strong></span> <span class='ocrx_word' id='word_1_331' title='bbox 562 3493 662 3550; x_wconf 90' lang='lat' dir='ltr'><strong>tamen</strong></span> <span class='ocrx_word' id='word_1_332' title='bbox 686 3489 755 3548; x_wconf 91' lang='lat' dir='ltr'><strong>huic</strong></span> <span class='ocrx_word' id='word_1_333' title='bbox 778 3491 877 3549; x_wconf 90' lang='lat' dir='ltr'><strong>uersui</strong></span> <span class='ocrx_word' id='word_1_334' title='bbox 902 3491 1062 3565; x_wconf 91' lang='lat' dir='ltr'><strong>quicquam</strong></span> <span class='ocrx_word' id='word_1_335' title='bbox 1088 3489 1160 3548; x_wconf 92' lang='lat' dir='ltr'><strong>honi</strong></span> <span class='ocrx_word' id='word_1_336' title='bbox 1188 3487 1324 3547; x_wconf 88' lang='lat' dir='ltr'><strong>adfertur</strong></span> 
     </span>
     <span class='ocr_line' id='line_1_36' title="bbox 173 3572 1323 3658; baseline -0.002 -22"><span class='ocrx_word' id='word_1_337' title='bbox 173 3579 229 3638; x_wconf 88' lang='lat' dir='ltr'><strong>hac</strong></span> <span class='ocrx_word' id='word_1_338' title='bbox 253 3578 332 3639; x_wconf 82' lang='lat' dir='ltr'><strong>Celsi</strong></span> <span class='ocrx_word' id='word_1_339' title='bbox 353 3579 497 3640; x_wconf 85' lang='lat' dir='ltr'><strong>doctrina.</strong></span> <span class='ocrx_word' id='word_1_340' title='bbox 543 3581 608 3658; x_wconf 80' lang='lat' dir='ltr'><strong>Ego</strong></span> <span class='ocrx_word' id='word_1_341' title='bbox 631 3581 734 3639; x_wconf 78' lang='lat' dir='ltr'><strong>melius</strong></span> <span class='ocrx_word' id='word_1_342' title='bbox 757 3580 863 3657; x_wconf 89' lang='lat' dir='ltr'><strong>scripsi</strong></span> <span class='ocrx_word' id='word_1_343' title='bbox 890 3582 920 3638; x_wconf 90' lang='lat' dir='ltr'><strong>et</strong></span> <span class='ocrx_word' id='word_1_344' title='bbox 947 3579 991 3638; x_wconf 88' lang='lat' dir='ltr'><strong>ita</strong></span> <span class='ocrx_word' id='word_1_345' title='bbox 1018 3581 1199 3655; x_wconf 89' lang='lat' dir='ltr'><strong>interpretor</strong></span> <span class='ocrx_word' id='word_1_346' title='bbox 1228 3572 1323 3635; x_wconf 88' lang='lat' dir='ltr'><strong>‘uleus</strong></span> 
     </span>
     <span class='ocr_line' id='line_1_37' title="bbox 174 3666 1324 3745; baseline -0.001 -19"><span class='ocrx_word' id='word_1_347' title='bbox 174 3666 250 3726; x_wconf 91' lang='lat' dir='ltr'><strong>illud</strong></span> <span class='ocrx_word' id='word_1_348' title='bbox 278 3668 480 3745; x_wconf 86' lang='lat' dir='ltr'><strong>appellabitur</strong></span> <span class='ocrx_word' id='word_1_349' title='bbox 507 3674 607 3729; x_wconf 89' lang='lat' dir='ltr'><strong>tamen</strong></span> <span class='ocrx_word' id='word_1_350' title='bbox 636 3675 688 3728; x_wconf 90' lang='lat' dir='ltr'><strong>aut</strong></span> <span class='ocrx_word' id='word_1_351' title='bbox 716 3688 840 3728; x_wconf 85' lang='lat' dir='ltr'><strong>uerruca</strong></span> <span class='ocrx_word' id='word_1_352' title='bbox 868 3671 921 3729; x_wconf 89' lang='lat' dir='ltr'><strong>aut</strong></span> <span class='ocrx_word' id='word_1_353' title='bbox 948 3671 1071 3729; x_wconf 85' lang='lat' dir='ltr'><strong>cicatrix</strong></span> <span class='ocrx_word' id='word_1_354' title='bbox 1100 3668 1220 3726; x_wconf 86' lang='lat' dir='ltr'><strong>melius:</strong></span> <span class='ocrx_word' id='word_1_355' title='bbox 1253 3686 1324 3725; x_wconf 88' lang='lat' dir='ltr'><strong>nam</strong></span> 
     </span>
     <span class='ocr_line' id='line_1_38' title="bbox 174 3754 1322 3836; baseline -0.001 -21"><span class='ocrx_word' id='word_1_356' title='bbox 174 3756 303 3832; x_wconf 88' lang='lat' dir='ltr'><strong>papulae</strong></span> <span class='ocrx_word' id='word_1_357' title='bbox 326 3758 414 3816; x_wconf 89' lang='lat' dir='ltr'><strong>aliter</strong></span> <span class='ocrx_word' id='word_1_358' title='bbox 432 3762 502 3818; x_wconf 92' lang='lat' dir='ltr'><strong>sunt</strong></span> <span class='ocrx_word' id='word_1_359' title='bbox 520 3754 730 3836; x_wconf 87' lang='lat' dir='ltr'><strong>comparatae&#39;.</strong></span> <span class='ocrx_word' id='word_1_360' title='bbox 763 3758 922 3818; x_wconf 87' lang='lat' dir='ltr'><strong>Hominem</strong></span> <span class='ocrx_word' id='word_1_361' title='bbox 940 3758 1035 3818; x_wconf 91' lang='lat' dir='ltr'><strong>ueluti</strong></span> <span class='ocrx_word' id='word_1_362' title='bbox 1055 3756 1206 3832; x_wconf 82' lang='lat' dir='ltr'><strong>Campano</strong></span> <span class='ocrx_word' id='word_1_363' title='bbox 1220 3754 1322 3814; x_wconf 90' lang='lat' dir='ltr'><strong>morbo</strong></span> 
     </span>
     <span class='ocr_line' id='line_1_39' title="bbox 174 3844 1323 3924; baseline 0 -21"><span class='ocrx_word' id='word_1_364' title='bbox 174 3846 322 3923; x_wconf 81' lang='lat' dir='ltr'><strong>insignem</strong></span> <span class='ocrx_word' id='word_1_365' title='bbox 341 3846 480 3906; x_wconf 87' lang='lat' dir='ltr'><strong>adulator</strong></span> <span class='ocrx_word' id='word_1_366' title='bbox 498 3847 574 3906; x_wconf 84' lang='lat' dir='ltr'><strong>dixit</strong></span> <span class='ocrx_word' id='word_1_367' title='bbox 592 3847 710 3924; x_wconf 89' lang='lat' dir='ltr'><strong>papulis</strong></span> <span class='ocrx_word' id='word_1_368' title='bbox 729 3847 874 3907; x_wconf 89' lang='lat' dir='ltr'><strong>eiusmodi</strong></span> <span class='ocrx_word' id='word_1_369' title='bbox 891 3849 1038 3906; x_wconf 89' lang='lat' dir='ltr'><strong>neminem</strong></span> <span class='ocrx_word' id='word_1_370' title='bbox 1053 3845 1175 3905; x_wconf 83' lang='lat' dir='ltr'><strong>offendi:</strong></span> <span class='ocrx_word' id='word_1_371' title='bbox 1194 3844 1323 3922; x_wconf 89' lang='lat' dir='ltr'><strong>papulae</strong></span> 
     </span>
     <span class='ocr_line' id='line_1_40' title="bbox 173 3932 1323 4013; baseline -0.001 -21"><span class='ocrx_word' id='word_1_372' title='bbox 173 3934 206 3992; x_wconf 92' lang='lat' dir='ltr'><strong>in</strong></span> <span class='ocrx_word' id='word_1_373' title='bbox 228 3934 387 4011; x_wconf 87' lang='lat' dir='ltr'><strong>prouerbio</strong></span> <span class='ocrx_word' id='word_1_374' title='bbox 411 3939 480 3995; x_wconf 91' lang='lat' dir='ltr'><strong>sunt</strong></span> <span class='ocrx_word' id='word_1_375' title='bbox 502 3956 549 4012; x_wconf 88' lang='lat' dir='ltr'><strong>ap.</strong></span> <span class='ocrx_word' id='word_1_376' title='bbox 569 3935 669 3996; x_wconf 85' lang='lat' dir='ltr'><strong>Senec.</strong></span> <span class='ocrx_word' id='word_1_377' title='bbox 693 3937 729 3995; x_wconf 89' lang='lat' dir='ltr'><strong>de</strong></span> <span class='ocrx_word' id='word_1_378' title='bbox 752 3938 818 3996; x_wconf 88' lang='lat' dir='ltr'><strong>uita</strong></span> <span class='ocrx_word' id='word_1_379' title='bbox 835 3937 913 3997; x_wconf 89' lang='lat' dir='ltr'><strong>beat.</strong></span> <span class='ocrx_word' id='word_1_380' title='bbox 935 3939 974 3995; x_wconf 77' lang='lat'><strong>27</strong></span> <span class='ocrx_word' id='word_1_381' title='bbox 1001 3932 1139 4013; x_wconf 86' lang='lat' dir='ltr'><strong>‘papulas</strong></span> <span class='ocrx_word' id='word_1_382' title='bbox 1157 3933 1323 3993; x_wconf 88' lang='lat' dir='ltr'><strong>obseruatis</strong></span> 
     </span>
     <span class='ocr_line' id='line_1_41' title="bbox 175 4020 774 4102; baseline -0.002 -18"><span class='ocrx_word' id='word_1_383' title='bbox 175 4024 297 4098; x_wconf 86' lang='lat' dir='ltr'><strong>alienas,</strong></span> <span class='ocrx_word' id='word_1_384' title='bbox 321 4024 413 4085; x_wconf 90' lang='lat' dir='ltr'><strong>obsiti</strong></span> <span class='ocrx_word' id='word_1_385' title='bbox 435 4025 572 4102; x_wconf 90' lang='lat' dir='ltr'><strong>plurimis</strong></span> <span class='ocrx_word' id='word_1_386' title='bbox 595 4020 774 4085; x_wconf 84' lang='lat' dir='ltr'><strong>ulceribus?&#39;</strong></span> 
     </span>
    </p>
   </div>
   <div class='ocr_carea' id='block_1_3' title="bbox 0 0 1531 5004">
    <p class='ocr_par' dir='ltr' id='par_1_6' title="bbox 0 0 1531 5004">
     <span class='ocr_line' id='line_1_42' title="bbox 0 0 1531 5004; baseline 0 0"><span class='ocrx_word' id='word_1_387' title='bbox 0 0 1531 5004; x_wconf 95' lang='lat' dir='ltr'><strong> </strong></span> 
     </span>
    </p>
   </div>
  </div>
 </body>
</html>
