3060 5010
216 379 280 442 114
654 377 718 431 VIII
736 395 763 432 u.
783 381 932 432 803-1105.

216 542 353 625 ‘Fingere
367 548 547 625 estlingere.
586 548 664 622 Vtro.
679 547 727 607 lto.
749 547 855 606 VIIII
876 543 968 607 “cum
992 548 1077 624 poclo
1158 548 1232 607 abra
1246 547 1364 606 lebellis

216 638 339 710 pistrices
353 655 487 714 conpone
564 656 631 697 cum
648 639 702 696 uta
720 638 915 714 οιλοιιοπουμη
935 629 993 716 (ite
1009 636 1043 710 L,
1061 638 1258 715 ωλοιιοπονμη
1277 628 1363 717 G)”.’

216 726 344 804 Vergilii
367 727 466 786 locum
490 726 563 786 Aen.
578 725 653 785 VIII
672 727 735 785 633
757 721 852 785 ‘illam
871 727 960 785 tereti
978 727 1092 786 ceruice
1109 725 1217 785 reflexa
1235 727 1363 785 mulcere

215 817 346 875 alternos
376 819 407 875 ct
433 834 558 893 corpora
585 815 695 894 fingere
723 810 837 893 lingua’
862 814 1005 874 excidisse
1033 813 1229 892 probabiliter
1255 816 1364 874 statuit

216 905 426 965 Stowesserus.
471 906 581 964 Lucilii
608 904 788 964 uocabulum
814 906 933 978 fictricis
960 903 1040 980 quod
1067 904 1188 965 seruaui
1215 903 1363 981 quomodo

215 994 332 1055 Nonius
365 1012 383 1052 a
419 994 557 1072 fingendo
594 994 752 1053 deductum
785 994 974 1070 explicuerit,
1011 1012 1064 1052 nos
1095 1013 1154 1054 non
1187 1011 1363 1070 quaeremus

215 1103 310 1162 neque
343 1087 445 1143 tamen
477 1088 523 1143 est
555 1083 635 1159 quod
666 1087 746 1143 recte
778 1083 839 1142 lere
869 1081 1014 1143 liuditum
1043 1101 1106 1142 esse
1133 1085 1164 1142 et
1192 1085 1363 1142 enarratum

216 1175 307 1233 fuisse
331 1193 350 1235 a
372 1174 569 1252 grammatico
592 1191 646 1232 nos
665 1191 819 1250 negemus:
842 1172 893 1248 qui
912 1192 979 1230 oum
998 1193 1026 1250 p.
1042 1173 1107 1231 260
1126 1171 1244 1232 eosdem
1260 1189 1363 1231 uersus

215 1263 368 1322 attulisset
401 1262 510 1322 accidit
537 1262 677 1322 uidelicet
708 1265 832 1338 propter
858 1261 1118 1321 homoeoteleuton
1145 1264 1180 1321 ut
1206 1261 1270 1320 illic
1295 1263 1364 1337 post

216 1352 330 1412 labellis
351 1351 427 1410 illud
450 1352 568 1424 βολαίείο
590 1351 744 1411 excideret.
791 1351 877 1422 Quod
905 1350 1083 1411 uocabulum
1106 1370 1164 1410 non
1188 1349 1364 1410 mirabimur

215 1444 422 1518 comparantes
445 1441 576 1500 eiusdem
598 1444 705 1517 poetae
728 1440 822 1499 uerba
839 1441 950 1514 χιλοίνίπ
971 1441 1152 1500 conciliatrix
1178 1444 1209 1498 et
1231 1439 1363 1500 eiusdem

215 1531 327 1591 formae
346 1531 446 1590 Plauti
463 1530 652 1591 substantiuu
670 1529 800 1589 XXXIII
818 1530 856 1588 ab
876 1529 1048 1589 Hermanno
1067 1530 1190 1589 Rcssow
1208 1528 1245 1588 de
1263 1528 1364 1588 Plauti

217 1618 415 1679 substantiuis
443 1621 568 1680 collecta
597 1639 625 1695 p.
642 1620 704 1678 613
733 1620 764 1677 in
793 1618 900 1695 quibus
927 1619 1026 1678 multa
1048 1618 1196 1677 uocabula
1218 1621 1288 1677 suut
1311 1621 1364 1677 aut

217 1709 381 1786 singularia
404 1711 460 1769 aut
481 1727 551 1768 rara
573 1712 609 1768 ut
631 1710 775 1783 acceptrix
793 1709 959 1768 accusatrix
977 1707 1159 1767 cdrerttctric
1176 1708 1364 1767 οιλαοιοαλτλπ

215 1799 346 1858 amante
361 1799 473 1858 oratrix
481 1799 668 1872 persuuetric
681 1800 848 1871 suppostrix
862 1797 942 1874 quod
957 1816 1049 1875 genus
1064 1797 1208 1857 ametur
1221 1795 1363 1856 Afranius

216 1886 314 1960 babet,
346 1886 399 1946 alii
431 1886 500 1946 alie.
554 1887 669 1946 Frbtre'r
704 1887 846 1945 nimirum
877 1885 988 1946 dicitur
1018 1887 1158 1946 meretrix
1191 1904 1268 1962 quac
1299 1887 1364 1958 ficto

178 2015 180 2019 -
214 1977 345 2050 suspirat
376 1992 475 2036 cruore
503 1967 603 2056 (Lucr.
622 1975 664 2034 IV
691 1968 801 2055 1192).
837 2007 880 2016 -
918 1974 993 2036 (lum
1025 1976 1112 2052 poclo
1144 1975 1213 2034 bibo
1245 1967 1362 2053 eodem]

215 2064 365 2125 amicitiae
397 2064 516 2143 signum
549 2068 580 2125 et
609 2066 744 2124 caritatis
777 2068 812 2124 ut
844 2065 996 2142 Aristopb.
1020 2064 1122 2141 Equit.
1148 2064 1232 2124 1289
1266 2064 1362 2124 Plaut.

219 2153 310 2213 Stich.
331 2156 395 2215 730
422 2152 571 2233 Aguthiaa
599 2173 717 2214 carmen
748 2153 806 2213 ΑΡ
824 2153 851 2210 V
867 2155 932 2214 260
961 2151 1021 2232 είμλ
1048 2148 1102 2231 μὲν
1133 2152 1170 2214 σύ
1201 2152 1362 2231 φιλύοινος’

215 2241 286 2302 ὅταν
317 2236 345 2302 δ’
371 2240 477 2328 ἐθίλης
505 2264 539 2322 με
568 2243 728 2322 μεθύσσαι,
759 2251 861 2323 πρῶτα
888 2242 926 2304 σὺ
957 2240 1102 2325 γενομένη
1133 2240 1280 2323 πρόσφερε
1314 2239 1363 2302 καὶ

215 2329 342 2410 δίχομαι.
365 2331 393 2392 εί
412 2331 469 2413 γὰρ
491 2329 667 2409 ἐπιψαύσεις
689 2336 753 2405 τοῖς
775 2332 908 2412 χείλεσιν,
934 2330 1031 2394 ούιιέτι
1054 2331 1163 2410 νήφειν
1185 2328 1318 2411 εύμαρές.
1334 2378 1362 2390 ..

214 2420 379 2500 πορθμεύει
411 2419 467 2503 γὰρ
497 2419 593 2503 ἔμοιγε
622 2421 705 2495 κύλιξ
732 2419 812 2501 παρὰ
840 2430 895 2482 σοῦ
922 2419 954 2482 τὸ
981 2420 1104 2500 φίλημα.
1133 2452 1176 2463 -
1199 2422 1364 2498 amplector

214 2509 300 2570 labra
326 2510 444 2572 labellis
471 2510 592 2572 fictricis
619 2505 769 2591 conpone]
797 2512 874 2572 Bion
892 2511 908 2570 1
928 2513 971 2571 40
994 2509 1034 2585 ὥς
1058 2527 1089 2571 σε
1117 2510 1285 2589 περιπτύξαι
1312 2508 1362 2570 ael

213 2599 307 2679 χείλεα
328 2599 431 2680 χείλεσι
453 2600 527 2679 μίξει
545 2601 604 2660 ΑΡ
621 2600 649 2657 V
670 2603 731 2660 127
751 2599 845 2679 χείλεύ
862 2622 891 2661 τε
909 2603 1062 2680 γλυκεραῖς
1080 2599 1183 2679 χείλεσι
1201 2597 1363 2678 σνμπιίσας

213 2683 391 2771 Ἀντιγόνης.
417 2723 458 2732 -
482 2690 537 2750 hoc
560 2693 606 2750 est
629 2708 695 2748 cum
718 2691 803 2767 psolo
826 2684 978 2769 copumei]
997 2692 1232 2767 ψωλοιιοποῦμαι
1250 2689 1363 2764 Iunius,

214 2780 292 2855 quod
320 2779 502 2840 uocabulum
529 2780 601 2839 alibi
630 2798 689 2840 non
719 2782 803 2839 extat
829 2798 924 2856 neque
952 2781 1022 2856 apte
1053 2780 1215 2840 formatum
1243 2778 1364 2839 uidetur

215 2869 287 2944 quia
323 2872 490 2928 commonet
528 2869 665 2929 uocabuli
705 2876 934 2948 χειροκοποῦμαι
969 2866 1249 2947 τραχηλοκοποῦμαι
1284 2885 1362 2944 quae

214 2957 302 3035 longe
325 2958 475 3018 diuersum
499 2958 663 3035 praebeant
684 2976 812 3018 sensum.
857 2958 964 3034 Itaque
981 2958 1060 3035 dum
1083 2957 1263 3017 uocabulum
1285 2956 1362 3017 illud

214 3047 315 3123 aptius
344 3051 510 3122 enarretur,
542 3047 624 3106 melo
653 3046 780 3107 scribere
807 3042 904 3124 psolo’
920 3047 1084 3124 copumai:
1116 3045 1303 3120 κοπωθέντες
1333 3046 1365 3107 ot

213 3134 359 3214 βάρβαροι
385 3139 422 3221 τῇ
449 3132 564 3219 ἀλήκτῳ
592 3135 737 3218 συνουσίᾳ
766 3134 951 3215 ὑπνώθησαν
980 3137 1058 3196 Plut.
1083 3136 1191 3196 Parall.
1215 3156 1243 3212 p.
1260 3134 1361 3196 313A

216 3223 327 3282 312F:
351 3225 444 3300 psolo‚
468 3227 502 3283 ut
524 3225 640 3301 scorpio
663 3224 714 3284 lib.
729 3225 810 3284 XXX
829 3228 969 3287 ο.1022.
1007 3224 1089 3295 Quae
1112 3225 1259 3286 uocabula
1281 3224 1362 3301 quod

215 3332 243 3389 p.
260 3313 323 3372 308
344 3311 464 3373 Graecis
482 3313 592 3374 litteris
611 3317 733 3374 exaratu
752 3318 822 3375 sunt
839 3317 871 3374 iu
888 3315 971 3390 codd,
990 3334 1049 3374 non
1063 3316 1166 3393 magui
1179 3314 1362 3375 faciendum:

215 3401 283 3460 uide
316 3402 354 3462 ad
385 3402 435 3462 lib.
455 3403 482 3458 V
506 3424 533 3462 u.
557 3405 627 3463 187.
674 3404 786 3464 Tamen
819 3404 872 3465 cod
904 3404 1057 3464 Leidensis
1089 3405 1275 3481 praestantia
1306 3403 1362 3463 hoc

213 3491 324 3550 Lucilii
345 3492 411 3551 loco
434 3494 550 3572 egregie
574 3493 708 3554 cernitur
730 3496 814 3554 cuius
836 3494 977 3554 librarius
996 3513 1011 3552 e
1035 3495 1069 3552 Ψ
1083 3494 1186 3552 littera
1208 3495 1261 3553 νίο
1282 3492 1361 3570 quod

213 3582 317 3640 natum
337 3581 444 3655 fuerat,
462 3586 541 3643 recte
561 3586 738 3643 seruauerit:
757 3583 837 3661 quod
857 3584 958 3642 omisit
971 3583 1110 3642 librarius
1126 3581 1361 3660 Guelferbytani.

213 3669 248 3728 In
271 3672 395 3747 reliquls
423 3672 466 3731 nil
489 3673 563 3732 sani.
610 3672 737 3749 Scripsit
759 3677 860 3750 poete:
889 3692 956 3732 cum
983 3673 1129 3750 tentigIne
1157 3692 1280 3748 rumpor
1301 3690 1361 3732 uon

214 3778 284 3821 curo
307 3761 423 3821 bonane
447 3761 488 3821 sit
510 3781 548 3822 un
572 3763 661 3835 mala,
683 3762 787 3839 pulcra
810 3762 937 3822 honeste
954 3780 993 3822 an
1011 3763 1116 3838 turpis.
1154 3761 1188 3820 ln
1209 3779 1276 3838 epp.
1295 3762 1360 3821 crit.

213 3850 302 3910 addc:
325 3852 400 3911 obre
422 3849 496 3910 codd
515 3872 543 3928 p.
563 3853 636 3912 308.

304 3933 387 4002 805.
411 3941 527 4000 Nonius
550 3961 578 4017 p.
595 3942 674 4014 260,
695 3943 734 4000 29
765 3936 963 4019 ‘conponere
991 3941 1178 4020 coniungere.
1204 3939 1360 4000 ...idem

215 4031 246 4088 in
271 4029 374 4089 eodem
397 4022 574 4111 (praecessit
594 4048 698 4089 uersus
724 4032 786 4090 303
807 4022 882 4112 seq.)
907 4025 1013 4089 “tuum
1035 4031 1127 4090 tatum
1151 4031 1361 4107 conponit

213 4115 362 4194 pectus’'.’
415 4119 460 4178 De
492 4118 595 4179 ordine
627 4119 789 4196 fragmenti
821 4122 957 4179 constare
988 4137 1047 4179 non
1080 4137 1166 4195 posse
1193 4120 1360 4196 expositum

213 4209 260 4265 est
286 4207 419 4285 prolegg.
438 4229 466 4285 p.
481 4207 569 4268 XCV.
599 4240 640 4250 —
670 4207 748 4267 Gonf
771 4207 873 4267 APV
896 4211 957 4268 127
988 4205 1093 4289 στέρνα
1124 4206 1190 4288 περί
1221 4205 1361 4288 στέρνοις,

214 4299 313 4379 μαστῷ
336 4287 364 4354 δ’
385 4293 433 4356 ἐπί
456 4295 570 4376 μαστὸν
591 4294 704 4377 ἐρείσας
725 4296 820 4376 χείλεοί
842 4317 871 4357 τε
893 4300 1046 4377 μλνιιεροῖς
1072 4297 1175 4377 χείλεσι
1198 4294 1361 4376 σνμπιίσας

212 4376 382 4463 Ἀντιγόνης
399 4383 449 4444 καί
467 4394 563 4466 χρῶτα
580 4383 680 4464 λαβὼν
697 4393 869 4466 προσχρῶτα
886 4389 945 4446 πτλ.
963 4388 1043 4447 tuus
1059 4406 1138 4463 quae
1154 4407 1222 4465 pars
1241 4389 1360 4465 proprie

214 4475 253 4532 sit
276 4475 416 4550 corporis,
439 4494 473 4534 er
496 4476 552 4533 hoc
575 4493 664 4533 uersu
687 4474 886 4552 intellegitur:
910 4494 1005 4553 neque
1028 4478 1106 4535 enim
1130 4478 1228 4537 totum
1251 4495 1360 4554 corpus
