3030 5002
647 346 660 403 1
678 367 707 406 n.
725 353 767 406 25.
1244 348 1285 416 15

132 537 236 581 uersus
258 519 464 597 prohoemium
487 518 535 579 dei
558 519 760 580 contionantis
784 521 923 580 alicuius:
946 519 1087 597 Neptuno
1110 518 1237 595 tribuas,
1261 523 1285 581 si

134 629 169 670 ea
192 629 269 687 quae
292 610 330 669 ad
349 630 398 669 uu.
419 611 549 686 ileeqq.
572 609 717 669 adnotata
740 612 810 670 sunt
827 609 1009 686 probaueris.
1046 609 1165 669 lictum
1184 614 1286 670 autem

133 704 179 759 est
200 699 283 759 istud
306 700 458 759 exordium
482 700 520 758 ad
543 700 710 776 exemplum
729 700 945 776 Thrasymaohi
966 702 1075 758 ueteris
1095 698 1285 759 Chalcedonii

134 790 222 865 quale
254 789 388 849 seruauit
419 789 583 866 Dionysius
612 788 710 848 Halic.
738 789 892 849 Demosth.
912 790 931 848 3
951 789 966 847 Ι
988 809 1018 866 p.
1040 789 1102 848 132
1126 789 1177 849 Vs.
1197 789 1285 849 Reos

11 935 14 950 ,
134 876 303 959 ἐβουλόμην
327 875 396 955 μὲν,
419 870 443 937 ὦ
465 874 571 957 ἄνδρες
591 870 763 956 Ἀθηναῖοι,
791 883 941 957 μετασχεῖν
964 876 1079 939 ἐκείνου
1101 886 1154 937 τοῦ
1177 876 1286 958 χρόνου

132 971 203 1046 κτλ,
235 967 339 1027 eodem
370 967 458 1026 modo
489 970 639 1043 incipiunt
670 969 701 1026 in
734 968 972 1043 prohoemiorum
1004 967 1178 1027 collectione
1209 987 1285 1044 quae

133 1057 342 1117 Demosthenis
365 1075 427 1116 esse
451 1056 548 1115 lemur
569 1057 653 1134 proh.
673 1057 744 1114 XVI
766 1055 934 1135 ἐβουλόμην
956 1054 995 1116 ἂν
1022 1055 1100 1133 ὑμᾶς
1128 1048 1151 1115 ὦ
1179 1053 1285 1135 ἄνδρες

130 1138 301 1223 Ἀθηναῖοις
331 1145 443 1204 XXXII
470 1141 645 1224 ἠβουλόμην
672 1141 710 1204 ἂν
739 1137 762 1205 ὦ
788 1143 895 1226 ἄνδρες
922 1150 981 1206 κτλ.
1032 1144 1164 1205 Lucilius
1191 1147 1286 1224 igitur

134 1235 237 1295 eodem
263 1237 329 1294 ioco
357 1254 427 1294 usus
455 1237 501 1294 est
533 1253 592 1310 quo
619 1235 835 1311 Aristophanes
863 1235 974 1295 Eccles.
995 1237 1055 1293 151
1086 1235 1138 1294 ubi
1164 1236 1285 1294 mulier:

133 1322 302 1403 ἐβουλόμην
325 1320 379 1401 μέν
400 1321 440 1383 ἂν
462 1321 561 1404 ἕτερον
584 1332 643 1383 τῶν
666 1320 793 1402 ἠθάδων
816 1321 910 1403 λέγειν
928 1321 963 1383 τὰ
981 1320 1113 1404 βέλτιοτα
1132 1327 1201 1401 κτλ,
1224 1344 1285 1402 quo

133 1412 282 1473 Lucienus
305 1415 338 1472 in
366 1413 488 1473 deorum
515 1414 641 1473 coneilio
664 1413 727 1473 Iou.
751 1414 883 1493 tragoed.
905 1416 954 1472 14.
977 1416 1016 1472 15
1047 1413 1098 1473 ubi
1121 1413 1284 1473 Mercurius

133 1503 236 1563 Iouem
268 1502 392 1562 edocens
424 1501 462 1562 σὺ
494 1499 526 1563 δέ
556 1511 616 1563 τῶν
648 1499 864 1581 Δημοσθένους
896 1502 1088 1583 δημηγοριῶν
1120 1510 1179 1563 τῶν
1211 1501 1285 1563 κατὰ

138 1592 291 1652 Φιλίππου
313 1591 353 1670 ἦν
375 1613 441 1652 τινα
463 1589 502 1652 ἂν
525 1589 631 1675 scitne
653 1591 768 1671 σύνειρε
790 1588 875 1672 lupa
897 1589 1086 1652 ἐναλλάττων.
1110 1590 1188 1652 οὕτω
1210 1600 1285 1672 γοῦν

134 1680 167 1741 ολ
186 1678 291 1742 πολλολ
312 1689 371 1742 νῦν
393 1680 514 1762 ῥήτορες
536 1690 688 1741 nowhere:
712 1681 764 1740 ubi
782 1681 918 1757 IuppIter
940 1683 985 1740 ita
1006 1681 1115 1758 incipit
1132 1677 1198 1740 ἀντὶ
1216 1685 1284 1742 πολ-

134 1774 194 1830 λῶν
222 1767 261 1830 ἂν
289 1763 313 1830 ὦ
339 1767 446 1850 ἄνδρες
472 1767 540 1830 θεολ
567 1769 724 1850 χρημάτων
751 1774 809 1830 κτλ
839 1764 896 1851 (=
911 1770 1063 1831 Demosth.
1088 1767 1281 1846 Olynthii

134 1858 288 1920 Prohoem.
307 1853 377 1941 111).
413 1860 498 1919 Idem
520 1859 592 1919 deus
613 1859 694 1937 apud
712 1859 873 1936 Apuleium
896 1862 965 1919 met.
984 1859 1028 1918 VI
1048 1861 1088 1919 23
1113 1860 1285 1920 iudeorum

136 1949 261 2009 concilio
295 1945 363 2008 ‘Dei
392 1944 573 2026 conscripti’,
605 1950 718 2025 iuquit,
751 1945 915 2010 ‘Musarum
948 1949 1029 2025 albo,
1067 1948 1286 2009 adulescentem

134 2041 235 2113 istum,
253 2038 333 2115 quod
350 2039 487 2098 manibus
506 2041 579 2098 meis
594 2040 764 2098 alumnatus
778 2040 843 2114 sim,
862 2039 995 2115 prefecto
1009 2040 1092 2098 scitis
1106 2035 1218 2098 omnes'
1234 2039 1286 2098 ubi

136 2130 232 2188 utitur
249 2129 423 2205 prohoemio
436 2128 645 2189 Demosthenis
664 2128 700 2187 de
718 2128 796 2188 falsa
813 2129 904 2206 legat
927 2129 977 2187 uel
994 2128 1145 2188 Midianao
1164 2129 1213 2187 uel
1230 2146 1285 2204 pro

136 2216 314 2277 Phormione
337 2209 439 2300 (Proh.
458 2209 523 2300 XI).
566 2216 670 2276 Simile
688 2221 844 2295 praeterea
861 2219 1068 2294 prohoemium
1087 2217 1287 2277 adhibuenmt

136 2310 228 2383 atque
262 2306 334 2366 deus
365 2306 539 2367 Lucilianus
570 2307 672 2368 Isaeus
705 2326 752 2384 ap
784 2307 908 2384 Dionys.
936 2306 1032 2367 Halic.
1065 2306 1102 2366 de
1133 2307 1218 2367 Isaeo
1245 2309 1285 2367 10

135 2395 201 2473 Ip.
224 2397 297 2471 105,
318 2396 396 2456 IVs.
418 2396 493 2455 Rad.
523 2396 662 2456 Μάλιστα
689 2392 744 2473 μέν
770 2394 939 2475 ἐβουλόμην
967 2389 990 2456 ὦ
1017 2393 1124 2477 ἄνδρες
1151 2395 1288 2456 δικασταί

137 2480 223 2565 (conl
239 2485 293 2544 81
316 2507 343 2562 p.
365 2489 437 2560 101,
457 2486 499 2544 23
533 2489 564 2544 et
590 2485 667 2544 Isaei
695 2488 770 2545 orat
789 2485 816 2544 X
834 2486 958 2562 Antiph.
982 2504 1023 2546 or.
1042 2485 1070 2542 V
1097 2486 1286 2546 Antisthenis

136 2575 213 2635 Aiax
241 2573 300 2634 (lic.
323 2573 453 2651 Philipp.
472 2575 514 2633 IX
542 2574 666 2651 Dionys.
699 2574 767 2634 Hal.
801 2576 946 2635 archaeol.
965 2574 1025 2633 VH
1044 2566 1116 2656 48),
1149 2573 1286 2634 Sallustii

139 2662 296 2741 Philippus
324 2656 442 2743 (histor.
461 2664 477 2722 Ι
499 2684 527 2740 p.
548 2665 589 2724 33
613 2657 811 2745 Maurenbr.):
848 2659 988 2725 ‘Maxime
1025 2664 1149 2738 uellem,
1184 2667 1285 2740 patres

137 2755 306 2830 conscripti,
328 2773 392 2813 rem
408 2774 438 2830 p.
458 2756 592 2830 quietam
610 2749 695 2828 esse’‚
717 2757 819 2814 orator
836 2772 884 2829 ap.
903 2747 1015 2832 [Caes]
1035 2753 1103 2813 bell.
1122 2753 1186 2811 Afr.
1202 2754 1283 2827 54,2

140 2838 279 2902 ‘Maxime
302 2843 410 2902 uellem
429 2889 436 2902 .
452 2890 458 2900 .
474 2889 480 2900 .
499 2845 633 2903 homines
652 2862 724 2902 suae
742 2843 929 2919 petulantiae
948 2890 954 2899 .
971 2889 977 2900 .
993 2888 999 2902 .
1018 2841 1108 2902 finem
1126 2838 1286 2917 iecissent’,

138 2929 240 2992 cicaro
274 2932 307 2991 iu
344 2932 479 2993 oratione
519 2952 574 3008 pro
611 2932 697 2992 Sulla
738 2927 879 2992 ‘Maxime
919 2931 1040 3008 uellem,
1080 2930 1206 3007 iudices,
1252 2936 1287 2991 ut

138 3020 169 3079 P.
184 3021 270 3081 Sulla
368 3022 499 3081 h'uctum
522 3022 654 3099 aliquem
675 3024 827 3100 percipere
849 3018 1017 3098 potuisset'.
1041 3021 1153 3082 Fronto
1176 3041 1204 3097 p.
1223 3022 1285 3080 164

137 3111 211 3170 med.
226 3110 263 3172 N.
288 3107 333 3169 ‘Si
351 3113 470 3171 euenire
488 3114 597 3189 posset,
616 3111 792 3187 Imperator,
810 3115 845 3171 ut
863 3113 952 3171 amici
965 3131 1000 3171 ac
1014 3111 1178 3171 familiares
1191 3113 1286 3170 nostri

138 3203 247 3261 nostris
270 3200 402 3260 moribus
425 3205 532 3261 cuncta
555 3204 686 3279 agerent,
714 3204 841 3261 maxime
869 3196 998 3260 uellem'.
1044 3201 1140 3260 Metro
1167 3204 1287 3260 coactus

138 3291 259 3367 scripsit
280 3288 413 3350 Lucilius
436 3286 557 3349 ‘uellem
580 3286 774 3366 cumprimis’‚
802 3309 861 3368 quo
885 3290 1025 3350 adverbio
1050 3293 1081 3349 et
1104 3288 1229 3350 Crassus
1256 3293 1288 3349 et

140 3377 240 3440 cicero
268 3382 402 3439 oratores
429 3383 556 3439 utuntur
578 3373 629 3461 (de
652 3399 694 3439 or.
712 3379 744 3439 Π
764 3382 827 3438 224
855 3381 888 3438 in
910 3380 994 3439 Vere.
1012 3379 1044 3439 Π
1064 3381 1115 3455 28,
1135 3381 1191 3439 68:
1218 3381 1291 3439 conf

139 3467 212 3528 Gell.
231 3467 319 3528 XVII
339 3471 368 3544 2,
389 3463 453 3550 14).
490 3469 635 3529 Restituit
650 3472 773 3543 sorece
794 3469 954 3529 Meroerus:
972 3471 1091 3544 petisset
1113 3469 1168 3529 cod
1190 3468 1286 3528 Pisto-

138 3557 266 3618 riensem
279 3557 388 3617 habere
401 3561 532 3618 testatur
548 3559 672 3618 Asconii
690 3558 781 3618 editio
800 3557 1048 3620 Kieesl.-Schoell.
1067 3579 1095 3634 p.
1111 3560 1152 3619 89
1167 3561 1288 3631 petisset

139 3647 169 3706 in
191 3647 331 3707 Leidensi
353 3650 468 3707 exstare
492 3667 527 3707 ex
546 3648 693 3707 editomm
716 3647 839 3707 Asconii
861 3648 981 3708 silentio
1005 3647 1145 3722 efficitur,
1167 3650 1287 3721 petisset

140 3736 230 3798 editio
262 3738 409 3814 princeps.
462 3737 674 3813 Imperfectum
706 3736 890 3796 coniunctiui
921 3755 1039 3797 necesse
1070 3741 1117 3796 est
1145 3739 1287 3812 ponatur:

140 3826 241 3886 οοόουι
268 3827 366 3885 forma
397 3827 477 3902 apud
504 3825 655 3886 Lucilium
682 3826 733 3885 lib.
752 3825 834 3884 XXX
852 3846 880 3884 u.
903 3829 988 3887 1050
1006 3827 1034 3884 V
1053 3847 1081 3887 u
1101 3826 1165 3886 203
1184 3824 1200 3883 Ι
1219 3845 1247 3884 u.
1267 3826 1286 3882 5

141 3914 236 3974 Plaut.
256 3914 319 3974 Mil.
334 3916 398 3974 884
417 3916 531 3975 hadita
554 3919 600 3975 est
623 3906 697 3995 (Leo
716 3915 846 3975 Plautin.
866 3915 984 3976 Porsch.
1004 3935 1032 3991 p.
1052 3907 1140 3995 267).
1180 3913 1287 3990 Itaque

141 4006 248 4080 incipit
270 4004 342 4065 deus
364 4005 421 4065 hac
444 4005 605 4065 sententia:
629 3999 768 4064 ‘Maxime
791 4005 909 4082 ueMem,
931 4007 957 4064 si
980 4006 1058 4065 forte
1080 4004 1201 4063 fortuna
1222 4002 1289 4064 lieri

140 4097 251 4171 posset,
276 4141 282 4152 .
309 4091 353 4153 ..'
391 4114 468 4170 quae
504 4093 705 4170 sequebantur
740 4094 855 4154 incerta
890 4099 968 4154 sunt.
1027 4093 1184 4154 Artissirrm
1220 4113 1288 4152 cum

141 4201 189 4240 uu
210 4185 340 4259 Alseqq.
368 4185 446 4243 hunc
468 4203 588 4243 uersum
610 4184 764 4243 coniunxit
787 4183 920 4261 Scaliger
945 4202 1033 4260 quem
1060 4185 1105 4242 ita
1133 4184 1289 4243 constituit

141 4271 242 4332 selim
263 4275 435 4346 cumprimis
461 4275 528 4346 fieri
554 4275 581 4332 ci
605 4274 669 4346 sors
692 4275 846 4346 potuisset,
875 4273 945 4348 quie
972 4272 1036 4331 illic
1059 4293 1086 4331 u.
1108 4273 1149 4331 28
1177 4272 1289 4351 legitur

141 4360 352 4432 adfusum:
379 4361 445 4531 sed)
459 4365 539 4422 reete
566 4361 776 4438 imperfectum
799 4353 959 4443 (Draegeri
983 4365 1100 4438 syntax.
1124 4361 1192 4421 hiat.
1215 4361 1287 4438 ling.
1374 4413 1384 4429 ,

143 4448 206 4509 Lat
226 4445 266 4512 ἸΙ
291 4471 322 4528 p.
342 4451 454 4510 7225.
