3060 5010
218 352 262 417 60
663 350 701 404 111
720 369 745 404 u.
767 355 914 405 rsa-ms.

220 521 360 582 Σικελίαν
392 517 508 601 μικράν.
563 520 695 580 Puteolis
728 521 879 597 proiectus
911 539 971 579 una
1002 519 1051 578 die
1083 520 1181 580 uoluit
1211 522 1367 597 peruenire

219 611 405 687 Palinurum,
425 611 520 670 altera
538 609 607 669 inde
625 612 727 687 petere
744 611 896 688 regionem
910 609 1118 685 Vibonensem,
1135 611 1226 669 tertia
1242 610 1367 669 iretumz

219 701 395 763 Palinurum
417 719 522 760 reuera
544 698 642 758 media
665 701 751 759 nocte
774 701 912 775 peruenit
933 700 1010 758 mari
1033 698 1196 776 tranquillo
1219 690 1262 780 (u.
1279 691 1365 781 127).

311 782 392 850 124.
421 789 682 864 Gellius116,2
721 791 751 847 et
786 809 821 848 ex
853 807 888 848 eo
919 788 1088 848 Macrobius
1120 789 1365 864 Satum.15,6

221 875 239 938 ‘.
256 878 434 941 ..Lucilius
457 881 488 937 in
507 880 598 939 tertio
616 873 868 954 satyrarum‘bd
886 880 1005 955 portam
1025 923 1075 937 ...
1095 877 1199 938 exinde
1218 870 1283 959 (sea
1299 879 1367 939 iace

218 960 401 1049 Macrobius)
426 969 582 1028 Salernum
606 960 780 1049 (satanam
803 967 878 1027 codd
900 961 1013 1050 Gellii).
1058 968 1150 1046 mille,
1178 969 1286 1045 inquit,
1312 970 1366 1043 cst,

218 1077 279 1118 non
301 1058 384 1118 mille
407 1053 521 1118 sunt’'.'
559 1058 733 1117 Innumeros
756 1059 928 1117 criticorum
950 1055 1126 1117 emendandi
1150 1059 1273 1118 conatus
1296 1058 1367 1117 huic

220 1149 320 1209 uersui
344 1147 465 1208 adactos
488 1146 589 1208 sedulo
613 1149 648 1206 ut
670 1146 786 1207 adsolet
813 1149 967 1206 enumerat
992 1146 1131 1207 Hertaius
1154 1146 1245 1206 Gellii
1263 1147 1282 1204 l.
1302 1167 1324 1206 s.
1343 1166 1365 1207 s.

218 1237 260 1296 At
282 1236 452 1296 mirandum
478 1239 523 1296 est
550 1239 711 1314 temptasse
739 1237 820 1296 uiros
851 1236 952 1296 doctos
974 1241 1094 1310 portum
1120 1238 1151 1296 et
1172 1241 1262 1311 porta
1289 1256 1365 1314 quae

218 1327 370 1387 testantur
392 1328 547 1403 utriusque
570 1327 723 1404 scriptoris
746 1325 833 1386 codd:
861 1344 911 1385 sca
933 1326 1001 1384 iada
1023 1325 1191 1386 Macrobius
1213 1325 1277 1403 ipse
1300 1345 1365 1403 per·

219 1435 303 1476 uerae
323 1415 442 1492 scripsit
461 1418 641 1476 caecuttiens
657 1417 750 1475 oculis
766 1415 814 1474 uel
828 1415 1000 1475 dormitans.
1033 1415 1117 1475 Mille
1131 1417 1211 1474 enim
1224 1434 1366 1491 passuum

217 1524 277 1565 non
300 1505 395 1565 distat
417 1505 561 1582 oppidum
584 1505 622 1564 ab
648 1505 773 1582 oppido:
800 1523 860 1564 una
883 1503 1090 1564 tantummodo
1113 1504 1247 1563 Marcina
1273 1524 1366 1582 prope

218 1595 375 1655 Salernum
393 1595 493 1671 posita
511 1586 623 1675 (Strab.
637 1595 666 1651 V
688 1614 717 1671 p.
733 1596 794 1653 251
807 1586 897 1675 med.)
917 1596 1037 1671 poterat
1054 1597 1213 1654 memorari
1232 1613 1250 1654 a
1268 1597 1367 1670 poeta,

218 1682 269 1744 sed
292 1703 329 1743 ne
352 1684 429 1744 banc
451 1684 573 1761 quidem
594 1685 754 1744 memorari
777 1683 917 1743 credibile
940 1686 994 1758 est,
1019 1685 1092 1760 quia
1114 1685 1204 1742 remis
1227 1703 1365 1761 promon-

218 1775 329 1853 top’um
352 1773 505 1833 Mineruae
528 1776 650 1850 superat
672 1775 808 1850 petitque
828 1773 986 1833 Salernum
1005 1774 1081 1832 mari
1099 1793 1158 1833 non
1177 1774 1259 1832 terra
1276 1776 1366 1851 poeta

218 1883 246 1921 u.
268 1864 340 1923 125.
386 1863 493 1939 Itaque
516 1882 584 1922 cum
607 1884 634 1922 u.
659 1862 845 1923 antecedenti
871 1863 1035 1922 uiderimus
1061 1864 1190 1922 transim
1217 1861 1365 1922 Lucilium

219 1951 366 2027 Puteolos,
389 1971 445 2029 par
467 1955 513 2012 est
535 1953 591 2011 hoc
612 1971 700 2012 uersu
724 1972 792 2013 eum
815 1953 923 2012 dixisse
947 1953 1030 2011 mille
1053 1970 1195 2028 passuum
1218 1970 1281 2012 esse
1308 1953 1367 2013 iter

216 2061 271 2119 per
292 2042 395 2101 urbem
423 2059 442 2101 a
468 2045 557 2119 porta
581 2039 723 2119 Capuana
751 2042 790 2102 ad
816 2045 934 2119 portam
962 2041 1108 2101 marinam
1137 2034 1206 2123 (τὴν
1232 2039 1307 2100 κατὰ
1333 2039 1365 2101 τὸ

203 2128 359 2211 ἐμπόριον
387 2130 486 2209 πύλην
508 2130 590 2191 FHG
607 2132 639 2191 H
661 2152 690 2208 p.
711 2133 784 2206 261,
804 2124 838 2213 2)
868 2151 965 2208 neque
995 2131 1084 2191 uideo
1117 2131 1264 2207 quomodo
1296 2132 1365 2190 huic

218 2220 460 2298 interpretationi
483 2220 659 2281 aduersatur
682 2223 737 2280 aut
759 2223 840 2299 regio
861 2220 1027 2280 Puteolana
1049 2223 1116 2298 ipsa
1139 2223 1192 2280 aut
1210 2220 1366 2297 Pompeio·

217 2329 285 2369 rum
308 2309 412 2388 oppidi
434 2312 557 2371 minoris
580 2329 735 2371 mensurae
759 2309 947 2388 angustiores
970 2310 1050 2385 quod
1072 2309 1216 2388 oppidum
1237 2311 1365 2370 mansue

218 2398 354 2459 solebant
377 2419 395 2460 a
422 2403 511 2476 porta
533 2400 721 2460 Herculanea
746 2401 906 2474 intrantes,
935 2401 1073 2460 exeimtes
1100 2419 1154 2475 per
1181 2397 1364 2459 Stabianam.

218 2488 345 2566 Scripsit
366 2488 460 2568 igitur
481 2492 571 2566 poeta
591 2485 670 2549 ‘inde
689 2489 829 2549 Puteolos
851 2490 1013 2549 transimus
1032 2492 1063 2549 et
1079 2489 1214 2549 homines
1233 2490 1263 2548 et
1281 2490 1365 2567 oppi-

217 2577 289 2636 dum
312 2579 392 2655 quod
415 2580 474 2638 iter
498 2582 544 2639 est
569 2579 652 2639 mille
680 2598 834 2657 passuum,
863 2597 930 2637 cum
957 2582 1045 2656 porta
1068 2577 1212 2656 (lapsana
1238 2580 1366 2657 ingressi

218 2668 332 2727 eximus
354 2671 443 2746 porta
465 2670 589 2728 marina.
627 2668 741 2727 Exinde
766 2669 928 2728 Salernum.
967 2667 1173 2745 Supplendum
1197 2671 1242 2728 est
1263 2687 1366 2728 sumus

212 2758 339 2832 profecti
361 2777 420 2834 quo
444 2757 481 2818 dc
503 2777 609 2836 genere
633 2758 746 2834 ellipsis
769 2758 840 2818 conf
856 2758 1000 2835 Draegeri
1022 2759 1138 2835 syntax.
1158 2758 1226 2816 hist.
1246 2758 1265 2816 l.
1284 2756 1316 2816 L.
1336 2750 1366 2817 1²

219 2865 246 2922 p.
268 2848 340 2906 200.
378 2845 539 2907 Soluerunt
560 2849 637 2906 mari
658 2847 823 2924 tranquillo
843 2849 1021 2924 tempestate
1039 2865 1143 2907 serena
1160 2849 1250 2906 uento
1269 2847 1365 2907 nullo:

217 2953 277 3011 qua
299 2935 336 2995 de
358 2955 391 2995 re
414 2936 482 2995 uide
504 2957 533 2995 u.
554 2938 626 2996 125.

308 3015 389 3085 125.
414 3025 535 3085 Samius
563 3028 668 3085 auctus
701 3025 740 3085 ad
767 3024 915 3086 Aeneidos
932 3026 949 3085 1
968 3027 1032 3085 244
1066 3021 1192 3085 ‘fontem
1223 3044 1364 3103 superare

217 3109 355 3171 Timaui'.
381 3109 539 3190 ‘Superare
553 3117 690 3174 nauticus
704 3133 800 3174 sermo
814 3117 868 3175 est.
895 3113 1029 3174 Lucilius
1045 3109 1306 3190 “promontorium
1322 3160 1363 3174 ...

216 3197 415 3261 Mineruae’'.'
453 3203 593 3263 Soluerat
614 3206 704 3280 poeta
727 3203 872 3264 Puteolis:
894 3205 956 3263 iam
978 3206 1058 3264 inter
1076 3202 1204 3280 Capreas
1228 3208 1258 3264 et
1281 3223 1364 3264 oram

216 3291 362 3369 nauigans
381 3290 549 3352 Surrentini
564 3293 662 3352 litoris
680 3293 774 3353 flectit
791 3295 944 3354 Mineruae
962 3295 1207 3371 promontorium,
1225 3291 1257 3354 τὸ
1272 3287 1363 3371 ’Ma'-

216 3401 313 3455 ναινν,
327 3377 345 3440 ὅ
358 3401 435 3453 τινες
444 3384 675 3462 Σειρηνονσσῶν
688 3378 873 3462 ἀκρωτήριον
886 3385 1040 3444 καλοῦσιν·
1055 3381 1114 3444 ἔστι
1126 3377 1209 3444 dtirc'
1221 3379 1301 3467 ἄκρῳ
1311 3379 1365 3461 μὲν

213 3462 345 3546 Ἀθηνᾶς
368 3467 459 3549 ἱερόν,
486 3468 596 3551 ἵδρυμα
616 3464 790 3544 Ὀδυσσέως·
819 3471 961 3546 dictatoria
984 3465 1012 3532 δ’
1043 3470 1166 3533 ἐνθένδε
1189 3471 1300 3552 βραχὺς
1322 3471 1364 3546 εἰς

215 3554 355 3637 Καπρέας
364 3565 458 3636 νῆσον
466 3552 644 3641 (Strapr.
652 3555 740 3643 247).
757 3560 879 3622 Confert
888 3561 1152 3623 GerlacbiusCuid.
1163 3562 1362 3623 metxvsos

218 3642 297 3707 ‘inde
320 3648 396 3726 legit
420 3647 548 3726 Capreas
570 3653 866 3728 promontoriumque
888 3647 1062 3712 Mineruac'.
1107 3651 1152 3710 De
1173 3670 1312 3711 memma
1334 3654 1365 3711 et

216 3737 399 3816 etymologia
434 3739 572 3800 uocabuli
602 3743 836 3814 provocatoriam
867 3740 936 3800 uide
965 3740 998 3801 L.
1013 3741 1190 3801 Muellerum
1214 3741 1241 3800 d.
1264 3761 1287 3800 r.
1310 3733 1364 3799 m.²

215 3847 243 3903 p.
264 3829 337 3888 302.
374 3828 458 3888 Idem
480 3828 539 3888 iter
560 3830 684 3889 nauium
706 3829 977 3890 Alexandrinarum
995 3831 1135 3891 Puteolos
1159 3850 1236 3907 quae
1258 3832 1365 3907 petant

215 3915 386 3977 describunt
404 3917 519 3978 Statius
537 3919 603 3978 sila.
618 3920 665 3979 111
680 3921 709 3995 2,
725 3921 765 3977 22
787 3915 896 3996 ‘prima
914 3920 1085 3980 Dicarcheis
1098 3920 1242 3980 Pharium
1261 3920 1363 3998 grauis

214 4007 320 4065 intulit
343 4026 464 4082 annum,
487 4009 584 4085 prima
607 4008 753 4067 salutauit
772 4006 901 4086 Capreas
924 4013 955 4069 et
977 4012 1111 4089 margine
1132 4009 1235 4069 dertm
1253 4009 1364 4085 sparsit

215 4095 385 4171 Tyrrhenae
409 4096 571 4156 Mareotica
594 4098 666 4156 uina
688 4095 851 4159 Mineruae’
876 4102 907 4158 et
930 4097 1042 4160 Seneca
1064 4099 1150 4176 epist.
1172 4100 1223 4171 77,
1242 4101 1261 4157 2
1284 4093 1362 4156 ‘cum

214 4185 364 4243 intrauere
388 4183 517 4263 Capreas
536 4189 567 4245 et
584 4189 820 4263 promontorium
839 4208 875 4247 ex
894 4208 953 4264 quo
973 4183 1061 4247 “alta
1078 4188 1241 4265 procelloso
1260 4204 1362 4262 specu·

215 4270 296 4330 latur
319 4272 430 4332 uertice
452 4270 598 4335 Pallas'''
624 4269 813 4357 (Baehrensii
835 4278 911 4336 PPR
935 4299 963 4355 p.
984 4279 1058 4351 359,
1077 4267 1143 4356 24).
1180 4275 1258 4334 Mari
1280 4277 1361 4334 tran·

215 4359 310 4436 quillo
333 4363 462 4422 malacia
484 4366 636 4424 inuitante
658 4364 809 4426 Lucilium
831 4367 963 4427 Puteolis
986 4367 1152 4442 profectum
1175 4365 1363 4441 cognoscitur

214 4448 360 4511 uocabulo
383 4453 485 4513 roais:
511 4472 607 4531 neque
629 4456 779 4532 iniquiore
801 4459 921 4534 poetam
944 4456 1122 4533 tempestate
1144 4457 1249 4533 postea
1274 4472 1362 4514 usum
