3060 5010
601 365 689 419 XXVI
708 384 736 419 6.
756 369 904 419 640-843.
1263 362 1328 428 235

273 526 358 596 640.
381 534 496 594 Nonius
515 555 543 611 p.
565 536 638 614 994,
659 538 676 594 'l
698 527 788 615 (993,
808 526 842 616 9)
872 530 1023 594 ‘Euadcre
1049 537 1095 594 est
1121 533 1251 592 liberari.
1272 580 1278 591 .
1299 579 1304 592 .
1326 579 1331 592 .

184 624 316 684 Lucilius
330 623 380 683 lib.
395 624 494 684 XXVI
513 620 646 686 “idcirco
665 643 766 685 omnes
784 642 922 685 66161666
935 626 1056 684 6666661
1070 617 1332 700 aegritudinem”.'

185 712 295 774 Omnes
317 713 386 774 illos
408 714 512 774 morbo
535 716 667 791 eorporis
691 715 850 774 liberatum
872 715 912 773 iri
934 714 1042 773 medici
1064 715 1197 788 censent,
1225 712 1332 789 quibus

185 806 239 863 ant
262 803 320 863 cibi
344 804 492 880 cupiditas
516 823 592 880 quae
615 823 675 864 non
699 808 765 864 erat
789 805 885 863 denuo
913 806 1047 862 recurrat
1070 795 1210 880 (001⁸.ss
1228 821 1291 878 cap.
1313 804 1331 860 3

183 914 213 971 p.
234 894 285 972 33,
306 885 488 974 9116161611.)
512 897 566 954 661
588 895 705 954 6611666
728 895 833 954 hilaris
856 893 959 953 redeat
981 896 1012 952 61
1034 894 1138 952 166166.

274 975 358 1044 (141.
381 984 497 1044 Nonius
520 1005 548 1061 p.
569 985 643 1058 394,
663 985 704 1042 98
734 979 877 1059 ‘Siccum,
907 985 1075 1043 exercitum.
1121 981 1254 1042 Lucilius
1281 981 1332 1040 lib.

134 1090 137 1096 ’
184 1072 283 1132 XXVI
307 1067 397 1132 “cum
419 1074 514 1133 stadio
530 1121 535 1132 .
552 1120 557 1132 .
574 1120 580 1132 .
596 1068 710 1148 pilae''.
748 1071 865 1133 Siccam
888 1073 998 1131 dioitm
1018 1065 1075 1153 (sic
1093 1070 1181 1132 codd:
1199 1072 1267 1146 peta
1284 1071 1333 1129 Iu·

185 1164 253 1222 6166
281 1165 311 1222 61
333 1154 496 1243 Mercerus)
511 1183 534 1222 e.
551 1182 578 1238 q.
593 1159 627 1222 s.’
674 1162 802 1223 Videtur
827 1160 961 1222 Lucilius
983 1164 1048 1239 ipse
1075 1163 1242 1222 narrauissc
1270 1162 1332 1220 ani·

185 1272 268 1311 mum
291 1271 378 1311 suum
401 1256 431 1312 et
454 1253 627 1312 alacriorem
650 1256 681 1313 61
703 1251 799 1331 magis
820 1270 927 1312 666616
944 1271 1040 1328 nuper
1057 1270 1120 1312 6666
1138 1252 1253 1312 factum
1271 1270 1333 1311 cor·

185 1342 265 1418 poris
288 1344 357 1417 post
375 1341 624 1402 exercitationem.
661 1342 730 1402 Non
747 1343 958 1418 temptauerim
976 1342 1068 1401 uerba
1085 1344 1118 1400 16
1135 1341 1246 1414 duplici
1258 1341 1334 1414 pila,

186 1433 239 1508 qui
261 1432 344 1491 lusus
367 1450 434 1490 curn
455 1431 591 1492 diuersus
609 1433 748 1492 uideatur
766 1451 828 1492 6666
847 1450 866 1491 6
883 1433 950 1491 lusu
969 1433 1095 1510 trigone,
1118 1431 1216 1506 qualis
1235 1430 1334 1505 fuerit,

185 1541 244 1580 non
268 1524 392 1581 constat.
429 1522 549 1581 Dicitur
571 1524 603 1581 im
621 1523 689 1595 pila
709 1523 833 1581 16611666
851 1520 902 1581 lib.
921 1521 963 1579 IX
982 1541 1010 1579 u.
1031 1520 1333 1596 3596166116661116-

185 1610 258 1670 61166
281 1610 434 1670 inuenitur
458 1613 491 1669 in
518 1603 877 1692 6166(016.061.Π10
906 1604 1025 1687 ‘quodsi
1052 1612 1084 1668 in
1111 1610 1182 1669 uino
1210 1611 1241 1669 61
1267 1610 1334 1669 6166

185 1700 409 1761 comissationes
437 1701 533 1760 solum
560 1703 591 1760 61
618 1703 715 1762 scorta
742 1694 929 1777 quaererent'
958 1699 1034 1761 Phil.
1053 1700 1084 1759 11
1104 1701 1144 1759 56
1179 1693 1270 1775 ‘quod
1302 1700 1334 1757 16

185 1790 252 1851 6166
288 1784 471 1866 perdiderat'
494 1791 568 1850 XIII
588 1793 629 1850 94
648 1790 717 1868 Dig.
740 1790 827 1850 XVII
847 1793 880 1865 9,
900 1791 952 1864 59,
973 1794 989 1849 1
1015 1790 1058 1848 XI
1078 1790 1107 1864 5,
1127 1792 1146 1847 4
1184 1782 1333 1865 ‘repetitio

185 1880 249 1941 6166
272 1880 352 1956 quod
372 1882 405 1939 in
428 1881 495 1940 6166
519 1880 618 1941 166661
645 1872 725 1961 661’).
772 1879 857 1939 Vnde
885 1882 1010 1956 apparet
1037 1882 1068 1937 in
1093 1880 1248 1954 9111616616
1275 1897 1333 1937 666

185 1970 284 2029 166661
293 1969 467 2049 significare,
478 1969 529 2029 sed
538 1970 673 2030 luctandi
682 1970 932 2045 exercitationem,
942 1969 1033 2029 sicuti
1041 1969 1148 2028 medici
1156 1961 1335 2049 (Hippocr.I

185 2079 214 2136 p.
235 2061 309 2135 903,
330 2051 502 2140 19Κ66111.)
527 2063 643 2136 ponant
669 2058 834 2140 γυμνάσιον
861 2078 916 2136 pro
943 2060 1167 2118 exercitatione:
1195 2057 1274 2116 Plut.
1298 2058 1335 2117 de

185 2148 481 2225 6661161119411
505 2147 602 2228 ὥσπερ
629 2145 686 2228 γὰρ
706 2196 712 2207 .
733 2196 739 2207 .
760 2196 766 2207 .
785 2153 824 2231 τῷ
844 2146 995 2227 Σωκράτει
1021 2147 1186 2228 γυμνάσιον
1213 2137 1252 2225 ἧν
1279 2145 1335 2207 οὐκ

185 2234 275 2316 ἀηδὲς
298 2233 317 2316 ἡ
342 2234 470 2317 ὄρχησις,
493 2236 622 2298 Galenus
645 2240 765 2315 scripsit
787 2235 853 2317 mol
876 2245 929 2298 τοῦ
952 2234 1002 2296 διὰ
1027 2245 1079 2315 τῆς
1102 2244 1227 2316 σμικρᾶς
1245 2236 1335 2313 σφαί-

185 2350 239 2405 ρας
257 2327 436 2408 yopvoclao:
460 2328 531 2387 couf
545 2327 657 2388 Placid.
677 2326 753 2387 GGL
770 2328 800 2385 V
817 2347 845 2404 p.
867 2328 918 2402 94,
939 2330 993 2386 11:
1012 2346 1107 2403 neque
1126 2327 1204 2385 euim
1222 2326 1335 2386 Romae

185 2418 241 2478 illa
263 2419 363 2478 aetate
386 2417 529 2477 extabant
551 2418 708 2494 gymnasia
730 2418 779 2477 uel
801 2417 978 2494 palaestrae.
1014 2416 1119 2493 Neque
1144 2417 1239 2494 igitur
1264 2419 1334 2476 6616

186 2508 281 2568 stadio
304 2506 555 2585 praepositionem
578 2506 708 2567 arbitror
730 2525 816 2584 posse
839 2507 947 2566 deesse.

275 2588 359 2658 642.
383 2596 498 2657 Nonius
521 2617 550 2673 p.
570 2598 645 2671 408,
665 2599 706 2656 94
734 2592 895 2674 ρ1661616,
921 2597 1075 2671 inspicere.
1125 2593 1260 2655 Lucilius
1283 2594 1334 2654 lib.

186 2686 285 2745 XXVI
309 2681 458 2759 “nequcm
476 2679 581 2767 (aeque
598 2686 702 2745 Iunius
721 2689 752 2746 et
769 2677 931 2766 Mercerus)
951 2686 1055 2762 prius.
1072 2732 1077 2743 .
1094 2731 1099 2742 .
1114 2679 1333 2761 praecordia''.’

186 2775 349 2853 Comparat
374 2777 467 2836 animi
493 2776 611 2836 morbos
638 2795 706 2835 cum
733 2777 864 2851 eorporis
891 2774 1066 2834 infirmitate
1093 2776 1128 2832 61
1149 2774 1270 2834 Persius
1288 2775 1335 2834 111

190 2867 231 2924 88
242 2884 323 2942 seqq.
343 2863 472 2924 ubi10‘l
494 2860 604 2943 tange,
623 2867 831 2938 6166166666,
850 2866 881 2925 61
896 2883 974 2941 pono
992 2865 1024 2923 in
1042 2866 1161 2940 11661616
1180 2858 1334 2922 dextram'.

187 2955 287 3014 Venas
308 2956 431 3032 tangere
449 2972 508 3013 uox
526 2957 649 3031 propria
666 2954 861 3014 medicorum:
885 2953 951 3013 Seu.
970 2973 1015 3030 cp.
1036 2956 1087 3028 99,
1108 2955 1123 3011 1
1147 2948 1218 3014 ‘non
1236 2957 1336 3029 potest

186 3044 317 3104 medicus
339 3064 394 3121 per
415 3044 559 3120 epistulas
582 3044 641 3104 cibi
664 3048 718 3104 aut
740 3044 851 3104 balinei
874 3047 991 3122 tempus
1014 3044 1137 3121 eligere:
1165 3061 1242 3102 uena
1268 3046 1334 3103 166-

187 3134 284 3213 genda
310 3127 367 3194 est’
395 3133 473 3194 Hist.
495 3132 593 3210 Apoll.
613 3135 682 3210 Tyr.
702 3154 765 3211 cap.
787 3135 911 3194 186111.
945 3129 1009 3210 ‘qui
1041 3134 1194 3193 uenientes
1227 3131 1336 3192 medici

187 3226 369 3301 temptantes
400 3242 492 3284 66666
524 3226 654 3303 tangunt
687 3224 820 3302 singulas
857 3225 989 3301 corporis
1025 3217 1151 3300 partes’:
1187 3222 1335 3283 medicum

187 3314 323 3374 Iasonem
345 3314 460 3374 homini
482 3316 605 3392 aegroto
627 3333 720 3373 uenas
744 3317 775 3374 et
798 3313 973 3391 praecordia
999 3315 1174 3389 tangentem
1201 3311 1335 3373 uidemus

187 3405 219 3462 in
241 3403 412 3483 anaglypho
429 3403 527 3465 Musei
544 3403 713 3463 Britannici
730 3403 869 3463 Daremb.
889 3402 969 3481 Sagl.
988 3402 1118 3462 Diction.
1138 3402 1165 3461 d.
1185 3406 1245 3461 ant.
1265 3420 1287 3460 6.
1307 3423 1335 3461 u.

187 3493 319 3553 medicus
332 3493 379 3552 III
392 3513 420 3570 p.
438 3493 532 3552 1684.
562 3492 697 3553 Similem
715 3494 893 3553 sententiam
911 3491 1030 3552 exhibet
1046 3492 1103 3552 016.
1119 3491 1155 3549 de
1170 3512 1210 3551 or.
1224 3492 1256 3551 11
1273 3493 1334 3552 186

188 3576 246 3643 ‘sin
272 3582 304 3642 id
332 3585 385 3642 aut
414 3601 474 3642 non
502 3584 572 3657 6111,
600 3586 653 3643 661
680 3585 738 3643 erit
764 3583 931 3658 obscurius,
961 3584 1035 3642 61661
1060 3582 1169 3641 medico
1196 3582 1336 3658 diligenti,

183 3675 361 3746 priusquam
382 3676 500 3732 conetur
522 3690 609 3747 aegro
635 3673 771 3733 adbibere
797 3673 984 3741 medicinam,
1011 3689 1070 3730 666
1097 3672 1191 3731 solum
1218 3671 1336 3729 morbus

189 3763 264 3829 eius,
292 3761 339 3820 cui
363 3760 475 3820 mederi
498 3762 593 3836 uolet,
620 3762 672 3822 sed
695 3765 787 3822 etiam
810 3761 991 3823 consuetudo
1014 3762 1144 3820 ualentis
1170 3763 1201 3818 ct
1227 3761 1336 3819 natura

189 3850 320 3925 corporis
343 3849 546 3926 cognoscenda
569 3846 634 3910 est'.
670 3850 769 3910 Ι993
795 3846 908 3911 ‘teneat
930 3852 1049 3926 oportet
1071 3867 1163 3909 uenus
1193 3848 1335 3924 cuiusque

189 3939 305 4018 generis
328 3938 435 3998 aetatis
455 3938 576 4014 ordinis,
599 3943 757 4017 eteorum,
780 3940 861 4017 apud
878 3958 953 4016 quos
972 3938 1087 4015 aliquid
1106 3941 1185 4016 aget,
1207 3941 1261 3996 aut
1279 3937 1338 3996 erit

189 4031 322 4101 6616166,
367 4029 480 4086 6166166
521 4046 682 4105 sensusque
723 4024 881 4107 degmtct'.
944 4029 1003 4088 Dio
1043 4027 1127 4087 Pras.
1148 4026 1274 4085 XXXIV
1294 4028 1334 4086 96

188 4116 459 4195 Ι1).393Α1·6116.
487 4114 537 4176 661
563 4115 619 4196 γὰρ
647 4116 762 4197 ἰατρόν,
794 4116 873 4190 ὅστις
899 4115 1038 4194 ἐξήτακεν
1064 4113 1193 4196 ἀκριβῶς
1219 4113 1255 4176 τὰ
1281 4125 1335 4178 τοῦ

189 4206 368 4285 κάμνοντος,
393 4201 434 4279 ὡς
457 4202 550 4284 μηδὲν
573 4204 665 4267 αὐτὸν
688 4205 864 4285 λανθάνειν,
892 4213 997 4267 τοῦτον
1019 4203 1098 4278 εἰκὸς
1120 4201 1225 4284 ἄριστα
1246 4210 1335 4287 θερα-

189 4297 299 4358 πεύειν,
322 4329 359 4337 -
381 4294 526 4357 ἅπτεσθαι
549 4303 602 4374 τῆς
624 4294 733 4376 φλεβός
756 4297 862 4357 Graeci
885 4288 974 4377 (Gell.
992 4295 1095 4356 XVIII
1116 4298 1166 4370 10,
1186 4287 1228 4376 4).

279 4378 362 4448 (143.
386 4385 502 4446 Nonius
520 4406 548 4463 p.
570 4388 642 4461 991,
662 4389 680 4445 7
707 4383 844 4465 ‘Exigere
868 4389 914 4447 est
940 4386 1128 4445 excludere..
1151 4385 1336 4446 ..Lucilius

190 4476 241 4535 lib.
260 4476 358 4536 XXVI
382 4470 804 4553 “666116166116...1)6161”.’
851 4476 1014 4538 Coniunxit
1035 4475 1244 4548 Lachmannus
1269 4493 1336 4545 curn
