3000 5002
529 383 627 438 incert.
647 381 706 437 sed.
725 399 752 436 u.
774 387 957 437 nos-1106.
1136 378 1138 383 ’
1231 382 1295 450 351

148 569 170 612 s.
190 572 219 610 u.
237 570 369 631 mergus3
400 555 501 612 tamen
533 554 624 630 poeta
654 554 791 611 imitatus
824 570 886 612 esse
918 551 1039 612 uidetur
1067 551 1299 631 Aristophanem

149 643 200 717 qui
233 640 373 700 Cleonem
406 641 496 721 λάρον
528 642 696 720 appellauit
726 640 804 700 Nub.
825 642 887 701 591
913 642 1015 718 liquit.
1036 643 1108 701 956.
1159 646 1299 718 cyrcriscs

147 730 326 790 uocabulum
358 732 484 791 forsitan
516 732 650 792 Lucilius
682 734 746 808 ipse
777 730 897 791 finxerit
929 733 982 807 qui
1012 732 1125 791 similia
1156 732 1299 810 praebeat

147 822 282 895 ceparius
315 821 472 900 gradarius
504 822 665 882 halicarias
697 823 856 881 mirtarius
890 823 1036 881 nonarius.
1091 821 1298 899 Descripserat

146 913 236 985 poeta
267 910 418 970 hominem
451 929 576 970 auarum
609 912 662 987 qui
692 929 786 986 usque
818 910 910 970 latius
942 929 1010 972 suos
1042 911 1178 971 tenderet
1212 911 1298 971 fines:

149 999 251 1074 quales
275 1002 406 1078 castigat
428 1000 579 1060 quenalis
598 1000 670 1058 XIV
690 1002 752 1059 142
763 1018 844 1076 seqq.
869 1018 942 1076 quos
966 1000 1144 1080 παρορωτάς
1163 1000 1298 1078 appellat

147 1088 232 1147 tituli
256 1092 360 1148 auctor
377 1088 431 1149 AP
448 1090 492 1149 XI
512 1092 589 1150 209:
618 1089 678 1148 alia
705 1089 742 1147 de
769 1090 871 1149 eadem
900 1090 1129 1150 latifirndiorum
1157 1090 1298 1167 cupidine

146 1177 320 1238 testimonia
356 1178 477 1258 collegit
509 1180 544 1238 A.
568 1178 745 1238 Schultenus
782 1179 830 1238 die
866 1199 956 1239 roem.
989 1177 1298 1239 Grundherrsohalten

147 1266 281 1326 Weimar
301 1268 385 1328 1896
406 1289 434 1345 p.
456 1271 495 1328 12
508 1287 602 1345 seqq.:
629 1267 768 1346 inprimis
795 1268 990 1328 conferendus
1017 1268 1174 1345 Appianus
1192 1269 1220 1328 b.
1240 1289 1263 1328 c.
1282 1269 1298 1328 I

147 1374 212 1433 cap.
234 1359 262 1414 l.
307 1356 352 1416 De
375 1357 502 1417 historia
525 1360 690 1417 carminum
713 1356 823 1417 Lucilii
845 1360 948 1435 magni
969 1361 1115 1417 momenti
1142 1363 1187 1419 est
1209 1358 1298 1436 (lapi-

147 1445 236 1504 tolini
263 1441 345 1506 istud
372 1447 586 1507 testimonium.
635 1446 721 1506 Vnde
751 1448 871 1508 constat
900 1450 1024 1507 exeunte
1056 1449 1173 1507 saeculo
1196 1468 1225 1524 p.
1245 1446 1297 1508 ch.

148 1534 244 1594 altero
263 1534 374 1595 Lucilii
396 1536 587 1596 hemistichia
610 1539 774 1596 etiamtunc
792 1538 823 1595 in
843 1556 893 1596 ore
911 1536 1066 1596 hominum
1084 1538 1189 1597 fuisse:
1213 1539 1299 1596 cuius

147 1626 292 1683 memoria
318 1625 388 1685 inde
417 1646 435 1686 a
462 1626 580 1687 saeculo
598 1626 645 1685 ΙΙΙ
676 1628 797 1686 ineunte
828 1625 949 1686 uidetur
979 1645 1100 1703 prorsus
1133 1629 1297 1686 euanuisse.

147 1714 188 1772 ut
218 1732 322 1773 reuera
346 1718 480 1775 ueterum
502 1720 658 1794 poetarum
681 1717 806 1775 metrica
828 1717 919 1792 periit
942 1717 1060 1776 saeculo
1079 1716 1123 1775 II:
1151 1716 1297 1793 Apuleius

148 1805 260 1862 senarii
277 1804 406 1865 Romani
428 1806 509 1885 leges
531 1823 638 1882 parum
661 1809 787 1865 nouerat
809 1824 876 1864 cum
897 1807 1060 1881 germinent
1080 1807 1299 1883 composuerit

149 1895 181 1951 in
204 1895 320 1953 senario
344 1898 475 1955 extremo
498 1896 618 1955 metam.
637 1894 680 1953 IX
699 1896 728 1954 8.

240 1974 347 2045 1104.
370 1985 487 2044 Nonius
504 2004 533 2060 p.
555 1986 628 2059 231,
649 1986 691 2043 30
714 2003 748 2043 ex
772 1986 968 2063 grammatico
988 1980 1089 2044 ‘Utres
1107 2004 1163 2044 usu
1181 1987 1298 2063 generis

147 2072 304 2132 masculini
331 2076 450 2133 tantum
479 2073 782 2151 mododeputantur.
815 2073 913 2133 neutri
944 2073 1079 2134 Lucilius
1103 2069 1298 2135 “Andronius

146 2162 250 2233 flocchi
277 2164 360 2238 teget
386 2156 511 2222 utria''.'
562 2163 688 2223 Flaccbi
714 2165 746 2222 in
776 2163 851 2224 codd
877 2163 969 2222 Nonii
1001 2163 1090 2223 sicuti
1122 2165 1299 2237 flccchosum

148 2249 200 2307 lib.
218 2249 262 2308 IV
281 2271 308 2308 u.
330 2253 402 2311 149.
452 2252 624 2312 Andronius
656 2252 757 2312 Flacci
789 2253 877 2311 homo
910 2270 1014 2312 seruus
1045 2253 1094 2312 uel
1130 2253 1298 2329 libertinus,

40 2354 43 2360 ·
147 2339 245 2415 qualis
273 2342 339 2399 erat
366 2340 488 2400 l'laccus
511 2340 618 2400 Claudi
645 2341 756 2401 tibicen
784 2341 929 2415 Terentii,
957 2345 1045 2401 notus
1072 2345 1137 2401 tota
1165 2345 1196 2402 in
1225 2343 1297 2402 urbe

147 2431 270 2504 propter
288 2432 383 2488 artem
402 2449 493 2505 quam
512 2430 673 2490 exercebat.
711 2429 881 2489 Andronius
897 2449 1005 2490 nomen
1019 2433 1184 2491 consociari
1197 2435 1299 2510 potest

148 2534 216 2576 cum
243 2518 367 2577 Andron
394 2521 484 2578 sicuti
511 2519 701 2596 Euphronius
729 2538 796 2578 cum
824 2519 980 2596 Euphron‚
1013 2519 1196 2596 Sophronias
1229 2540 1297 2580 cum

148 2605 293 2683 Sophron.
317 2611 406 2677 utic,
428 2610 448 2666 i.
468 2628 492 2667 e.
510 2605 621 2680 ἀσκούς
639 2608 759 2668 uidetur
776 2609 874 2668 dicere
892 2609 1025 2669 homines
1045 2609 1185 2686 ebriosos,
1208 2611 1298 2670 sicuti

147 2695 300 2757 helluones
337 2698 504 2774 appellauit
538 2703 654 2757 amires
684 2698 736 2758 lib.
754 2698 785 2757 Π
804 2719 832 2759 u.
854 2699 911 2757 75:
942 2698 1129 2776 Antiphanes
1162 2698 1248 2758 CAV
1266 2699 1298 2759 Π

147 2805 175 2862 p.
198 2787 347 2861 17,1sK
374 2795 480 2847 τοῦτον
507 2778 563 2847 οὖν
590 2779 631 2846 δι’
660 2786 857 2868 οἰνοφλυγίαν
884 2785 934 2848 nul
961 2786 1054 2867 πάχος
1080 2795 1133 2848 τοῦ
1162 2788 1297 2867 σώματος

147 2871 240 2936 ἀσκὸν
262 2879 384 2937 καλοῦσι
406 2875 514 2949 πάντες
541 2874 727 2957 οὖπιχώριοιι
754 2874 847 2938 ἀσκόν
874 2897 928 2954 pro
956 2880 1060 2937 uenus
1088 2877 1148 2937 dici
1175 2881 1297 2954 exponit

148 2965 238 3025 schol.
258 2964 361 3043 Eurip.
379 2967 456 3026 lded.
476 2968 549 3026 679.
582 2971 661 3042 tepet,
684 2966 841 3044 sandapila
863 2967 958 3027 elatos
982 2967 1116 3027 homines
1139 2969 1221 3027 terra
1246 2968 1297 3028 ob-

147 3056 238 3132 teget,
261 3054 433 3115 Andronius
457 3055 607 3115 libitinam
630 3057 750 3116 uidetur
769 3058 932 3117 exercuisse
951 3056 1031 3134 apud
1049 3057 1183 3117 homines
1200 3057 1298 3116 infimi

147 3143 260 3204 ordinis
288 3149 319 3204 et
344 3146 559 3221 pauperrimos.
609 3145 655 3205 De
682 3148 851 3223 quantitate
880 3167 900 3205 u
927 3147 1047 3206 litterae
1074 3166 1131 3206 non
1166 3150 1297 3207 constat:

147 3236 254 3308 poetae
272 3233 440 3311 producunt
458 3254 573 3295 omues:
594 3235 692 3296 locum
711 3236 900 3313 grammatici
920 3255 1008 3311 quern
1025 3239 1162 3313 sequitur
1180 3237 1297 3297 Nonius

147 3323 268 3382 uidetur
294 3328 427 3400 spectare
449 3325 600 3385 Arnobius
619 3325 634 3384 Ι
653 3327 694 3385 59
713 3345 743 3403 p.
762 3329 814 3401 41,
833 3328 853 3384 4
869 3325 1038 3386 Reiffersch.

239 3405 345 3475 1105.
368 3415 506 3474 Donatus
528 3414 567 3473 ad
588 3416 721 3475 Terentii
738 3415 889 3492 Adelphos
907 3415 939 3474 Π
959 3420 987 3490 1,
1007 3418 1048 3475 22
1074 3411 1129 3475 ‘Ex
1152 3418 1214 3476 tuis
1237 3417 1297 3476 uir·

147 3501 271 3563 tutibus.
317 3502 366 3562 Sic
394 3507 508 3564 uetems
530 3524 585 3582 por
606 3505 732 3566 ironiam
761 3507 889 3565 uirtutes
916 3525 971 3583 pro
999 3505 1123 3584 flagitiis
1151 3505 1296 3566 dicebant.

147 3591 280 3654 Lucilius
300 3587 423 3653 “animo
442 3612 478 3653 ac
495 3589 706 3654 uirtutibus”.'
741 3594 800 3655 (lic.
820 3595 856 3654 de
874 3595 952 3673 legg.
971 3594 1017 3653 III
1037 3597 1077 3654 36
1099 3590 1297 3672 ‘utinamque’

147 3682 256 3757 inquit,
279 3676 330 3742 Ἥ.
345 3682 447 3743 Cicero
474 3685 533 3744 isto
557 3687 657 3743 animo
682 3687 774 3760 atque
802 3686 914 3745 uirtute
941 3686 973 3743 in
1001 3703 1117 3745 summa
1143 3685 1297 3762 republica

147 3769 302 3830 nobiscum
329 3775 442 3833 tiemari
470 3792 560 3850 quam
587 3777 619 3832 in
646 3775 822 3851 municipali
849 3769 1016 3834 maluisses’
1044 3775 1081 3834 do
1103 3794 1146 3833 or.
1165 3774 1212 3832 III
1233 3776 1295 3835 139

150 3854 249 3919 ‘Plato
268 3907 275 3918 .
291 3906 319 3919 ..
339 3862 432 3920 animi
455 3881 490 3921 ac
513 3864 635 3922 uirtutis
660 3859 824 3941 magistsr'.

241 3940 348 4012 llos.
372 3950 494 4013 Seruius
517 3956 622 4011 auctus
650 3951 688 4011 ad
711 3952 839 4031 Vergilii
861 3971 962 4031 georg.
980 3951 996 4010 Ι
1016 3954 1078 4012 199
1105 3948 1185 4012 ‘Non
1212 3972 1296 4011 num-

149 4057 239 4114 quam
263 4058 316 4116 pro
338 4041 446 4114 suetos
469 4033 578 4122 (fetore
601 4034 692 4122 editt)
715 4043 838 4118 ponitur
860 4043 957 4117 uirus,
986 4044 1020 4100 ut
1045 4041 1125 4117 apud
1148 4040 1297 4101 Lucilium

150 4122 287 4188 “anser-is
305 4129 428 4189 herbilis
446 4124 575 4189 uirus’'.'
617 4131 728 4191 Paulus
746 4150 782 4190 ex
800 4131 888 4190 Festo
907 4151 935 4208 p.
957 4132 1021 4192 100
1040 4125 1183 4191 ‘Herbilis
1201 4149 1297 4208 anser,

148 4217 241 4277 herba
262 4220 376 4295 pastus,
399 4222 452 4295 qui
474 4220 616 4298 gracilior
637 4223 683 4279 est
705 4239 795 4296 quam
813 4222 963 4280 frumento
991 4215 1091 4282 altus'.
1132 4220 1243 4300 Agitur
1260 4221 1297 4281 de

149 4326 254 4383 sapore
278 4310 390 4369 anseris
413 4311 500 4383 tetro,
523 4328 612 4385 quem
639 4310 712 4369 scite
739 4311 893 4387 uituperat
920 4309 1007 4368 homo
1034 4309 1162 4370 mundus
1185 4313 1297 4371 nescio·

148 4398 216 4471 quis
251 4396 319 4458 ideo
357 4398 436 4474 quod
472 4418 533 4457 non
567 4399 717 4459 frumento
754 4400 833 4459 altus
869 4399 910 4458 sit
945 4418 999 4459 nec
1034 4399 1189 4479 saginatus
1223 4400 1297 4461 bene

148 4484 199 4544 sed
231 4490 386 4564 tamquam
417 4487 545 4549 rusticus
576 4488 783 4549 tantummodo
814 4489 906 4549 herba
932 4491 1037 4567 pastus
1073 4491 1173 4550 fuerit
1223 4489 1302 4551 (ionf
