<?xml version="1.0" encoding="UTF-8"?>
<!DOCTYPE html PUBLIC "-//W3C//DTD XHTML 1.0 Transitional//EN"
    "http://www.w3.org/TR/xhtml1/DTD/xhtml1-transitional.dtd">
<html xmlns="http://www.w3.org/1999/xhtml" xml:lang="en" lang="en">
 <head>
  <title>
</title>
<meta http-equiv="Content-Type" content="text/html;charset=utf-8" />
  <meta name='ocr-system' content='tesseract 3.04.00' />
  <meta name='ocr-capabilities' content='ocr_page ocr_carea ocr_par ocr_line ocrx_word'/>
</head>
<body>
  <div class='ocr_page' id='page_1' title='image "./cluciliicarminu00lucigoog_0463.png"; bbox 0 0 3000 5002; ppageno 0'>
   <div class='ocr_carea' id='block_1_1' title="bbox 195 361 982 424">
    <p class='ocr_par' dir='ltr' id='par_1_1' title="bbox 195 361 982 424">
     <span class='ocr_line' id='line_1_1' title="bbox 195 361 982 424; baseline -0.011 0"><span class='ocrx_word' id='word_1_1' title='bbox 195 361 262 424; x_wconf 83' lang='grc'>430</span> <span class='ocrx_word' id='word_1_2' title='bbox 555 361 652 415; x_wconf 82' lang='lat' dir='ltr'>incest.</span> <span class='ocrx_word' id='word_1_3' title='bbox 672 362 730 416; x_wconf 84' lang='lat' dir='ltr'>sed.</span> <span class='ocrx_word' id='word_1_4' title='bbox 750 379 776 415; x_wconf 93' lang='lat' dir='ltr'>u.</span> <span class='ocrx_word' id='word_1_5' title='bbox 798 367 982 416; x_wconf 68' lang='lat' dir='ltr'>uass-taso.</span> 
     </span>
    </p>
   </div>
   <div class='ocr_carea' id='block_1_2' title="bbox 150 529 1352 4093">
    <p class='ocr_par' dir='ltr' id='par_1_2' title="bbox 195 529 1351 1772">
     <span class='ocr_line' id='line_1_2' title="bbox 196 529 1350 611; baseline 0.003 -22"><span class='ocrx_word' id='word_1_6' title='bbox 196 531 336 591; x_wconf 88' lang='lat' dir='ltr'>uidentur</span> <span class='ocrx_word' id='word_1_7' title='bbox 358 549 421 591; x_wconf 88' lang='lat' dir='ltr'>esse</span> <span class='ocrx_word' id='word_1_8' title='bbox 444 531 584 591; x_wconf 84' lang='lat' dir='ltr'>arbitrati</span> <span class='ocrx_word' id='word_1_9' title='bbox 606 531 662 590; x_wconf 93' lang='lat' dir='ltr'>hoc</span> <span class='ocrx_word' id='word_1_10' title='bbox 685 551 773 592; x_wconf 86' lang='lat' dir='ltr'>uersu</span> <span class='ocrx_word' id='word_1_11' title='bbox 796 529 966 611; x_wconf 85' lang='lat' dir='ltr'>significari.</span> <span class='ocrx_word' id='word_1_12' title='bbox 1007 530 1130 592; x_wconf 85' lang='lat' dir='ltr'>Verrius</span> <span class='ocrx_word' id='word_1_13' title='bbox 1153 535 1254 590; x_wconf 84' lang='lat' dir='ltr'>tamen</span> <span class='ocrx_word' id='word_1_14' title='bbox 1280 534 1350 609; x_wconf 90' lang='lat' dir='ltr'>quis</span> 
     </span>
     <span class='ocr_line' id='line_1_3' title="bbox 196 619 1351 705; baseline 0.003 -27"><span class='ocrx_word' id='word_1_15' title='bbox 196 619 314 680; x_wconf 88' lang='lat' dir='ltr'>dubitet</span> <span class='ocrx_word' id='word_1_16' title='bbox 336 621 409 696; x_wconf 89' lang='lat' dir='ltr'>quin</span> <span class='ocrx_word' id='word_1_17' title='bbox 432 640 467 679; x_wconf 87' lang='lat' dir='ltr'>ex</span> <span class='ocrx_word' id='word_1_18' title='bbox 493 623 611 698; x_wconf 87' lang='lat' dir='ltr'>integro</span> <span class='ocrx_word' id='word_1_19' title='bbox 639 619 748 680; x_wconf 82' lang='lat' dir='ltr'><strong>Lucilii</strong></span> <span class='ocrx_word' id='word_1_20' title='bbox 775 620 840 682; x_wconf 87' lang='lat' dir='ltr'>loco</span> <span class='ocrx_word' id='word_1_21' title='bbox 868 620 1050 681; x_wconf 74' lang='lat' dir='ltr'>intellexerit</span> <span class='ocrx_word' id='word_1_22' title='bbox 1076 623 1192 705; x_wconf 75' lang='lat' dir='ltr'>partem</span> <span class='ocrx_word' id='word_1_23' title='bbox 1220 622 1351 681; x_wconf 89' lang='lat' dir='ltr'>iumenti</span> 
     </span>
     <span class='ocr_line' id='line_1_4' title="bbox 197 708 1350 788; baseline 0.003 -21"><span class='ocrx_word' id='word_1_24' title='bbox 197 709 368 788; x_wconf 87' lang='lat' dir='ltr'>significari,</span> <span class='ocrx_word' id='word_1_25' title='bbox 387 729 422 769; x_wconf 87' lang='lat' dir='ltr'>ex</span> <span class='ocrx_word' id='word_1_26' title='bbox 440 709 551 768; x_wconf 80' lang='lat' dir='ltr'>Naeuii</span> <span class='ocrx_word' id='word_1_27' title='bbox 569 710 634 769; x_wconf 92' lang='lat' dir='ltr'>loco</span> <span class='ocrx_word' id='word_1_28' title='bbox 651 714 769 787; x_wconf 80' lang='lat' dir='ltr'>partem</span> <span class='ocrx_word' id='word_1_29' title='bbox 788 708 892 787; x_wconf 87' lang='lat' dir='ltr'>porci?</span> <span class='ocrx_word' id='word_1_30' title='bbox 928 710 1026 787; x_wconf 58' lang='lat' dir='ltr'>‘Turpi</span> <span class='ocrx_word' id='word_1_31' title='bbox 1044 710 1140 770; x_wconf 79' lang='lat' dir='ltr'>forma</span> <span class='ocrx_word' id='word_1_32' title='bbox 1159 728 1226 770; x_wconf 85' lang='lat' dir='ltr'>ocus</span> <span class='ocrx_word' id='word_1_33' title='bbox 1245 713 1350 787; x_wconf 87' lang='lat' dir='ltr'>potius</span> 
     </span>
     <span class='ocr_line' id='line_1_5' title="bbox 197 797 1350 880; baseline 0.004 -23"><span class='ocrx_word' id='word_1_34' title='bbox 197 799 316 858; x_wconf 86' lang='lat' dir='ltr'>uidetur</span> <span class='ocrx_word' id='word_1_35' title='bbox 338 797 464 859; x_wconf 76' lang='lat' dir='ltr'>describi</span> <span class='ocrx_word' id='word_1_36' title='bbox 492 801 544 875; x_wconf 91' lang='lat' dir='ltr'>qui</span> <span class='ocrx_word' id='word_1_37' title='bbox 571 817 643 860; x_wconf 89' lang='lat' dir='ltr'>naso</span> <span class='ocrx_word' id='word_1_38' title='bbox 667 802 796 875; x_wconf 84' lang='lat' dir='ltr'>pectoris</span> <span class='ocrx_word' id='word_1_39' title='bbox 818 801 1063 877; x_wconf 63' lang='lat' dir='ltr'>inculpatam,</span> <span class='ocrx_word' id='word_1_40' title='bbox 1093 801 1206 880; x_wconf 85' lang='lat' dir='ltr'>ceruice</span> <span class='ocrx_word' id='word_1_41' title='bbox 1228 799 1350 863; x_wconf 84' lang='lat' dir='ltr'>lumbos</span> 
     </span>
     <span class='ocr_line' id='line_1_6' title="bbox 196 887 1350 967; baseline 0.002 -20"><span class='ocrx_word' id='word_1_42' title='bbox 196 891 303 966; x_wconf 85' lang='lat' dir='ltr'>tangat</span> <span class='ocrx_word' id='word_1_43' title='bbox 329 889 417 948; x_wconf 89' lang='lat' dir='ltr'>sicuti</span> <span class='ocrx_word' id='word_1_44' title='bbox 441 888 491 948; x_wconf 88' lang='lat' dir='ltr'>lib.</span> <span class='ocrx_word' id='word_1_45' title='bbox 506 887 592 947; x_wconf 88' lang='lat' dir='ltr'>XVII</span> <span class='ocrx_word' id='word_1_46' title='bbox 610 909 638 947; x_wconf 93' lang='lat' dir='ltr'>u.</span> <span class='ocrx_word' id='word_1_47' title='bbox 659 890 720 948; x_wconf 80' lang='lat'>541</span> <span class='ocrx_word' id='word_1_48' title='bbox 753 889 865 948; x_wconf 85' lang='lat' dir='ltr'>femina</span> <span class='ocrx_word' id='word_1_49' title='bbox 892 889 988 966; x_wconf 86' lang='lat' dir='ltr'>turpis</span> <span class='ocrx_word' id='word_1_50' title='bbox 1011 887 1122 949; x_wconf 84' lang='lat' dir='ltr'>dicitur</span> <span class='ocrx_word' id='word_1_51' title='bbox 1150 887 1275 967; x_wconf 83' lang='lat' dir='ltr'>tangere</span> <span class='ocrx_word' id='word_1_52' title='bbox 1302 890 1350 948; x_wconf 90' lang='lat' dir='ltr'>in·</span> 
     </span>
     <span class='ocr_line' id='line_1_7' title="bbox 196 974 1350 1056; baseline 0.003 -21"><span class='ocrx_word' id='word_1_53' title='bbox 196 978 288 1056; x_wconf 86' lang='lat' dir='ltr'>guina</span> <span class='ocrx_word' id='word_1_54' title='bbox 310 978 460 1037; x_wconf 87' lang='lat' dir='ltr'>mammis:</span> <span class='ocrx_word' id='word_1_55' title='bbox 488 978 618 1037; x_wconf 82' lang='lat' dir='ltr'>Martial.</span> <span class='ocrx_word' id='word_1_56' title='bbox 637 977 669 1036; x_wconf 89' lang='lat'>11</span> <span class='ocrx_word' id='word_1_57' title='bbox 690 981 778 1053; x_wconf 84' lang='grc'>11,4</span> <span class='ocrx_word' id='word_1_58' title='bbox 808 974 899 1056; x_wconf 85' lang='lat' dir='ltr'>‘quod</span> <span class='ocrx_word' id='word_1_59' title='bbox 926 978 1021 1056; x_wconf 83' lang='lat' dir='ltr'>p&#39;aene</span> <span class='ocrx_word' id='word_1_60' title='bbox 1049 982 1159 1055; x_wconf 87' lang='lat' dir='ltr'>terram</span> <span class='ocrx_word' id='word_1_61' title='bbox 1189 997 1279 1039; x_wconf 87' lang='lat' dir='ltr'>nasus</span> <span class='ocrx_word' id='word_1_62' title='bbox 1301 981 1350 1038; x_wconf 90' lang='lat' dir='ltr'>iu-</span> 
     </span>
     <span class='ocr_line' id='line_1_8' title="bbox 196 1062 1351 1146; baseline 0.003 -20"><span class='ocrx_word' id='word_1_63' title='bbox 196 1068 301 1128; x_wconf 85' lang='lat' dir='ltr'>decens</span> <span class='ocrx_word' id='word_1_64' title='bbox 324 1062 443 1146; x_wconf 89' lang='lat' dir='ltr'>tangit’.</span> <span class='ocrx_word' id='word_1_65' title='bbox 485 1067 563 1126; x_wconf 87' lang='lat' dir='ltr'>Nam</span> <span class='ocrx_word' id='word_1_66' title='bbox 587 1087 664 1144; x_wconf 87' lang='lat' dir='ltr'>quae</span> <span class='ocrx_word' id='word_1_67' title='bbox 686 1070 718 1128; x_wconf 88' lang='lat' dir='ltr'>in</span> <span class='ocrx_word' id='word_1_68' title='bbox 740 1068 911 1129; x_wconf 89' lang='lat' dir='ltr'>hominibus</span> <span class='ocrx_word' id='word_1_69' title='bbox 934 1069 1028 1128; x_wconf 81' lang='lat' dir='ltr'>umori</span> <span class='ocrx_word' id='word_1_70' title='bbox 1052 1087 1087 1128; x_wconf 85' lang='lat' dir='ltr'>ea</span> <span class='ocrx_word' id='word_1_71' title='bbox 1104 1071 1136 1127; x_wconf 90' lang='lat' dir='ltr'>in</span> <span class='ocrx_word' id='word_1_72' title='bbox 1154 1068 1258 1129; x_wconf 85' lang='lat' dir='ltr'>bestiis</span> <span class='ocrx_word' id='word_1_73' title='bbox 1277 1074 1351 1129; x_wconf 90' lang='lat' dir='ltr'>sunt</span> 
     </span>
     <span class='ocr_line' id='line_1_9' title="bbox 196 1149 1350 1238; baseline 0.002 -22"><span class='ocrx_word' id='word_1_74' title='bbox 196 1159 271 1216; x_wconf 91' lang='lat' dir='ltr'>armi</span> <span class='ocrx_word' id='word_1_75' title='bbox 295 1149 396 1238; x_wconf 89' lang='lat' dir='ltr'>(Ouid.</span> <span class='ocrx_word' id='word_1_76' title='bbox 415 1159 535 1216; x_wconf 83' lang='lat' dir='ltr'>metam.</span> <span class='ocrx_word' id='word_1_77' title='bbox 554 1157 581 1216; x_wconf 87' lang='lat' dir='ltr'>X</span> <span class='ocrx_word' id='word_1_78' title='bbox 601 1152 688 1238; x_wconf 80' lang='lat'>700).</span> <span class='ocrx_word' id='word_1_79' title='bbox 734 1157 890 1218; x_wconf 73' lang='lat' dir='ltr'>Laudatur</span> <span class='ocrx_word' id='word_1_80' title='bbox 913 1159 982 1234; x_wconf 91' lang='lat' dir='ltr'>equi</span> <span class='ocrx_word' id='word_1_81' title='bbox 1006 1161 1098 1234; x_wconf 86' lang='lat' dir='ltr'>caput</span> <span class='ocrx_word' id='word_1_82' title='bbox 1126 1158 1229 1233; x_wconf 84' lang='lat' dir='ltr'>breue,</span> <span class='ocrx_word' id='word_1_83' title='bbox 1253 1158 1350 1218; x_wconf 85' lang='lat' dir='ltr'>ardua</span> 
     </span>
     <span class='ocr_line' id='line_1_10' title="bbox 196 1238 1349 1329; baseline 0.002 -24"><span class='ocrx_word' id='word_1_84' title='bbox 196 1248 296 1305; x_wconf 73' lang='lat' dir='ltr'>censis</span> <span class='ocrx_word' id='word_1_85' title='bbox 315 1238 434 1328; x_wconf 84' lang='lat' dir='ltr'>(Horat.</span> <span class='ocrx_word' id='word_1_86' title='bbox 453 1246 569 1305; x_wconf 86' lang='lat' dir='ltr'>ssrml</span> <span class='ocrx_word' id='word_1_87' title='bbox 589 1248 617 1320; x_wconf 82' lang='lat'>2,</span> <span class='ocrx_word' id='word_1_88' title='bbox 637 1247 678 1306; x_wconf 80' lang='lat'>89</span> <span class='ocrx_word' id='word_1_89' title='bbox 699 1246 787 1323; x_wconf 80' lang='lat' dir='ltr'>Verg.</span> <span class='ocrx_word' id='word_1_90' title='bbox 801 1265 901 1325; x_wconf 84' lang='lat' dir='ltr'>georg.</span> <span class='ocrx_word' id='word_1_91' title='bbox 915 1247 962 1306; x_wconf 90' lang='lat' dir='ltr'>III</span> <span class='ocrx_word' id='word_1_92' title='bbox 978 1241 1048 1329; x_wconf 72' lang='lat'>79):</span> <span class='ocrx_word' id='word_1_93' title='bbox 1066 1247 1136 1306; x_wconf 89' lang='lat' dir='ltr'>hnic</span> <span class='ocrx_word' id='word_1_94' title='bbox 1154 1266 1231 1324; x_wconf 87' lang='lat' dir='ltr'>equo</span> <span class='ocrx_word' id='word_1_95' title='bbox 1249 1250 1349 1307; x_wconf 85' lang='lat' dir='ltr'>tristis</span> 
     </span>
     <span class='ocr_line' id='line_1_11' title="bbox 195 1329 1350 1412; baseline 0.002 -18"><span class='ocrx_word' id='word_1_96' title='bbox 195 1329 365 1395; x_wconf 78' lang='lat' dir='ltr'>demittitui</span> <span class='ocrx_word' id='word_1_97' title='bbox 382 1353 472 1395; x_wconf 86' lang='lat' dir='ltr'>nasus</span> <span class='ocrx_word' id='word_1_98' title='bbox 491 1353 585 1412; x_wconf 90' lang='lat' dir='ltr'>usque</span> <span class='ocrx_word' id='word_1_99' title='bbox 603 1335 642 1394; x_wconf 86' lang='lat' dir='ltr'>ad</span> <span class='ocrx_word' id='word_1_100' title='bbox 660 1336 800 1412; x_wconf 79' lang='lat' dir='ltr'>petimen.</span> <span class='ocrx_word' id='word_1_101' title='bbox 842 1336 918 1395; x_wconf 80' lang='lat' dir='ltr'>Tum</span> <span class='ocrx_word' id='word_1_102' title='bbox 937 1335 1069 1412; x_wconf 89' lang='lat' dir='ltr'>optimus</span> <span class='ocrx_word' id='word_1_103' title='bbox 1088 1339 1133 1396; x_wconf 85' lang='lat' dir='ltr'>ost</span> <span class='ocrx_word' id='word_1_104' title='bbox 1152 1336 1204 1412; x_wconf 89' lang='lat' dir='ltr'>qui</span> <span class='ocrx_word' id='word_1_105' title='bbox 1223 1341 1350 1396; x_wconf 87' lang='lat' dir='ltr'>auctore</span> 
     </span>
     <span class='ocr_line' id='line_1_12' title="bbox 196 1420 1350 1504; baseline 0.003 -22"><span class='ocrx_word' id='word_1_106' title='bbox 196 1423 362 1484; x_wconf 82' lang='lat' dir='ltr'>Columella</span> <span class='ocrx_word' id='word_1_107' title='bbox 392 1424 437 1483; x_wconf 93' lang='lat' dir='ltr'>VI</span> <span class='ocrx_word' id='word_1_108' title='bbox 457 1425 508 1499; x_wconf 76' lang='grc'>29,</span> <span class='ocrx_word' id='word_1_109' title='bbox 529 1427 546 1483; x_wconf 78' lang='lat'><strong>2</strong></span> <span class='ocrx_word' id='word_1_110' title='bbox 571 1426 630 1484; x_wconf 81' lang='lat' dir='ltr'>siit</span> <span class='ocrx_word' id='word_1_111' title='bbox 663 1420 788 1485; x_wconf 83' lang='lat' dir='ltr'>‘ceruice</span> <span class='ocrx_word' id='word_1_112' title='bbox 820 1425 918 1498; x_wconf 90' lang='lat' dir='ltr'>molli,</span> <span class='ocrx_word' id='word_1_113' title='bbox 951 1426 1074 1502; x_wconf 81' lang='lat' dir='ltr'>istaque</span> <span class='ocrx_word' id='word_1_114' title='bbox 1102 1444 1156 1487; x_wconf 88' lang='lat' dir='ltr'>nec</span> <span class='ocrx_word' id='word_1_115' title='bbox 1182 1422 1284 1504; x_wconf 85' lang='lat' dir='ltr'>louga’</span> <span class='ocrx_word' id='word_1_116' title='bbox 1315 1431 1350 1486; x_wconf 84' lang='lat' dir='ltr'>st</span> 
     </span>
     <span class='ocr_line' id='line_1_13' title="bbox 195 1513 1348 1592; baseline 0.002 -19"><span class='ocrx_word' id='word_1_117' title='bbox 195 1516 243 1573; x_wconf 93' lang='lat' dir='ltr'>hic</span> <span class='ocrx_word' id='word_1_118' title='bbox 261 1514 361 1592; x_wconf 90' lang='lat' dir='ltr'>tangit</span> <span class='ocrx_word' id='word_1_119' title='bbox 379 1513 496 1573; x_wconf 90' lang='lat' dir='ltr'>lumbos</span> <span class='ocrx_word' id='word_1_120' title='bbox 517 1513 681 1574; x_wconf 86' lang='lat' dir='ltr'>ceruicibus</span> <span class='ocrx_word' id='word_1_121' title='bbox 694 1516 729 1573; x_wconf 90' lang='lat' dir='ltr'>nt</span> <span class='ocrx_word' id='word_1_122' title='bbox 742 1514 869 1574; x_wconf 87' lang='lat' dir='ltr'>ridicula</span> <span class='ocrx_word' id='word_1_123' title='bbox 883 1516 924 1575; x_wconf 87' lang='lat' dir='ltr'>sit</span> <span class='ocrx_word' id='word_1_124' title='bbox 938 1515 1084 1574; x_wconf 83' lang='lat' dir='ltr'>breuitate</span> <span class='ocrx_word' id='word_1_125' title='bbox 1098 1519 1129 1575; x_wconf 89' lang='lat' dir='ltr'>et</span> <span class='ocrx_word' id='word_1_126' title='bbox 1143 1517 1348 1575; x_wconf 81' lang='lat' dir='ltr'>contractione</span> 
     </span>
     <span class='ocr_line' id='line_1_14' title="bbox 195 1598 1351 1683; baseline 0.003 -21"><span class='ocrx_word' id='word_1_127' title='bbox 195 1606 334 1679; x_wconf 87' lang='lat' dir='ltr'>corporis.</span> <span class='ocrx_word' id='word_1_128' title='bbox 372 1603 540 1664; x_wconf 82' lang='lat' dir='ltr'>Nemesian.</span> <span class='ocrx_word' id='word_1_129' title='bbox 555 1621 657 1681; x_wconf 83' lang='lat' dir='ltr'>cynsg.</span> <span class='ocrx_word' id='word_1_130' title='bbox 674 1605 736 1662; x_wconf 79' lang='grc'>343</span> <span class='ocrx_word' id='word_1_131' title='bbox 758 1598 830 1664; x_wconf 80' lang='lat' dir='ltr'>‘illis</span> <span class='ocrx_word' id='word_1_132' title='bbox 849 1604 950 1682; x_wconf 83' lang='lat' dir='ltr'>ampla</span> <span class='ocrx_word' id='word_1_133' title='bbox 968 1607 1042 1665; x_wconf 82' lang='lat' dir='ltr'>satis</span> <span class='ocrx_word' id='word_1_134' title='bbox 1057 1604 1117 1665; x_wconf 86' lang='lat' dir='ltr'>leui</span> <span class='ocrx_word' id='word_1_135' title='bbox 1131 1607 1201 1665; x_wconf 88' lang='lat' dir='ltr'>sunt</span> <span class='ocrx_word' id='word_1_136' title='bbox 1215 1625 1351 1683; x_wconf 86' lang='lat' dir='ltr'>aequora</span> 
     </span>
     <span class='ocr_line' id='line_1_15' title="bbox 195 1690 1337 1772; baseline -0.001 -20"><span class='ocrx_word' id='word_1_137' title='bbox 195 1693 291 1768; x_wconf 85' lang='lat' dir='ltr'>dorso,</span> <span class='ocrx_word' id='word_1_138' title='bbox 313 1692 563 1769; x_wconf 89' lang='lat' dir='ltr'>immodicumque</span> <span class='ocrx_word' id='word_1_139' title='bbox 587 1692 676 1767; x_wconf 81' lang='lat' dir='ltr'>latus,</span> <span class='ocrx_word' id='word_1_140' title='bbox 699 1711 869 1770; x_wconf 80' lang='lat' dir='ltr'>paruasque</span> <span class='ocrx_word' id='word_1_141' title='bbox 892 1694 1064 1772; x_wconf 71' lang='lat' dir='ltr'>ingentibus</span> <span class='ocrx_word' id='word_1_142' title='bbox 1088 1690 1170 1755; x_wconf 89' lang='lat' dir='ltr'>alui’.</span> <span class='ocrx_word' id='word_1_143' title='bbox 1335 1749 1337 1751; x_wconf 76' lang='grc'><strong>,</strong></span> 
     </span>
    </p>

    <p class='ocr_par' dir='ltr' id='par_1_3' title="bbox 195 1773 1352 2931">
     <span class='ocr_line' id='line_1_16' title="bbox 287 1773 1349 1859; baseline 0.002 -18"><span class='ocrx_word' id='word_1_144' title='bbox 287 1773 393 1858; x_wconf 75' lang='grc'><strong>1348.</strong></span> <span class='ocrx_word' id='word_1_145' title='bbox 417 1782 582 1859; x_wconf 79' lang='lat' dir='ltr'>Porphyiio</span> <span class='ocrx_word' id='word_1_146' title='bbox 601 1782 640 1858; x_wconf 82' lang='lat' dir='ltr'>ad</span> <span class='ocrx_word' id='word_1_147' title='bbox 658 1782 778 1842; x_wconf 77' lang='lat' dir='ltr'>Horatii</span> <span class='ocrx_word' id='word_1_148' title='bbox 797 1801 882 1842; x_wconf 91' lang='lat' dir='ltr'>serm.</span> <span class='ocrx_word' id='word_1_149' title='bbox 897 1783 912 1841; x_wconf 96' lang='lat' dir='ltr'>I</span> <span class='ocrx_word' id='word_1_150' title='bbox 928 1785 956 1857; x_wconf 81' lang='grc'>7,</span> <span class='ocrx_word' id='word_1_151' title='bbox 972 1784 1013 1842; x_wconf 78' lang='grc'>33</span> <span class='ocrx_word' id='word_1_152' title='bbox 1034 1779 1204 1843; x_wconf 77' lang='lat' dir='ltr'>‘Cohortem</span> <span class='ocrx_word' id='word_1_153' title='bbox 1222 1786 1349 1843; x_wconf 80' lang='lat' dir='ltr'>comites</span> 
     </span>
     <span class='ocr_line' id='line_1_17' title="bbox 195 1861 1349 1952; baseline 0.003 -22"><span class='ocrx_word' id='word_1_154' title='bbox 195 1872 269 1931; x_wconf 89' lang='lat' dir='ltr'>dicit</span> <span class='ocrx_word' id='word_1_155' title='bbox 291 1861 392 1945; x_wconf 83' lang='lat' dir='ltr'>Bruti,</span> <span class='ocrx_word' id='word_1_156' title='bbox 420 1873 472 1947; x_wconf 90' lang='lat' dir='ltr'>qui</span> <span class='ocrx_word' id='word_1_157' title='bbox 499 1873 531 1930; x_wconf 88' lang='lat' dir='ltr'>in</span> <span class='ocrx_word' id='word_1_158' title='bbox 559 1872 682 1932; x_wconf 89' lang='lat' dir='ltr'>consilio</span> <span class='ocrx_word' id='word_1_159' title='bbox 711 1871 773 1931; x_wconf 89' lang='lat' dir='ltr'>eius</span> <span class='ocrx_word' id='word_1_160' title='bbox 802 1876 895 1931; x_wconf 86' lang='lat' dir='ltr'>eraut.</span> <span class='ocrx_word' id='word_1_161' title='bbox 941 1875 984 1932; x_wconf 91' lang='lat' dir='ltr'>sic</span> <span class='ocrx_word' id='word_1_162' title='bbox 1011 1877 1041 1931; x_wconf 85' lang='lat' dir='ltr'>et</span> <span class='ocrx_word' id='word_1_163' title='bbox 1063 1862 1196 1952; x_wconf 79' lang='lat' dir='ltr'>Lucilius</span> <span class='ocrx_word' id='word_1_164' title='bbox 1219 1873 1264 1932; x_wconf 90' lang='lat' dir='ltr'>ait</span> <span class='ocrx_word' id='word_1_165' title='bbox 1288 1869 1349 1933; x_wconf 85' lang='lat' dir='ltr'>“ut</span> 
     </span>
     <span class='ocr_line' id='line_1_18' title="bbox 196 1948 1348 2036; baseline 0.003 -17"><span class='ocrx_word' id='word_1_166' title='bbox 196 2006 246 2021; x_wconf 90' lang='lat'>...</span> <span class='ocrx_word' id='word_1_167' title='bbox 266 1948 437 2036; x_wconf 74' lang='lat' dir='ltr'>aruspex&#39;’.’</span> <span class='ocrx_word' id='word_1_168' title='bbox 481 1960 590 2021; x_wconf 91' lang='lat' dir='ltr'>Versus</span> <span class='ocrx_word' id='word_1_169' title='bbox 609 1958 700 2020; x_wconf 85' lang='lat' dir='ltr'>luisse</span> <span class='ocrx_word' id='word_1_170' title='bbox 719 1961 841 2021; x_wconf 87' lang='lat' dir='ltr'>uidetur</span> <span class='ocrx_word' id='word_1_171' title='bbox 858 1965 911 2020; x_wconf 88' lang='lat' dir='ltr'>aut</span> <span class='ocrx_word' id='word_1_172' title='bbox 929 1961 999 2021; x_wconf 89' lang='lat' dir='ltr'>libri</span> <span class='ocrx_word' id='word_1_173' title='bbox 1018 1961 1061 2022; x_wconf 88' lang='lat' dir='ltr'>XI</span> <span class='ocrx_word' id='word_1_174' title='bbox 1079 1962 1127 2020; x_wconf 91' lang='lat' dir='ltr'>cui</span> <span class='ocrx_word' id='word_1_175' title='bbox 1146 1956 1348 2023; x_wconf 80' lang='lat' dir='ltr'>llaebrensius</span> 
     </span>
     <span class='ocr_line' id='line_1_19' title="bbox 196 2042 1349 2128; baseline 0.003 -20"><span class='ocrx_word' id='word_1_176' title='bbox 196 2049 335 2109; x_wconf 77' lang='lat' dir='ltr'>attribuit</span> <span class='ocrx_word' id='word_1_177' title='bbox 354 2042 410 2108; x_wconf 82' lang='lat' dir='ltr'>&#39;&#39;aut</span> <span class='ocrx_word' id='word_1_178' title='bbox 432 2049 516 2109; x_wconf 86' lang='lat' dir='ltr'>XIV:</span> <span class='ocrx_word' id='word_1_179' title='bbox 539 2050 701 2128; x_wconf 88' lang='lat' dir='ltr'>coniungas</span> <span class='ocrx_word' id='word_1_180' title='bbox 725 2069 792 2109; x_wconf 90' lang='lat' dir='ltr'>cum</span> <span class='ocrx_word' id='word_1_181' title='bbox 815 2071 842 2110; x_wconf 94' lang='lat' dir='ltr'>u.</span> <span class='ocrx_word' id='word_1_182' title='bbox 864 2051 936 2110; x_wconf 79' lang='grc'>473.</span> <span class='ocrx_word' id='word_1_183' title='bbox 982 2051 1027 2110; x_wconf 86' lang='lat' dir='ltr'>De</span> <span class='ocrx_word' id='word_1_184' title='bbox 1055 2054 1202 2128; x_wconf 84' lang='lat' dir='ltr'>praet-oris</span> <span class='ocrx_word' id='word_1_185' title='bbox 1224 2051 1349 2112; x_wconf 80' lang='lat' dir='ltr'>cohorte</span> 
     </span>
     <span class='ocr_line' id='line_1_20' title="bbox 195 2136 1349 2201; baseline 0.003 -4"><span class='ocrx_word' id='word_1_186' title='bbox 195 2139 264 2198; x_wconf 91' lang='lat' dir='ltr'>uide</span> <span class='ocrx_word' id='word_1_187' title='bbox 288 2140 326 2198; x_wconf 88' lang='lat' dir='ltr'>ad</span> <span class='ocrx_word' id='word_1_188' title='bbox 347 2139 399 2198; x_wconf 89' lang='lat' dir='ltr'>lib.</span> <span class='ocrx_word' id='word_1_189' title='bbox 419 2139 461 2197; x_wconf 90' lang='lat' dir='ltr'>XI</span> <span class='ocrx_word' id='word_1_190' title='bbox 479 2160 507 2198; x_wconf 93' lang='lat' dir='ltr'>u.</span> <span class='ocrx_word' id='word_1_191' title='bbox 529 2140 592 2199; x_wconf 85' lang='grc'>398</span> <span class='ocrx_word' id='word_1_192' title='bbox 616 2137 687 2198; x_wconf 90' lang='lat' dir='ltr'>XIV</span> <span class='ocrx_word' id='word_1_193' title='bbox 706 2159 734 2199; x_wconf 91' lang='lat' dir='ltr'>u.</span> <span class='ocrx_word' id='word_1_194' title='bbox 754 2142 832 2200; x_wconf 79' lang='lat'><strong>469:</strong></span> <span class='ocrx_word' id='word_1_195' title='bbox 861 2139 920 2200; x_wconf 78' lang='lat' dir='ltr'>Cic.</span> <span class='ocrx_word' id='word_1_196' title='bbox 935 2140 1019 2199; x_wconf 81' lang='lat' dir='ltr'>Verr.</span> <span class='ocrx_word' id='word_1_197' title='bbox 1038 2140 1085 2200; x_wconf 87' lang='lat'>111</span> <span class='ocrx_word' id='word_1_198' title='bbox 1105 2142 1145 2199; x_wconf 79' lang='lat'>28</span> <span class='ocrx_word' id='word_1_199' title='bbox 1161 2137 1184 2162; x_wconf 76' lang='lat'>&#39;‘</span> <span class='ocrx_word' id='word_1_200' title='bbox 1197 2136 1267 2200; x_wconf 84' lang='lat' dir='ltr'>“De</span> <span class='ocrx_word' id='word_1_201' title='bbox 1298 2161 1349 2201; x_wconf 90' lang='lat' dir='ltr'>eo-</span> 
     </span>
     <span class='ocr_line' id='line_1_21' title="bbox 195 2223 1349 2306; baseline 0.003 -19"><span class='ocrx_word' id='word_1_202' title='bbox 195 2230 280 2288; x_wconf 85' lang='lat' dir='ltr'>horte</span> <span class='ocrx_word' id='word_1_203' title='bbox 303 2226 370 2289; x_wconf 83' lang='lat' dir='ltr'>mea</span> <span class='ocrx_word' id='word_1_204' title='bbox 392 2223 529 2304; x_wconf 84' lang='lat' dir='ltr'>reicies’&#39;‚</span> <span class='ocrx_word' id='word_1_205' title='bbox 551 2229 659 2305; x_wconf 89' lang='lat' dir='ltr'>inquit.</span> <span class='ocrx_word' id='word_1_206' title='bbox 706 2227 805 2298; x_wconf 82' lang='lat' dir='ltr'>Quid?</span> <span class='ocrx_word' id='word_1_207' title='bbox 827 2229 887 2289; x_wconf 91' lang='lat' dir='ltr'>ista</span> <span class='ocrx_word' id='word_1_208' title='bbox 913 2230 1017 2290; x_wconf 87' lang='lat' dir='ltr'>cohors</span> <span class='ocrx_word' id='word_1_209' title='bbox 1041 2249 1168 2306; x_wconf 88' lang='lat' dir='ltr'>quorum</span> <span class='ocrx_word' id='word_1_210' title='bbox 1190 2230 1349 2291; x_wconf 90' lang='lat' dir='ltr'>hominum</span> 
     </span>
     <span class='ocr_line' id='line_1_22' title="bbox 195 2313 1348 2396; baseline 0.004 -19"><span class='ocrx_word' id='word_1_211' title='bbox 195 2316 260 2377; x_wconf 85' lang='lat' dir='ltr'>est?</span> <span class='ocrx_word' id='word_1_212' title='bbox 306 2313 436 2378; x_wconf 81' lang='lat' dir='ltr'>“Volusi</span> <span class='ocrx_word' id='word_1_213' title='bbox 459 2318 624 2395; x_wconf 74' lang='lat' dir='ltr'>haruspicis</span> <span class='ocrx_word' id='word_1_214' title='bbox 647 2323 677 2379; x_wconf 87' lang='lat' dir='ltr'>ct</span> <span class='ocrx_word' id='word_1_215' title='bbox 699 2317 818 2378; x_wconf 75' lang='lat' dir='ltr'>Corneli</span> <span class='ocrx_word' id='word_1_216' title='bbox 840 2319 948 2379; x_wconf 90' lang='lat' dir='ltr'>medici</span> <span class='ocrx_word' id='word_1_217' title='bbox 971 2320 1128 2378; x_wconf 88' lang='lat' dir='ltr'>ethorum</span> <span class='ocrx_word' id='word_1_218' title='bbox 1145 2337 1252 2379; x_wconf 89' lang='lat' dir='ltr'>cauum</span> <span class='ocrx_word' id='word_1_219' title='bbox 1271 2340 1348 2396; x_wconf 86' lang='lat' dir='ltr'>quos</span> 
     </span>
     <span class='ocr_line' id='line_1_23' title="bbox 195 2403 1348 2486; baseline 0.003 -20"><span class='ocrx_word' id='word_1_220' title='bbox 195 2407 327 2468; x_wconf 88' lang='lat' dir='ltr'>tribunal</span> <span class='ocrx_word' id='word_1_221' title='bbox 350 2427 449 2468; x_wconf 88' lang='lat' dir='ltr'>meum</span> <span class='ocrx_word' id='word_1_222' title='bbox 469 2406 552 2467; x_wconf 89' lang='lat' dir='ltr'>uides</span> <span class='ocrx_word' id='word_1_223' title='bbox 570 2403 735 2467; x_wconf 86' lang='lat' dir='ltr'>lambere”:</span> <span class='ocrx_word' id='word_1_224' title='bbox 759 2427 828 2466; x_wconf 88' lang='lat' dir='ltr'>nam</span> <span class='ocrx_word' id='word_1_225' title='bbox 847 2408 882 2467; x_wconf 86' lang='lat' dir='ltr'>do</span> <span class='ocrx_word' id='word_1_226' title='bbox 901 2413 1051 2468; x_wconf 90' lang='lat' dir='ltr'>conuentu</span> <span class='ocrx_word' id='word_1_227' title='bbox 1069 2409 1185 2468; x_wconf 90' lang='lat' dir='ltr'>nullum</span> <span class='ocrx_word' id='word_1_228' title='bbox 1204 2429 1348 2486; x_wconf 75' lang='lat' dir='ltr'>umquam</span> 
     </span>
     <span class='ocr_line' id='line_1_24' title="bbox 195 2491 1352 2580; baseline 0.003 -25"><span class='ocrx_word' id='word_1_229' title='bbox 195 2496 323 2557; x_wconf 80' lang='lat' dir='ltr'>iudicem</span> <span class='ocrx_word' id='word_1_230' title='bbox 350 2516 404 2556; x_wconf 90' lang='lat' dir='ltr'>nec</span> <span class='ocrx_word' id='word_1_231' title='bbox 431 2500 667 2573; x_wconf 82' lang='lat' dir='ltr'>recuperatorem</span> <span class='ocrx_word' id='word_1_232' title='bbox 696 2496 778 2556; x_wconf 83' lang='lat' dir='ltr'>dedit</span> <span class='ocrx_word' id='word_1_233' title='bbox 798 2545 803 2556; x_wconf 94' lang='lat'>.</span> <span class='ocrx_word' id='word_1_234' title='bbox 820 2545 826 2556; x_wconf 92' lang='lat'>.</span> <span class='ocrx_word' id='word_1_235' title='bbox 842 2492 861 2556; x_wconf 89' lang='lat'>.&#39;</span> <span class='ocrx_word' id='word_1_236' title='bbox 881 2491 961 2580; x_wconf 79' lang='lat'>(54).</span> <span class='ocrx_word' id='word_1_237' title='bbox 1012 2497 1057 2558; x_wconf 85' lang='lat' dir='ltr'>De</span> <span class='ocrx_word' id='word_1_238' title='bbox 1088 2499 1245 2574; x_wconf 73' lang='lat' dir='ltr'>haruspice</span> <span class='ocrx_word' id='word_1_239' title='bbox 1277 2502 1352 2559; x_wconf 79' lang='lat' dir='ltr'>cont</span> 
     </span>
     <span class='ocr_line' id='line_1_25' title="bbox 195 2579 1349 2668; baseline 0.001 -21"><span class='ocrx_word' id='word_1_240' title='bbox 195 2585 228 2647; x_wconf 92' lang='grc'>0.</span> <span class='ocrx_word' id='word_1_241' title='bbox 247 2586 408 2646; x_wconf 81' lang='lat' dir='ltr'>Muellerus</span> <span class='ocrx_word' id='word_1_242' title='bbox 432 2585 468 2646; x_wconf 90' lang='lat' dir='ltr'>de</span> <span class='ocrx_word' id='word_1_243' title='bbox 491 2587 625 2646; x_wconf 76' lang='lat' dir='ltr'>Etruscis</span> <span class='ocrx_word' id='word_1_244' title='bbox 649 2579 733 2668; x_wconf 88' lang='lat' dir='ltr'>(edit.</span> <span class='ocrx_word' id='word_1_245' title='bbox 752 2581 797 2662; x_wconf 85' lang='lat' dir='ltr'>II)</span> <span class='ocrx_word' id='word_1_246' title='bbox 821 2587 881 2646; x_wconf 93' lang='lat' dir='ltr'>uol.</span> <span class='ocrx_word' id='word_1_247' title='bbox 900 2587 931 2645; x_wconf 90' lang='lat'>11</span> <span class='ocrx_word' id='word_1_248' title='bbox 959 2608 986 2664; x_wconf 91' lang='lat' dir='ltr'>p.</span> <span class='ocrx_word' id='word_1_249' title='bbox 1008 2589 1057 2647; x_wconf 82' lang='lat'>13.</span> <span class='ocrx_word' id='word_1_250' title='bbox 1108 2581 1208 2647; x_wconf 81' lang='lat' dir='ltr'>Nostii</span> <span class='ocrx_word' id='word_1_251' title='bbox 1238 2606 1349 2650; x_wconf 86' lang='lat' dir='ltr'>nomeu</span> 
     </span>
     <span class='ocr_line' id='line_1_26' title="bbox 196 2674 1348 2752; baseline 0.002 -17"><span class='ocrx_word' id='word_1_252' title='bbox 196 2676 324 2735; x_wconf 79' lang='lat' dir='ltr'>afferunt</span> <span class='ocrx_word' id='word_1_253' title='bbox 355 2676 450 2735; x_wconf 79' lang='lat' dir='ltr'>lexIca</span> <span class='ocrx_word' id='word_1_254' title='bbox 482 2695 516 2734; x_wconf 84' lang='lat' dir='ltr'>ox</span> <span class='ocrx_word' id='word_1_255' title='bbox 549 2674 607 2735; x_wconf 75' lang='lat' dir='ltr'>(lic.</span> <span class='ocrx_word' id='word_1_256' title='bbox 628 2678 714 2752; x_wconf 85' lang='lat' dir='ltr'>epist.</span> <span class='ocrx_word' id='word_1_257' title='bbox 733 2675 807 2734; x_wconf 90' lang='lat' dir='ltr'>XIII</span> <span class='ocrx_word' id='word_1_258' title='bbox 826 2677 883 2752; x_wconf 82' lang='grc'>46,</span> <span class='ocrx_word' id='word_1_259' title='bbox 915 2676 951 2735; x_wconf 90' lang='lat' dir='ltr'>de</span> <span class='ocrx_word' id='word_1_260' title='bbox 982 2675 1047 2735; x_wconf 93' lang='lat' dir='ltr'>Viti</span> <span class='ocrx_word' id='word_1_261' title='bbox 1077 2677 1282 2737; x_wconf 89' lang='lat' dir='ltr'>onomasticou</span> <span class='ocrx_word' id='word_1_262' title='bbox 1311 2689 1348 2737; x_wconf 74' lang='grc' dir='ltr'>οι</span> 
     </span>
     <span class='ocr_line' id='line_1_27' title="bbox 195 2763 1347 2842; baseline 0.002 -17"><span class='ocrx_word' id='word_1_263' title='bbox 195 2765 437 2842; x_wconf 85' lang='lat' dir='ltr'>inscriptionibus</span> <span class='ocrx_word' id='word_1_264' title='bbox 464 2764 545 2825; x_wconf 87' lang='lat' dir='ltr'>urbis</span> <span class='ocrx_word' id='word_1_265' title='bbox 573 2766 685 2825; x_wconf 66' lang='lat' dir='ltr'>Romm</span> <span class='ocrx_word' id='word_1_266' title='bbox 713 2763 786 2824; x_wconf 76' lang='lat'>011.</span> <span class='ocrx_word' id='word_1_267' title='bbox 804 2765 849 2824; x_wconf 92' lang='lat' dir='ltr'>VI</span> <span class='ocrx_word' id='word_1_268' title='bbox 878 2767 1142 2827; x_wconf 75' lang='lat'>23070—23072</span> <span class='ocrx_word' id='word_1_269' title='bbox 1171 2766 1289 2827; x_wconf 85' lang='lat' dir='ltr'>Notizie</span> <span class='ocrx_word' id='word_1_270' title='bbox 1319 2767 1347 2827; x_wconf 90' lang='lat' dir='ltr'>d.</span> 
     </span>
     <span class='ocr_line' id='line_1_28' title="bbox 195 2855 520 2931; baseline 0.003 -19"><span class='ocrx_word' id='word_1_271' title='bbox 195 2873 272 2914; x_wconf 86' lang='lat' dir='ltr'>scav.</span> <span class='ocrx_word' id='word_1_272' title='bbox 294 2855 377 2914; x_wconf 73' lang='lat'>1887</span> <span class='ocrx_word' id='word_1_273' title='bbox 402 2874 431 2931; x_wconf 87' lang='lat' dir='ltr'>p.</span> <span class='ocrx_word' id='word_1_274' title='bbox 449 2856 520 2913; x_wconf 80' lang='lat'>149.</span> 
     </span>
    </p>

    <p class='ocr_par' dir='ltr' id='par_1_4' title="bbox 150 2935 1350 4093">
     <span class='ocr_line' id='line_1_29' title="bbox 287 2935 1348 3024; baseline 0.005 -22"><span class='ocrx_word' id='word_1_275' title='bbox 287 2935 392 3024; x_wconf 70' lang='lat'>1349.</span> <span class='ocrx_word' id='word_1_276' title='bbox 424 2943 536 3004; x_wconf 89' lang='lat' dir='ltr'>Paulus</span> <span class='ocrx_word' id='word_1_277' title='bbox 568 2944 646 3003; x_wconf 83' lang='lat' dir='ltr'>Fest.</span> <span class='ocrx_word' id='word_1_278' title='bbox 668 2945 885 3021; x_wconf 85' lang='lat' dir='ltr'>epit.p.308,</span> <span class='ocrx_word' id='word_1_279' title='bbox 911 2946 950 3005; x_wconf 88' lang='grc'>13</span> <span class='ocrx_word' id='word_1_280' title='bbox 994 2936 1068 3005; x_wconf 75' lang='lat' dir='ltr'>‘Sub</span> <span class='ocrx_word' id='word_1_281' title='bbox 1108 2947 1201 3005; x_wconf 85' lang='lat' dir='ltr'>uitem</span> <span class='ocrx_word' id='word_1_282' title='bbox 1242 2945 1348 3007; x_wconf 83' lang='lat' dir='ltr'>hastas</span> 
     </span>
     <span class='ocr_line' id='line_1_30' title="bbox 194 3029 1348 3112; baseline 0.003 -20"><span class='ocrx_word' id='word_1_283' title='bbox 194 3033 289 3093; x_wconf 86' lang='lat' dir='ltr'>iacere</span> <span class='ocrx_word' id='word_1_284' title='bbox 316 3032 427 3092; x_wconf 89' lang='lat' dir='ltr'>dicitur</span> <span class='ocrx_word' id='word_1_285' title='bbox 453 3034 547 3108; x_wconf 84' lang='lat' dir='ltr'>uoles,</span> <span class='ocrx_word' id='word_1_286' title='bbox 576 3052 642 3093; x_wconf 90' lang='lat' dir='ltr'>cum</span> <span class='ocrx_word' id='word_1_287' title='bbox 670 3052 720 3094; x_wconf 90' lang='lat' dir='ltr'>eas</span> <span class='ocrx_word' id='word_1_288' title='bbox 748 3033 803 3093; x_wconf 88' lang='lat' dir='ltr'>sub</span> <span class='ocrx_word' id='word_1_289' title='bbox 829 3029 960 3112; x_wconf 79' lang='lat' dir='ltr'>&lt;ciaco&gt;</span> <span class='ocrx_word' id='word_1_290' title='bbox 987 3054 1078 3093; x_wconf 87' lang='lat' dir='ltr'>mauu</span> <span class='ocrx_word' id='word_1_291' title='bbox 1101 3047 1216 3096; x_wconf 87' lang='lat' dir='ltr'>sursum</span> <span class='ocrx_word' id='word_1_292' title='bbox 1240 3037 1348 3095; x_wconf 87' lang='lat' dir='ltr'>mittit.</span> 
     </span>
     <span class='ocr_line' id='line_1_31' title="bbox 195 3117 1348 3200; baseline 0.003 -19"><span class='ocrx_word' id='word_1_293' title='bbox 195 3123 328 3182; x_wconf 82' lang='lat' dir='ltr'>Lucilius</span> <span class='ocrx_word' id='word_1_294' title='bbox 348 3117 407 3181; x_wconf 80' lang='lat' dir='ltr'>“ut</span> <span class='ocrx_word' id='word_1_295' title='bbox 424 3122 504 3182; x_wconf 86' lang='lat' dir='ltr'>uoles</span> <span class='ocrx_word' id='word_1_296' title='bbox 523 3122 626 3199; x_wconf 82' lang='lat' dir='ltr'>bonus,</span> <span class='ocrx_word' id='word_1_297' title='bbox 646 3123 702 3182; x_wconf 90' lang='lat' dir='ltr'>snb</span> <span class='ocrx_word' id='word_1_298' title='bbox 721 3125 814 3182; x_wconf 83' lang='lat' dir='ltr'>uitem</span> <span class='ocrx_word' id='word_1_299' title='bbox 832 3126 886 3200; x_wconf 91' lang='lat' dir='ltr'>qui</span> <span class='ocrx_word' id='word_1_300' title='bbox 903 3125 1037 3184; x_wconf 53' lang='lat' dir='ltr'>subaudit</span> <span class='ocrx_word' id='word_1_301' title='bbox 1054 3118 1200 3184; x_wconf 82' lang='lat' dir='ltr'>hastos’&#39;.’</span> <span class='ocrx_word' id='word_1_302' title='bbox 1238 3124 1348 3184; x_wconf 81' lang='lat' dir='ltr'>Festus</span> 
     </span>
     <span class='ocr_line' id='line_1_32' title="bbox 194 3207 1349 3287; baseline 0.002 -16"><span class='ocrx_word' id='word_1_303' title='bbox 194 3233 221 3287; x_wconf 89' lang='lat' dir='ltr'>p.</span> <span class='ocrx_word' id='word_1_304' title='bbox 243 3214 321 3285; x_wconf 82' lang='lat'>310,</span> <span class='ocrx_word' id='word_1_305' title='bbox 346 3213 364 3269; x_wconf 76' lang='lat'><strong>2</strong></span> <span class='ocrx_word' id='word_1_306' title='bbox 395 3207 589 3272; x_wconf 77' lang='lat' dir='ltr'>‘Subuitcm</span> <span class='ocrx_word' id='word_1_307' title='bbox 617 3212 657 3271; x_wconf 90' lang='lat' dir='ltr'>ha</span> <span class='ocrx_word' id='word_1_308' title='bbox 821 3224 822 3227; x_wconf 75' lang='grc'>’</span> <span class='ocrx_word' id='word_1_309' title='bbox 852 3232 943 3273; x_wconf 86' lang='lat' dir='ltr'>manu</span> <span class='ocrx_word' id='word_1_310' title='bbox 964 3247 1067 3253; x_wconf 60' lang='lat'>—-=·--</span> <span class='ocrx_word' id='word_1_311' title='bbox 1139 3216 1161 3272; x_wconf 88' lang='lat' dir='ltr'>t.</span> <span class='ocrx_word' id='word_1_312' title='bbox 1211 3213 1349 3273; x_wconf 87' lang='lat' dir='ltr'>Lucilius</span> 
     </span>
     <span class='ocr_line' id='line_1_33' title="bbox 196 3297 1349 3380; baseline 0.003 -21"><span class='ocrx_word' id='word_1_313' title='bbox 196 3297 254 3359; x_wconf 82' lang='lat' dir='ltr'>“ut</span> <span class='ocrx_word' id='word_1_314' title='bbox 277 3336 357 3342; x_wconf 47' lang='lat' dir='ltr'>——m</span> <span class='ocrx_word' id='word_1_315' title='bbox 361 3335 434 3342; x_wconf 47' lang='lat'><strong>------</strong></span> <span class='ocrx_word' id='word_1_316' title='bbox 459 3322 488 3360; x_wconf 90' lang='grc' dir='ltr'>ιιι</span> <span class='ocrx_word' id='word_1_317' title='bbox 521 3304 573 3378; x_wconf 90' lang='lat' dir='ltr'>qui</span> <span class='ocrx_word' id='word_1_318' title='bbox 604 3303 697 3362; x_wconf 81' lang='lat' dir='ltr'>subsit</span> <span class='ocrx_word' id='word_1_319' title='bbox 727 3303 781 3362; x_wconf 87' lang='lat' dir='ltr'>bas</span> <span class='ocrx_word' id='word_1_320' title='bbox 967 3297 1009 3361; x_wconf 89' lang='grc'>”.’</span> <span class='ocrx_word' id='word_1_321' title='bbox 1062 3301 1203 3380; x_wconf 85' lang='lat' dir='ltr'>Sequitur</span> <span class='ocrx_word' id='word_1_322' title='bbox 1235 3303 1349 3363; x_wconf 82' lang='lat' dir='ltr'>lemma</span> 
     </span>
     <span class='ocr_line' id='line_1_34' title="bbox 196 3386 1348 3468; baseline 0.003 -19"><span class='ocrx_word' id='word_1_323' title='bbox 196 3386 261 3449; x_wconf 81' lang='lat' dir='ltr'>‘sub</span> <span class='ocrx_word' id='word_1_324' title='bbox 282 3393 376 3451; x_wconf 80' lang='lat' dir='ltr'>uitam</span> <span class='ocrx_word' id='word_1_325' title='bbox 398 3387 552 3468; x_wconf 85' lang='lat' dir='ltr'>proeliari&#39;</span> <span class='ocrx_word' id='word_1_326' title='bbox 577 3409 644 3450; x_wconf 89' lang='lat' dir='ltr'>cum</span> <span class='ocrx_word' id='word_1_327' title='bbox 667 3410 755 3452; x_wconf 87' lang='lat' dir='ltr'>uersu</span> <span class='ocrx_word' id='word_1_328' title='bbox 772 3391 884 3452; x_wconf 86' lang='lat' dir='ltr'>Lucilii</span> <span class='ocrx_word' id='word_1_329' title='bbox 904 3394 958 3451; x_wconf 86' lang='lat' dir='ltr'>aut</span> <span class='ocrx_word' id='word_1_330' title='bbox 975 3391 1103 3452; x_wconf 85' lang='lat' dir='ltr'>iambico</span> <span class='ocrx_word' id='word_1_331' title='bbox 1121 3396 1176 3451; x_wconf 90' lang='lat' dir='ltr'>aut</span> <span class='ocrx_word' id='word_1_332' title='bbox 1192 3393 1348 3452; x_wconf 87' lang='lat' dir='ltr'>trochaico</span> 
     </span>
     <span class='ocr_line' id='line_1_35' title="bbox 195 3471 1348 3560; baseline 0.003 -22"><span class='ocrx_word' id='word_1_333' title='bbox 195 3472 312 3560; x_wconf 85' lang='lat' dir='ltr'>(iucert.</span> <span class='ocrx_word' id='word_1_334' title='bbox 331 3501 359 3540; x_wconf 90' lang='lat' dir='ltr'>u.</span> <span class='ocrx_word' id='word_1_335' title='bbox 380 3471 469 3560; x_wconf 84' lang='grc'>960),</span> <span class='ocrx_word' id='word_1_336' title='bbox 492 3481 569 3540; x_wconf 91' lang='lat' dir='ltr'>unde</span> <span class='ocrx_word' id='word_1_337' title='bbox 592 3480 750 3557; x_wconf 87' lang='lat' dir='ltr'>suspiceris</span> <span class='ocrx_word' id='word_1_338' title='bbox 768 3481 907 3540; x_wconf 89' lang='lat' dir='ltr'>Verrium</span> <span class='ocrx_word' id='word_1_339' title='bbox 929 3481 1032 3542; x_wconf 88' lang='lat' dir='ltr'>eodem</span> <span class='ocrx_word' id='word_1_340' title='bbox 1051 3483 1113 3540; x_wconf 91' lang='lat' dir='ltr'>iam</span> <span class='ocrx_word' id='word_1_341' title='bbox 1131 3481 1235 3541; x_wconf 84' lang='lat' dir='ltr'>ordine</span> <span class='ocrx_word' id='word_1_342' title='bbox 1253 3481 1348 3543; x_wconf 86' lang='lat' dir='ltr'>libros</span> 
     </span>
     <span class='ocr_line' id='line_1_36' title="bbox 194 3568 1347 3649; baseline 0.006 -20"><span class='ocrx_word' id='word_1_343' title='bbox 194 3569 302 3629; x_wconf 90' lang='lat' dir='ltr'>Lucilii</span> <span class='ocrx_word' id='word_1_344' title='bbox 330 3570 437 3649; x_wconf 81' lang='lat' dir='ltr'>legIsse</span> <span class='ocrx_word' id='word_1_345' title='bbox 465 3568 624 3645; x_wconf 88' lang='lat' dir='ltr'>dispositos</span> <span class='ocrx_word' id='word_1_346' title='bbox 652 3588 712 3647; x_wconf 92' lang='lat' dir='ltr'>quo</span> <span class='ocrx_word' id='word_1_347' title='bbox 735 3570 859 3631; x_wconf 84' lang='lat' dir='ltr'>Nonius.</span> <span class='ocrx_word' id='word_1_348' title='bbox 905 3570 950 3630; x_wconf 92' lang='lat' dir='ltr'>De</span> <span class='ocrx_word' id='word_1_349' title='bbox 977 3572 1032 3631; x_wconf 80' lang='lat' dir='ltr'>sub</span> <span class='ocrx_word' id='word_1_350' title='bbox 1054 3573 1144 3631; x_wconf 67' lang='lat' dir='ltr'>adon</span> <span class='ocrx_word' id='word_1_351' title='bbox 1165 3571 1272 3631; x_wconf 86' lang='lat' dir='ltr'>forma-</span> <span class='ocrx_word' id='word_1_352' title='bbox 1285 3584 1347 3636; x_wconf 78' lang='lat' dir='ltr'>ser-s</span> 
     </span>
     <span class='ocr_line' id='line_1_37' title="bbox 194 3658 1348 3738; baseline 0.004 -21"><span class='ocrx_word' id='word_1_353' title='bbox 194 3661 292 3719; x_wconf 89' lang='lat' dir='ltr'>monis</span> <span class='ocrx_word' id='word_1_354' title='bbox 315 3661 473 3719; x_wconf 87' lang='lat' dir='ltr'>castrensis</span> <span class='ocrx_word' id='word_1_355' title='bbox 497 3658 611 3738; x_wconf 87' lang='lat' dir='ltr'>egimus</span> <span class='ocrx_word' id='word_1_356' title='bbox 634 3659 673 3718; x_wconf 86' lang='lat' dir='ltr'>ad</span> <span class='ocrx_word' id='word_1_357' title='bbox 696 3659 797 3719; x_wconf 86' lang='lat' dir='ltr'>insert</span> <span class='ocrx_word' id='word_1_358' title='bbox 818 3680 845 3718; x_wconf 89' lang='lat' dir='ltr'>u.</span> <span class='ocrx_word' id='word_1_359' title='bbox 867 3660 946 3719; x_wconf 85' lang='grc' dir='ltr'>96οι</span> <span class='ocrx_word' id='word_1_360' title='bbox 970 3679 1060 3738; x_wconf 79' lang='lat' dir='ltr'>quum</span> <span class='ocrx_word' id='word_1_361' title='bbox 1083 3660 1211 3720; x_wconf 77' lang='lat' dir='ltr'>formam</span> <span class='ocrx_word' id='word_1_362' title='bbox 1228 3663 1266 3719; x_wconf 86' lang='lat' dir='ltr'>¹in</span> <span class='ocrx_word' id='word_1_363' title='bbox 1281 3661 1348 3722; x_wconf 74' lang='lat' dir='ltr'>&#39;boc</span> 
     </span>
     <span class='ocr_line' id='line_1_38' title="bbox 150 3741 1349 3812; baseline 0.003 -5"><span class='ocrx_word' id='word_1_364' title='bbox 150 3741 152 3745; x_wconf 65' lang='grc'>’</span> <span class='ocrx_word' id='word_1_365' title='bbox 195 3767 282 3809; x_wconf 89' lang='lat' dir='ltr'>uersu</span> <span class='ocrx_word' id='word_1_366' title='bbox 305 3748 419 3809; x_wconf 89' lang='lat' dir='ltr'>duobus</span> <span class='ocrx_word' id='word_1_367' title='bbox 439 3748 512 3808; x_wconf 92' lang='lat' dir='ltr'>locis</span> <span class='ocrx_word' id='word_1_368' title='bbox 531 3748 635 3808; x_wconf 82' lang='lat' dir='ltr'>Festus</span> <span class='ocrx_word' id='word_1_369' title='bbox 653 3751 789 3809; x_wconf 84' lang='lat' dir='ltr'>testetur.</span> <span class='ocrx_word' id='word_1_370' title='bbox 831 3747 944 3808; x_wconf 84' lang='lat' dir='ltr'>Paulus</span> <span class='ocrx_word' id='word_1_371' title='bbox 962 3751 1023 3809; x_wconf 89' lang='lat' dir='ltr'>iam</span> <span class='ocrx_word' id='word_1_372' title='bbox 1044 3753 1075 3808; x_wconf 87' lang='lat' dir='ltr'>st</span> <span class='ocrx_word' id='word_1_373' title='bbox 1092 3768 1184 3812; x_wconf 73' lang='lat' dir='ltr'>crocu</span> <span class='ocrx_word' id='word_1_374' title='bbox 1202 3752 1234 3809; x_wconf 90' lang='lat' dir='ltr'>et</span> <span class='ocrx_word' id='word_1_375' title='bbox 1251 3751 1349 3810; x_wconf 65' lang='lat' dir='ltr'>nubsit</span> 
     </span>
     <span class='ocr_line' id='line_1_39' title="bbox 194 3824 1348 3914; baseline 0.001 -17"><span class='ocrx_word' id='word_1_376' title='bbox 194 3842 366 3914; x_wconf 79' lang='lat' dir='ltr'>corruptum</span> <span class='ocrx_word' id='word_1_377' title='bbox 389 3838 507 3897; x_wconf 90' lang='lat' dir='ltr'>inuenit</span> <span class='ocrx_word' id='word_1_378' title='bbox 528 3839 560 3895; x_wconf 93' lang='lat' dir='ltr'>in</span> <span class='ocrx_word' id='word_1_379' title='bbox 583 3856 636 3897; x_wconf 90' lang='lat' dir='ltr'>suo</span> <span class='ocrx_word' id='word_1_380' title='bbox 659 3838 727 3897; x_wconf 88' lang='lat' dir='ltr'>cod:</span> <span class='ocrx_word' id='word_1_381' title='bbox 750 3839 855 3898; x_wconf 67' lang='lat' dir='ltr'>acuat</span> <span class='ocrx_word' id='word_1_382' title='bbox 872 3837 949 3898; x_wconf 80' lang='lat' dir='ltr'>edItt</span> <span class='ocrx_word' id='word_1_383' title='bbox 966 3843 1090 3913; x_wconf 87' lang='lat' dir='ltr'>ucteres,</span> <span class='ocrx_word' id='word_1_384' title='bbox 1108 3824 1232 3914; x_wconf 60' lang='lat' dir='ltr'>subr‘iyit</span> <span class='ocrx_word' id='word_1_385' title='bbox 1249 3838 1348 3900; x_wconf 70' lang='lat' dir='ltr'>Lacb⁴</span> 
     </span>
     <span class='ocr_line' id='line_1_40' title="bbox 194 3926 1350 4003; baseline 0.003 -17"><span class='ocrx_word' id='word_1_386' title='bbox 194 3946 327 3987; x_wconf 88' lang='lat' dir='ltr'>mannus.</span> <span class='ocrx_word' id='word_1_387' title='bbox 364 3927 475 3988; x_wconf 78' lang='lat' dir='ltr'>Hastis</span> <span class='ocrx_word' id='word_1_388' title='bbox 493 3926 634 3986; x_wconf 82' lang='lat' dir='ltr'>uelitaros</span> <span class='ocrx_word' id='word_1_389' title='bbox 650 3931 863 3987; x_wconf 76' lang='lat' dir='ltr'>commemorat</span> <span class='ocrx_word' id='word_1_390' title='bbox 875 3927 980 3988; x_wconf 85' lang='lat' dir='ltr'>Liuius</span> <span class='ocrx_word' id='word_1_391' title='bbox 994 3927 1093 3986; x_wconf 86' lang='lat' dir='ltr'>XXVI</span> <span class='ocrx_word' id='word_1_392' title='bbox 1108 3930 1136 4003; x_wconf 79' lang='grc'>4,</span> <span class='ocrx_word' id='word_1_393' title='bbox 1152 3930 1171 3986; x_wconf 82' lang='grc'>4</span> <span class='ocrx_word' id='word_1_394' title='bbox 1186 3927 1350 3989; x_wconf 86' lang='lat' dir='ltr'>XXXVIII</span> 
     </span>
     <span class='ocr_line' id='line_1_41' title="bbox 196 4015 1349 4093; baseline 0.003 -17"><span class='ocrx_word' id='word_1_395' title='bbox 196 4020 251 4092; x_wconf 77' lang='lat'>21,</span> <span class='ocrx_word' id='word_1_396' title='bbox 279 4019 327 4076; x_wconf 88' lang='lat'>13.</span> <span class='ocrx_word' id='word_1_397' title='bbox 373 4016 462 4077; x_wconf 88' lang='lat' dir='ltr'>Veles</span> <span class='ocrx_word' id='word_1_398' title='bbox 492 4015 587 4076; x_wconf 91' lang='lat' dir='ltr'>bonus</span> <span class='ocrx_word' id='word_1_399' title='bbox 619 4016 673 4076; x_wconf 93' lang='lat' dir='ltr'>sub</span> <span class='ocrx_word' id='word_1_400' title='bbox 705 4019 794 4077; x_wconf 90' lang='lat' dir='ltr'>uinea</span> <span class='ocrx_word' id='word_1_401' title='bbox 825 4026 941 4077; x_wconf 86' lang='lat' dir='ltr'>sursum</span> <span class='ocrx_word' id='word_1_402' title='bbox 974 4017 1070 4077; x_wconf 89' lang='lat' dir='ltr'>mittit</span> <span class='ocrx_word' id='word_1_403' title='bbox 1101 4017 1203 4077; x_wconf 83' lang='lat' dir='ltr'>hastas</span> <span class='ocrx_word' id='word_1_404' title='bbox 1236 4018 1349 4093; x_wconf 86' lang='lat' dir='ltr'>quibus</span> 
     </span>
    </p>
   </div>
   <div class='ocr_carea' id='block_1_3' title="bbox 194 4100 1350 4548">
    <p class='ocr_par' dir='ltr' id='par_1_5' title="bbox 194 4100 1350 4548">
     <span class='ocr_line' id='line_1_42' title="bbox 194 4100 1348 4184; baseline 0.004 -19"><span class='ocrx_word' id='word_1_405' title='bbox 194 4107 401 4183; x_wconf 84' lang='lat' dir='ltr'>perfodiantur</span> <span class='ocrx_word' id='word_1_406' title='bbox 422 4106 522 4167; x_wconf 86' lang='lat' dir='ltr'>hostes</span> <span class='ocrx_word' id='word_1_407' title='bbox 544 4106 576 4164; x_wconf 93' lang='lat' dir='ltr'>in</span> <span class='ocrx_word' id='word_1_408' title='bbox 599 4125 684 4166; x_wconf 89' lang='lat' dir='ltr'>muro</span> <span class='ocrx_word' id='word_1_409' title='bbox 708 4107 812 4183; x_wconf 90' lang='lat' dir='ltr'>oppidi</span> <span class='ocrx_word' id='word_1_410' title='bbox 832 4107 937 4184; x_wconf 88' lang='lat' dir='ltr'>positi,</span> <span class='ocrx_word' id='word_1_411' title='bbox 960 4106 1122 4168; x_wconf 74' lang='lat' dir='ltr'>conliniare</span> <span class='ocrx_word' id='word_1_412' title='bbox 1144 4100 1264 4166; x_wconf 79' lang='lat' dir='ltr'>bustam</span> <span class='ocrx_word' id='word_1_413' title='bbox 1285 4107 1348 4170; x_wconf 78' lang='lat' dir='ltr'>cis.</span> 
     </span>
     <span class='ocr_line' id='line_1_43' title="bbox 195 4194 1350 4371; baseline 0.006 -28"><span class='ocrx_word' id='word_1_414' title='bbox 195 4195 231 4253; x_wconf 62' lang='lat' dir='ltr'>de</span> <span class='ocrx_word' id='word_1_415' title='bbox 253 4194 535 4346; x_wconf 37' lang='grc' dir='ltr'>ᾗΠΙ.3100.5’[5“Ξι9ιι1ιιι</span> <span class='ocrx_word' id='word_1_416' title='bbox 559 4284 597 4344; x_wconf 85' lang='lat' dir='ltr'>ad</span> <span class='ocrx_word' id='word_1_417' title='bbox 615 4285 763 4345; x_wconf 79' lang='lat' dir='ltr'>Aeneidos</span> <span class='ocrx_word' id='word_1_418' title='bbox 780 4286 796 4344; x_wconf 94' lang='lat' dir='ltr'>I</span> <span class='ocrx_word' id='word_1_419' title='bbox 816 4286 879 4345; x_wconf 83' lang='grc'>703</span> <span class='ocrx_word' id='word_1_420' title='bbox 905 4281 1071 4344; x_wconf 76' lang='lat' dir='ltr'>‘Femiuino</span> <span class='ocrx_word' id='word_1_421' title='bbox 1090 4283 1223 4371; x_wconf 78' lang='lat' dir='ltr'>Lucilius</span> <span class='ocrx_word' id='word_1_422' title='bbox 1243 4290 1350 4364; x_wconf 86' lang='lat' dir='ltr'>posuit</span> 
     </span>
     <span class='ocr_line' id='line_1_44' title="bbox 194 4368 1350 4453; baseline 0.007 -22"><span class='ocrx_word' id='word_1_423' title='bbox 194 4375 229 4432; x_wconf 92' lang='lat' dir='ltr'>ut</span> <span class='ocrx_word' id='word_1_424' title='bbox 256 4369 365 4433; x_wconf 80' lang='lat' dir='ltr'>“uxori</span> <span class='ocrx_word' id='word_1_425' title='bbox 392 4374 494 4451; x_wconf 87' lang='lat' dir='ltr'>legata</span> <span class='ocrx_word' id='word_1_426' title='bbox 520 4368 661 4449; x_wconf 86' lang='lat' dir='ltr'>ponus&#39;’.&#39;</span> <span class='ocrx_word' id='word_1_427' title='bbox 696 4374 797 4433; x_wconf 82' lang='lat' dir='ltr'>-Libro</span> <span class='ocrx_word' id='word_1_428' title='bbox 825 4374 895 4432; x_wconf 92' lang='lat' dir='ltr'>XVI</span> <span class='ocrx_word' id='word_1_429' title='bbox 923 4374 1081 4450; x_wconf 85' lang='lat' dir='ltr'>adscripsit</span> <span class='ocrx_word' id='word_1_430' title='bbox 1108 4374 1223 4449; x_wconf 83' lang='lat' dir='ltr'>Densa,</span> <span class='ocrx_word' id='word_1_431' title='bbox 1257 4397 1350 4453; x_wconf 79' lang='lat' dir='ltr'>quom</span> 
     </span>
     <span class='ocr_line' id='line_1_45' title="bbox 196 4461 1250 4548; baseline 0.003 -28"><span class='ocrx_word' id='word_1_432' title='bbox 196 4465 290 4522; x_wconf 90' lang='lat' dir='ltr'>secuti</span> <span class='ocrx_word' id='word_1_433' title='bbox 312 4467 382 4522; x_wconf 88' lang='lat' dir='ltr'>sunt</span> <span class='ocrx_word' id='word_1_434' title='bbox 404 4461 613 4522; x_wconf 87' lang='lat' dir='ltr'>Lachmannus</span> <span class='ocrx_word' id='word_1_435' title='bbox 635 4463 795 4525; x_wconf 86' lang='lat' dir='ltr'>Muellerus</span> <span class='ocrx_word' id='word_1_436' title='bbox 818 4463 886 4523; x_wconf 78' lang='lat' dir='ltr'>clii:</span> <span class='ocrx_word' id='word_1_437' title='bbox 909 4464 978 4522; x_wconf 86' lang='lat' dir='ltr'>uido</span> <span class='ocrx_word' id='word_1_438' title='bbox 1000 4462 1038 4522; x_wconf 82' lang='lat' dir='ltr'>ad</span> <span class='ocrx_word' id='word_1_439' title='bbox 1062 4484 1088 4522; x_wconf 91' lang='lat' dir='ltr'>u.</span> <span class='ocrx_word' id='word_1_440' title='bbox 1110 4465 1250 4548; x_wconf 27' lang='lat' dir='ltr'>bl9flseq.</span> 
     </span>
    </p>
   </div>
   <div class='ocr_carea' id='block_1_4' title="bbox 0 0 1504 5002">
    <p class='ocr_par' dir='ltr' id='par_1_6' title="bbox 0 0 1504 5002">
     <span class='ocr_line' id='line_1_46' title="bbox 0 0 1504 5002; baseline 0 0"><span class='ocrx_word' id='word_1_441' title='bbox 0 0 1504 5002; x_wconf 95' lang='lat' dir='ltr'> </span> 
     </span>
    </p>
   </div>
  </div>
 </body>
</html>
