3060 5010
215 369 278 437 138
663 368 702 423 1x
720 385 748 423 u.
767 372 917 423 ιιι-ιιι.

209 541 291 619 apud
314 539 389 602 Gell.
403 539 478 600 XIII
502 540 553 614 26,
573 540 592 597 4
616 540 644 599 si
664 557 771 598 reuera
793 536 883 598 sicuti
903 538 936 596 in
958 555 1008 596 uu.
1024 537 1089 597 364
1107 555 1189 613 seqq.
1212 535 1362 597 consentit

209 651 278 690 cum
300 629 425 705 Lucilio,
448 630 522 688 haec
544 629 647 688 docuit
669 631 774 705 poete:
804 622 889 685 ‘item
912 628 939 686 si
962 621 1074 687 “huius
1097 621 1214 685 terrai”
1238 626 1360 703 scribas,

208 720 219 779 i
247 720 350 781 littera
379 719 420 780 sit
447 721 591 795 extrema,
619 720 646 778 si
673 713 767 777 “huic
794 711 927 791 torrae’',
949 735 1004 793 per
1033 736 1048 774 e
1079 716 1266 776 scribendum
1294 711 1360 776 est'.

208 809 321 869 Tamen
361 810 441 868 tacet
478 807 592 869 Gellius
628 808 664 867 de
701 805 887 867 nominatiuo
922 805 1043 882 plurali.
1096 805 1255 865 Inuenitur
1291 809 1360 867 ante

208 899 358 959 Lucilium
392 899 550 977 genetiuus
581 898 612 956 in
646 896 675 956 ai
706 896 786 974 apud
819 895 949 955 Ennium
981 898 1011 955 et
1044 895 1201 971 Plautum,
1237 895 1360 956 datiuns

208 1008 364 1066 nusquam.
411 986 523 1058 Quodsi
544 986 677 1047 Lucilius
706 989 737 1046 et
758 984 899 1064 Nigidius
926 985 1099 1063 geratinum
1126 987 1216 1045 terrai
1239 1003 1360 1045 consue·

208 1078 342 1138 tudinem
365 1078 463 1157 secuti
483 1077 735 1152 commendarunt,
758 1078 859 1135 temen
888 1073 1058 1151 disyllabon
1080 1093 1143 1135 esse
1166 1073 1248 1135 istud
1270 1094 1359 1134 noca·

207 1168 320 1243 bulum,
340 1186 400 1228 non
418 1167 597 1243 trisyllabon
612 1167 775 1226 uoluerunt
788 1165 876 1226 sicuti
885 1165 1006 1239 pulani
1020 1165 1176 1243 genetiuus
1189 1163 1359 1241 disyllabon

207 1258 338 1335 positum
357 1260 403 1317 est
420 1257 451 1315 in
471 1257 600 1316 carmine
620 1254 703 1316 CLII
725 1257 776 1329 52,
796 1257 814 1315 2
834 1253 1009 1314 Buecheleri
1032 1249 1109 1314 ‘hoio
1128 1257 1173 1314 est
1191 1254 1359 1331 sepulcrum

207 1347 269 1407 hau
305 1348 441 1424 pulcrum
477 1347 595 1422 pulorai
630 1339 779 1406 feminae'.
817 1376 859 1386 —
896 1343 986 1420 Apud
1017 1343 1200 1403 Martianum
1232 1344 1360 1404 lucinius

207 1437 299 1497 babet
325 1437 365 1512 R,
396 1437 515 1495 licinius
542 1436 573 1495 B
599 1455 654 1512 pro
682 1434 789 1512 quibus
821 1436 854 1493 in
883 1436 1015 1508 pmcte'uo
1047 1432 1205 1510 supposuit
1232 1434 1358 1509 Eyssen·

207 1527 353 1586 hardtius.
399 1524 511 1597 Quibus
539 1527 667 1603 receptis
695 1524 772 1584 nihil
800 1525 920 1584 omnino
947 1524 1001 1583 illo
1029 1523 1094 1583 loco
1123 1523 1158 1582 de
1185 1523 1295 1584 Lucilii
1323 1522 1360 1583 de

208 1618 346 1693 genetiuo
375 1634 465 1692 quam
493 1615 652 1691 protulerit
679 1614 816 1674 doctrina
842 1612 989 1673 naditum
1015 1614 1176 1673 inuenitur.
1222 1613 1359 1674 Licinius

208 1707 235 1765 si
256 1707 336 1765 recte
359 1704 503 1764 nuditum
527 1707 573 1764 est
590 1704 764 1781 produxisse
784 1705 905 1783 poetam
923 1705 955 1762 in
974 1703 1030 1763 boo
1049 1701 1193 1763 uocabulo
1212 1702 1359 1779 syllabam

207 1797 336 1871 primam
368 1792 558 1854 statuendum
590 1795 660 1853 erit:
694 1792 773 1871 quod
804 1793 893 1870 plane
925 1796 971 1852 cst
1001 1791 1175 1853 incredibile
1204 1784 1291 1874 (uide
1320 1791 1359 1852 ad

208 1883 259 1942 lib.
273 1884 347 1944 XIII
364 1903 392 1942 u.
409 1874 496 1964 438).
542 1883 619 1941 Item
647 1886 717 1943 ante
742 1883 871 1943 Orbilius
899 1882 980 1942 credi
1002 1884 1102 1959 potest
1124 1884 1244 1959 poetam
1268 1884 1358 1942 corri-

207 1975 307 2050 puisse
337 1974 487 2033 Tcreatioe
518 1973 657 2033 ultimum
688 1992 755 2033 eum
786 1973 873 2031 hiatu
905 1974 995 2032 sicuti
1020 1973 1053 2031 in
1083 1972 1298 2050 epigrammate
1322 1972 1358 2033 de

208 2064 306 2123 Ennio
333 2063 417 2122 Enni
443 2064 582 2137 imaginis
608 2064 737 2136 formum
764 2053 1053 2144 (Gie.'l'usc.134)
1083 2060 1164 2138 apud
1190 2061 1357 2141 Vergilium

206 2153 322 2213 insulae
353 2153 440 2212 Ionio
471 2143 560 2232 (Aen.
579 2151 625 2211 ΠΙ
646 2144 738 2235 211),
771 2151 850 2228 apud
882 2151 1043 2211 Horatium
1070 2152 1246 2226 Esquiliace
1274 2152 1358 2212 alites

208 2233 306 2322 (epod.
325 2242 354 2299 V
375 2234 463 2323 100),
482 2241 563 2319 apud
581 2242 712 2301 Ennium
725 2241 823 2316 Scurio
841 2242 949 2301 inuicte
963 2232 1038 2321 (Cic.
1053 2237 1102 2300 Or.
1121 2232 1207 2322 152).
1245 2240 1357 2301 Tamen

208 2332 375 2409 illaquam
399 2334 494 2391 secuti
515 2350 617 2392 sumus
640 2333 718 2392 ratio
742 2332 847 2390 critica
870 2330 976 2390 melior
998 2330 1118 2390 uidetur
1140 2349 1212 2390 esse.

298 2413 382 2482 374.
414 2421 479 2481 Vel.
506 2422 600 2501 Long.
624 2420 675 2481 GL
699 2421 759 2480 VH
785 2442 813 2498 p.
839 2421 895 2494 62,
921 2419 1000 2480 181(
1046 2415 1168 2480 ‘Abbire
1218 2411 1358 2500 (abditare

208 2510 239 2571 (I.
255 2509 287 2569 L.
303 2502 513 2592 Schneiderus)
537 2513 629 2572 etiam
652 2510 775 2588 quidam
798 2511 951 2590 geminata
973 2509 992 2568 b
1015 2510 1186 2569 maluerunt
1208 2511 1239 2570 et
1261 2509 1357 2570 dIoere

208 2604 239 2660 et
265 2599 392 2661 scribere
420 2601 591 2661 intermissa
617 2601 651 2675 d,
683 2604 714 2660 et
740 2602 774 2660 in
801 2591 862 2681 (om
889 2591 955 2681 cod)
987 2599 1043 2660 hoc
1074 2598 1189 2659 nullam
1221 2591 1358 2681 (multam

208 2681 418 2773 Schneiderus)
441 2690 641 2750 differentiam
662 2691 753 2766 putat
775 2707 837 2750 esse
860 2688 994 2749 Lucilius
1018 2689 1070 2765 qui
1093 2689 1138 2748 ait
1155 2683 1280 2750 “abbirc
1297 2708 1357 2749 non

207 2780 337 2840 multum
360 2784 405 2841 est
428 2779 446 2838 d
469 2782 527 2841 siet
549 2800 588 2840 an
610 2773 675 2838 b’'.'
713 2778 777 2848 Quo
799 2781 832 2839 in
855 2778 920 2839 loco
944 2797 997 2838 our
1018 2797 1120 2838 rarum
1142 2780 1174 2838 ot
1191 2778 1358 2840 obsoletum

208 2869 333 2929 uerbum
356 2871 484 2943 adbiterc
506 2870 668 2930 maluerint
690 2870 847 2929 restituere
870 2887 960 2946 quam
983 2868 1107 2948 uulgare
1130 2868 1207 2927 illud
1226 2870 1358 2930 cbbtbcrc

208 2977 267 3018 non
299 2959 454 3038 intellego:
486 2958 609 3018 heroum
638 2959 729 3018 talem
768 2977 822 3035 ego
849 2956 1033 3018 restituerim
1066 2952 1094 3017 ‘-
1108 2988 1145 3017 oo
1163 2952 1357 3036 abbi<be>re:

207 3042 294 3126 (bic)
312 3067 372 3108 non
390 3047 520 3108 multum
539 3052 585 3108 est
602 3048 622 3107 d
640 3048 697 3109 siet
716 3068 753 3107 an
772 3043 812 3106 b'.
845 3047 872 3106 A
890 3047 1044 3107 uocalibus
1062 3047 1100 3106 ad
1121 3047 1357 3124 praepositiones

207 3138 317 3197 transit
339 3139 428 3214 poeta
446 3138 535 3198 sicuti
553 3137 656 3198 Velius
674 3137 797 3216 Longus
811 3138 830 3196 l.
846 3157 867 3198 s.
883 3155 904 3196 s.
924 3157 952 3215 p.
974 3139 1024 3212 60,
1045 3136 1115 3196 GK:
1138 3138 1237 3213 prima
1255 3139 1301 3197 est
1319 3138 1356 3197 ab

208 3227 389 3304 praepositio
409 3219 529 3306 (fragm.
551 3219 639 3307 373),
662 3227 798 3302 sequitur
815 3227 856 3287 ad
872 3226 1123 3304 praepositio-
1137 3226 1205 3286 Non
1226 3226 1356 3287 multum

208 3309 267 3394 est]
292 3315 403 3394 Vergil.
422 3314 528 3394 ceorg.
546 3316 578 3376 Π
597 3318 660 3376 272
690 3312 775 3377 ‘adeo
802 3318 834 3375 in
866 3316 977 3378 teneris
1010 3334 1198 3377 consuescere
1225 3315 1356 3376 multum

208 3399 264 3464 est'
288 3405 585 3481 Martial.1108,7
610 3400 673 3467 ‘sed
695 3405 752 3466 tibi
775 3426 835 3467 non
858 3407 986 3467 multum
1005 3409 1051 3467 est
1072 3426 1164 3466 unum
1188 3407 1214 3465 si
1236 3407 1356 3483 praesto

207 3489 367 3573 togatum’:
390 3496 463 3556 conf
476 3514 505 3553 u.
526 3497 599 3555 377.

298 3576 380 3645 375.
403 3584 507 3644 Velius
530 3584 651 3663 Longus
670 3583 722 3644 GL
741 3585 800 3645 VH
818 3606 846 3663 p.
867 3587 919 3663 61,
939 3585 1018 3645 141(
1045 3581 1106 3646 ‘Sic
1128 3586 1161 3645 in
1187 3586 1235 3645 his
1262 3587 1355 3663 parti·

207 3673 262 3734 bus
285 3673 443 3749 orationis,
465 3693 542 3751 queo
564 3676 713 3752 incipiunt
742 3695 761 3734 a
787 3675 891 3736 littera
913 3694 942 3751 e,
972 3693 1031 3736 non
1058 3675 1147 3736 facile
1173 3677 1273 3751 potest
1300 3675 1356 3736 bac

207 3764 428 3842 praepositione
447 3764 569 3825 admota
586 3783 691 3825 sonare
710 3765 730 3826 d
747 3763 858 3825 littera.
895 3765 968 3825 haec
986 3764 1125 3825 similiter
1142 3764 1245 3826 littera
1263 3767 1355 3843 gemi-

207 3855 299 3914 natur
319 3854 353 3914 in
375 3873 410 3914 eo
429 3853 509 3932 qnod
527 3856 573 3915 est
590 3855 676 3932 cepio
695 3855 822 3933 accipio:
845 3854 948 3932 itaque
966 3853 1102 3914 Lucilius
1121 3848 1236 3932 “atque
1256 3874 1355 3916 accur-

206 3962 271 4003 rere
303 3943 412 4005 scn'bes
444 3944 501 4004 dne
533 3963 572 4003 an
596 3943 620 4003 T
648 3963 707 4004 non
734 3946 781 4005 est
807 3944 888 4022 quod
915 3961 1040 4021 quaeras
1068 3961 1162 4021 aeque
1191 3938 1355 4005 labores”.’

207 4033 292 4108 Eque
314 4034 435 4104 labores,
458 4033 574 4110 opinor,
596 4036 756 4110 scripserat
777 4036 867 4111 poeta
889 4035 944 4111 qui
965 4033 1060 4111 deque
1082 4033 1185 4113 petigo
1202 4033 1254 4093 lib.
1273 4034 1355 4094 XXX

207 4142 235 4181 u.
256 4123 319 4182 983
348 4122 442 4200 deque
470 4123 570 4184 dicata
588 4144 616 4183 u.
637 4125 711 4199 997,
738 4123 843 4200 disque
870 4124 1011 4184 tulissent
1037 4123 1163 4184 Plautus
1188 4123 1269 4183 Trin.
1290 4124 1353 4183 833

162 4215 164 4219 '
208 4210 261 4270 alii
275 4212 344 4271 alia.
375 4212 442 4272 Dne
456 4231 495 4272 an
509 4232 525 4273 c
538 4212 677 4273 uidentur
691 4232 754 4274 esse
769 4213 902 4274 ablatiuo
921 4231 993 4274 casn
1010 4212 1117 4290 posita.
1150 4206 1233 4292 [uide
1246 4206 1354 4293 praei]

297 4293 626 4364 377-381.v01ius
654 4302 775 4380 Longus
799 4301 850 4362 GL
868 4303 928 4362 VH
945 4323 974 4380 p.
994 4304 1046 4378 47,
1066 4301 1124 4362 2Κ
1152 4297 1242 4361 ‘Nam
1275 4302 1356 4379 apud

206 4388 357 4449 Lucilium
379 4391 411 4449 in
435 4410 522 4467 nono,
545 4393 577 4451 in
600 4410 659 4469 quo
678 4391 714 4450 de
732 4391 842 4453 litteris
862 4392 1006 4469 disputet,
1029 4410 1131 4453 omnes
1149 4392 1245 4452 uicem
1264 4392 1355 4468 sylla·

206 4478 312 4542 barum
333 4480 470 4557 implent,
493 4499 560 4542 cum
582 4479 657 4541 dicit
679 4475 724 4541 “c
746 4500 778 4542 re
799 4501 860 4541 non
882 4482 1011 4541 multum
1034 4483 1114 4542 abac
1134 4481 1192 4542 hoc
1215 4499 1355 4559 cacosyn-
