3036 5004
231 365 296 432 338
636 365 719 422 xxx
738 388 764 423 u.
787 370 972 424 roeo-roca.

233 537 291 597 010.
310 540 341 596 in
365 538 424 598 Pis.
446 539 486 597 67
513 533 631 598 ‘Graeci
655 540 770 616 stipati,
794 540 879 614 quini
901 539 932 598 in
956 541 1050 615 lectis,
1073 559 1161 617 saepe
1184 541 1297 618 plures:
1320 542 1393 618 ipse

232 623 324 688 solus'
384 628 508 688 Philam.
530 627 664 687 casn
686 629 906 704 11483261(
933 628 1111 706 σκιμπόδιον
1133 629 1171 689 ἲν
1198 628 1247 689 καὶ
1274 627 1394 714 κῴδιον

231 715 282 777 καλ
305 716 436 793 ψιάθιον
460 716 530 789 ἴσως
553 721 711 794 παλαστῆς.
756 720 880 778 restibus
908 724 995 793 optas
1022 723 1125 796 aperte
1148 740 1211 778 rem
1234 719 1393 780 sordidam

231 809 262 866 et
293 806 458 866 obsoletam
488 806 617 866 indicat:
655 808 851 886 elegantiores
888 808 959 868 lecti
1000 808 1128 868 restibus
1162 809 1295 870 auhtenti
1326 829 1393 870 non

231 895 372 955 uidentur
394 896 493 956 fuisse.

324 977 430 1047 1061.
454 985 569 1045 Nonius
592 1005 621 1062 p.
637 987 689 1059 35,
710 987 751 1046 20
776 981 910 1045 ‘Priuum
934 990 980 1047 est
1000 989 1155 1063 proprium
1179 989 1267 1047 unius
1288 988 1392 1049 cuius·

232 1094 303 1152 que;
325 1075 404 1134 unde
422 1078 453 1134 et
470 1094 517 1135 res
534 1074 664 1152 priuata.
705 1075 838 1135 Lucilius
857 1077 908 1135 lib.
923 1076 1006 1135 XXX
1026 1072 1208 1137 “culcitulee
1229 1070 1394 1159 (σιιλοὶλναε

231 1157 400 1247 Leidensis)
420 1211 426 1222 .
443 1211 449 1222 .
465 1212 471 1223 .
489 1159 601 1224 binis’'.
636 1165 716 1224 idem
740 1159 835 1247 (libi
853 1158 954 1247 1150)
979 1161 1164 1226 “abdomina
1187 1169 1274 1226 timui
1298 1170 1393 1244 priua

231 1248 353 1315 dabo’'.'
414 1254 602 1314 Describitur
642 1254 762 1333 grabati
802 1258 925 1315 ornatus
967 1256 1104 1316 sordidus
1145 1260 1176 1316 et
1217 1256 1391 1316 illiberalis.

231 1343 380 1419 Culcitae,
414 1346 466 1420 qui
498 1347 569 1404 sunt
595 1346 655 1403 tori
682 1344 766 1418 lecti,
798 1364 909 1421 paruae
936 1347 1024 1405 erant
1052 1349 1083 1405 et
1105 1347 1263 1424 angustae:
1293 1365 1392 1423 quare

231 1433 448 1492 deminutinnm
481 1433 590 1510 posuit.
645 1431 740 1511 Super
771 1434 826 1493 has
859 1435 995 1507 culcitas,
1028 1435 1132 1511 quales
1159 1435 1207 1493 III
1244 1436 1393 1511 capiebat

231 1523 339 1597 lactus,
367 1524 512 1583 sternitur
538 1524 633 1583 uestis
656 1523 805 1602 stragula,
831 1525 876 1582 ite
898 1527 1000 1584 tamen
1022 1527 1057 1583 ut
1079 1524 1143 1583 bini
1166 1527 1306 1585 centones
1330 1527 1392 1585 im-

5 1612 10 1670 t
90 1606 95 1618 ”
230 1616 382 1689 ponantur
414 1613 540 1690 siugulis
571 1615 654 1673 toris.
707 1610 820 1682 Quibus
852 1613 1027 1673 centonibus
1058 1613 1199 1674 uidelicet
1229 1614 1288 1673 loci
1317 1633 1390 1675 con·

231 1704 370 1761 uiuorum
394 1701 613 1762 indicabantur.
658 1702 749 1761 Recte
778 1705 803 1763 si
833 1703 905 1762 haec
929 1706 1016 1763 erunt
1038 1706 1173 1779 exposita
1196 1722 1246 1763 sex
1269 1706 1303 1762 in
1325 1725 1391 1764 uno

231 1793 308 1851 lecto
332 1791 493 1851 collocatos
516 1793 608 1851 fuisse
627 1794 769 1852 conuiuas
788 1795 920 1869 apparet
964 1792 1081 1852 Culcita
1099 1793 1237 1853 hocloco
1260 1795 1389 1854 minime

231 1881 311 1940 idem
338 1885 384 1941 est
411 1881 490 1957 quod
517 1879 568 1939 lib.
587 1880 634 1939 111
653 1902 680 1940 u.
702 1883 765 1941 138
798 1883 970 1942 nominatur
997 1883 1152 1959 puluinus:
1184 1883 1256 1942 conf
1285 1883 1388 1943 Plaut

230 1969 444 2029 Mostellaria
468 1970 518 2029 ubi
547 1988 649 2030 seruus
677 1972 788 2030 dicitnr
814 1992 868 2048 per
890 1973 1056 2031 conuicium
1081 1973 1123 2031 eri
1147 1972 1300 2032 culcitella
1323 1971 1388 2033 Oia.

231 2060 317 2118 Tusc.
336 2057 383 2118 III
402 2060 443 2118 46
469 2055 667 2119 ‘conlocemus
694 2062 727 2120 in
754 2061 864 2120 culcita
890 2057 1022 2138 plumea’
1052 2060 1118 2121 Seu.
1138 2063 1224 2138 epist.
1246 2063 1321 2137 108,
1342 2065 1386 2122 23

231 2144 365 2209 ‘laudare
397 2148 512 2208 solebat
544 2149 666 2209 Attalus
694 2151 848 2225 culcitam,
880 2170 956 2227 quae
984 2150 1136 2211 resisteret
1162 2153 1294 2228 corporis
1327 2154 1388 2212 tali

230 2242 300 2298 utor
326 2240 418 2299 etiam
446 2257 547 2314 senex,
574 2239 606 2297 in
634 2258 693 2315 qua
721 2241 883 2318 uestigium
912 2259 1055 2317 apparere
1082 2260 1142 2300 nou
1172 2235 1278 2317 possit'
1302 2241 1387 2301 idem

231 2330 316 2404 epist.
337 2329 426 2403 87,2
452 2329 664 2404 pauperculam
692 2347 794 2389 cenam
822 2329 965 2389 describit
989 2324 1111 2390 ‘culcita
1138 2332 1170 2388 in
1192 2333 1274 2389 terra
1296 2331 1387 2408 iacet,

230 2436 285 2494 ego
317 2419 350 2476 in
381 2418 498 2476 culcita.
550 2437 585 2477 er
617 2418 734 2477 duabus
765 2420 901 2494 paenulis
938 2419 1035 2479 altera
1071 2420 1250 2497 stragulum,
1287 2420 1388 2480 altera

230 2508 414 2583 opertorium
446 2507 542 2566 facta·
560 2508 612 2566 est.
663 2507 699 2567 de
731 2508 857 2584 prandio
885 2507 962 2567 nihil
992 2508 1109 2567 detrahi
1135 2504 1247 2585 potuit'
1277 2527 1302 2567 a.
1317 2529 1345 2585 q.
1361 2529 1386 2569 s.

233 2594 318 2655 Vnde
341 2599 469 2673 apparet
490 2615 605 2672 corpus,
629 2616 689 2657 non
712 2597 845 2658 cubitum
868 2598 940 2673 poni
959 2599 995 2656 'in
1017 2599 1136 2658 culcita.

322 2677 429 2746 1062.
452 2686 568 2745 Nonius
596 2706 625 2762 p.
641 2687 697 2762 83,
713 2688 753 2746 12
783 2681 897 2747 ‘Garios
925 2689 971 2748 est
998 2690 1141 2748 uetustas.
1248 2687 1385 2749 Lucilius

229 2774 280 2834 lib.
296 2776 377 2834 XXX
401 2769 539 2849 “ploudo
561 2794 621 2835 una
640 2779 686 2836 est
703 2776 827 2852 pedibus
847 2778 971 2837 cariosis
988 2772 1235 2837 memoriam?
1273 2778 1386 2838 claudo

229 2868 309 2925 recte
333 2863 474 2925 Guietus:
497 2867 541 2925 ita
564 2882 635 2939 orpo
657 2885 712 2942 pro
737 2865 811 2926 Oreo
834 2859 899 2948 (lib.
914 2864 1013 2926 XXVI
1031 2887 1060 2925 u.
1076 2860 1156 2948 663)
1179 2885 1225 2944 ap.
1249 2867 1385 2927 Nonium

230 2975 259 3030 p.
270 2956 345 3029 283,
365 2957 416 3029 25,
441 2957 561 3028 erepitco
584 2973 638 3031 pro
658 2956 781 3015 ινοσθιιο
803 2976 832 3032 p.
849 2958 922 3030 290,
943 2958 992 3016 17.
1034 2956 1121 3016 Hom.
1140 2978 1160 3016 υ
1185 2959 1247 3016 259
1272 2956 1386 3033 δίφρον

229 3040 373 3104 ἀεικέλιον
405 3041 545 3115 καταθεὶς
577 3039 681 3124 ὀλίγην
712 3066 741 3104 τε
769 3043 921 3124 τράπεζαν.
972 3046 1076 3106 Mensa
1102 3046 1157 3104 illa
1184 3049 1215 3105 et
1242 3049 1328 3106 uetus
1353 3052 1386 3106 et

230 3135 318 3192 nimis
347 3136 412 3192 erat
441 3136 583 3211 angusta:
615 3133 750 3211 pluribus
783 3136 862 3193 enim
895 3154 969 3211 opus
1002 3141 1074 3195 erat.
1120 3134 1238 3214 Philon
1259 3134 1385 3196 δεῖπνον

230 3221 315 3282 PLG
338 3222 384 3281 ΠΙ
411 3242 440 3298 p.
461 3223 540 3297 601,
566 3223 620 3281 213
657 3222 698 3296 εἰς
735 3214 764 3282 δ’
789 3222 897 3301 ἔφερον
934 3222 1190 3296 druides-acideo
1226 3228 1384 3303 λιπαρῶπα

231 3310 384 3390 τράπεζαν,
402 3308 487 3391 ἄμμι,
505 3309 607 3392 ἑτέραν
625 3306 654 3371 δ’
670 3310 788 3392 ἑτέροις,
807 3309 889 3373 ἄλλοι
908 3305 936 3373 d’
952 3311 1053 3393 ἑτέραν
1071 3311 1153 3392 μέχρι
1170 3305 1207 3375 οὗ
1221 3312 1384 3394 πλήρωσαν

230 3393 325 3461 οἷκον·
340 3399 387 3460 ταὶ
402 3397 433 3460 δὲ
448 3399 522 3481 πρὸς
535 3399 721 3481 ὑψιλύχνους
731 3400 864 3482 ἔστιλβον
873 3401 967 3483 αὐγὰς
976 3401 1152 3481 εὐστέφανοι
1161 3402 1297 3475 λεκάναις
1306 3407 1384 3464 κτλι

230 3492 301 3550 conf
322 3491 360 3549 ad
381 3490 432 3549 lib.
447 3491 503 3549 XX
520 3511 549 3550 u.
567 3492 640 3550 568.

321 3571 427 3642 1063.
457 3580 572 3641 Nonius
600 3601 627 3657 p.
644 3582 699 3655 96,
725 3585 766 3642 10
791 3576 1009 3656 ‘Deblaterare,
1037 3582 1172 3658 obloqui,
1205 3582 1383 3660 confingere.

229 3668 365 3730 Lucilius
396 3670 447 3730 lib.
466 3670 548 3729 XXX
580 3663 650 3752 (XX
668 3664 707 3753 G)
732 3666 945 3731 “deblaterant
971 3673 1098 3748 plennus
1125 3671 1221 3732 bonus
1252 3674 1384 3733 rusticus

229 3760 360 3820 conciuit
392 3755 497 3821 una’'.'
539 3760 623 3820 Paul.
646 3759 724 3819 Fest.
749 3763 819 3837 epit.
842 3780 872 3837 p.
893 3763 932 3820 72
967 3755 1172 3820 ‘Dablaterare
1211 3765 1258 3822 est
1288 3761 1383 3822 stulte

229 3849 320 3924 loqui.
352 3849 432 3909 Nam
451 3848 558 3909 Graeci
575 3848 685 3928 βλᾶκας
703 3850 813 3910 stultos
832 3846 1008 3927 appellant'.
1045 3851 1236 3911 chlaterare
1256 3850 1383 3911 uerbum

229 3941 319 4013 poeta
341 3958 376 3997 ex
399 3938 508 3997 Plauto
532 3940 659 4015 sumpsit
681 3937 731 4014 qui
755 3940 824 3998 Aul.
845 3940 908 3998 268
933 3934 997 3999 ‘ubi
1019 3943 1054 3999 tu
1077 3959 1107 4000 es
1136 3943 1189 4016 qui
1215 3939 1382 4000 deblatera-

228 4029 302 4087 uisti
338 4027 399 4088 iam
435 4027 542 4087 uicinis
579 4028 715 4088 omnibus
751 4047 835 4088 meae
871 4048 918 4088 me
954 4029 1034 4088 filiae
1070 4029 1211 4089 daturum
1246 4027 1381 4089 dotem‘?'

230 4117 352 4176 bleranus
370 4116 487 4177 Iunius:
511 4116 590 4194 quod
608 4116 788 4177 uocabulum
805 4119 879 4177 item
897 4122 943 4179 est
960 4119 1145 4177 Plautinum:
1169 4119 1276 4179 Bacch.
1294 4120 1381 4180 1088

230 4198 329 4265 ‘stulti
352 4207 467 4283 stolidi,
490 4207 570 4267 fatui
593 4207 692 4286 fungi,
715 4206 801 4266 bardi
822 4206 925 4267 blenni
942 4205 1107 4268 buccones’.
1141 4206 1220 4268 Ocni
1231 4207 1339 4268 GGFI
1362 4214 1379 4270 l

229 4315 257 4371 p.
275 4296 347 4363 113,
373 4298 436 4355 119
461 4295 590 4355 Kcibelii
618 4289 785 4378 βλεν(ν)όν·
814 4294 866 4356 τὸν
892 4301 980 4376 νωθῆ
1008 4294 1058 4356 καὶ
1086 4295 1193 4374 μωρόν.
1240 4296 1383 4378 Σώφρων

228 4378 300 4461 (καὶ
328 4377 507 4465 Ἐπίχαρμος
543 4386 604 4445 odd
635 4381 802 4464 Baebius>
839 4388 1004 4466 Προμηθεῖ
1036 4385 1204 4461 Hesychius
1241 4387 1381 4466 βλενν6ν’

228 4477 316 4550 νωθῆ
339 4472 447 4549 μωρόν.
488 4474 647 4534 Hominem
671 4476 724 4550 qui
746 4493 853 4552 parurn
876 4475 916 4536 sit
939 4478 1093 4535 emunctae
1117 4475 1198 4536 naris
1217 4476 1278 4536 dici
1295 4479 1384 4554 patet
