3060 5010
662 348 702 404 ΠΙ
718 368 745 405 u.
767 355 825 406 144.
1274 354 1319 421 69

167 520 275 596 positis
297 517 454 579 incudibus
482 514 623 579 antrum'.
668 519 822 581 susumus
847 522 1002 583 stricturae
1029 524 1099 582 sunt
1124 522 1220 602 igitur
1247 525 1320 585 feni

167 627 267 670 massa
290 611 344 668 aut
366 627 401 668 ea
424 627 502 684 quae
524 609 592 668 lacu
616 609 732 670 ienuda
754 611 905 690 tinguitur
927 612 981 670 aut
1003 629 1038 671 ea
1060 631 1138 689 quae
1161 634 1177 673 e
1201 616 1317 675 camino

167 698 294 759 candida
325 700 388 758 exit
418 697 507 759 sicuti
540 696 658 759 Gallim.
690 698 811 775 scripsit
841 700 943 777 hymn.
974 700 1062 760 Dian.
1083 703 1125 761 60
1157 697 1178 782 ἦ
1210 701 1318 783 χαλκὸν

166 787 280 858 ζείοντα
305 784 471 866 καμινόθεν
497 783 533 866 ἠὲ
561 787 685 868 σίδηρον
712 785 875 868 &puocatis
902 789 1083 863 τετυπόντες.
1129 790 1251 853 Seruius
1279 793 1318 852 cd

166 877 363 956 Vergilia.
393 872 545 938 ‘strictura
573 881 618 938 est
645 880 726 938 terra
753 880 825 938 ferri
856 881 888 938 in
920 897 1050 941 massam
1081 877 1206 958 coacta',
1237 881 1316 943 idem

166 966 205 1027 ed
222 967 249 1026 X
271 969 309 1027 17
315 969 334 1026 4
358 966 394 1026 de
416 966 484 1025 Ilua
506 967 606 1027 insula
625 961 732 1028 ‘Varro
755 970 786 1027 et
806 967 890 1028 aliud
908 969 991 1045 dicit
1013 971 1096 1031 nasci
1114 970 1234 1047 quidem
1252 972 1317 1032 illio

165 1057 291 1133 ferrum,
322 1056 375 1117 ssd
400 1058 433 1116 in
461 1057 633 1116 stricturam
660 1076 720 1117 non
746 1076 833 1134 posse
860 1059 927 1138 cogi
958 1058 1018 1120 nisi
1048 1061 1253 1122 transuectum
1284 1061 1315 1120 in

164 1142 374 1223 Populoniam'
399 1164 477 1223 quae
495 1144 605 1206 Graece
623 1147 669 1206 ita
687 1146 764 1206 dixit
782 1146 890 1208 Strabo
909 1147 937 1205 V
959 1169 989 1226 p.
1009 1151 1073 1209 223
1093 1147 1204 1231 οὐγὰρ
1223 1149 1315 1211 δύνα-

165 1256 212 1295 ται
234 1227 266 1316 (ὁ
290 1227 426 1316 σίδηρος)
450 1235 695 1297 commiseram
717 1236 949 1315 καμινενόμενος
971 1234 1004 1297 ἐν
1025 1245 1061 1322 τῇ
1085 1236 1178 1324 νήσῳ,
1201 1240 1315 1318 κομίζε-

164 1346 211 1384 ται
239 1319 267 1384 d’
296 1322 391 1398 εὐθὺς
418 1322 451 1385 ἐκ
478 1333 537 1384 τῶν
566 1324 713 1403 μετάλλων
739 1324 783 1398 εἰς
809 1322 865 1404 τὴν
891 1323 1023 1408 ἤπειρον.
1073 1327 1152 1389 Item
1184 1329 1220 1389 de
1247 1330 1315 1390 ilua

164 1414 257 1473 uuus.
280 1413 400 1475 Namat.
419 1414 435 1472 I
453 1415 516 1473 352
547 1409 619 1490 ‘qua
645 1414 721 1474 nibil
749 1415 870 1477 uberius
896 1416 1008 1478 Norica
1034 1417 1122 1496 gleba
1150 1418 1224 1477 tulit
1254 1439 1315 1479 non

163 1504 283 1563 Biturix
305 1504 391 1582 largo
414 1504 515 1581 potior
536 1505 679 1564 strictura
697 1504 814 1565 camino
832 1524 887 1566 nec
904 1524 981 1582 quae
1001 1506 1164 1568 Sardonico
1183 1510 1314 1587 caespite

163 1611 262 1654 massa
284 1589 372 1653 fluit'.
417 1593 503 1652 Vnde
525 1593 706 1654 uocabulum
729 1594 916 1656 ductum‘sit
938 1595 1062 1656 dubium
1084 1600 1142 1658 est:
1164 1598 1257 1657 refert
1277 1598 1314 1659 de

163 1683 288 1744 diuersis
311 1682 468 1762 generibus
496 1683 569 1743 ferri
591 1683 708 1743 Plinius
731 1686 792 1743 nat.
816 1685 885 1745 hist.
904 1685 1030 1745 XXXIV
1050 1689 1113 1747 143
1143 1682 1314 1749 ‘stricturae

163 1775 308 1832 uocantur
330 1773 387 1832 hae
409 1792 519 1848 omnes,
542 1773 622 1850 quod
642 1792 702 1835 non
719 1774 751 1832 in
771 1773 838 1834 aliis
856 1775 997 1850 metaliis,
1020 1775 1231 1856 astringenda
1249 1778 1313 1838 acie

162 1862 308 1924 uocabulo
328 1857 492 1940 imposito’:
515 1863 636 1924 strictos
654 1863 760 1924 incude
780 1861 907 1925 Catones
927 1865 1061 1942 appellat
1079 1865 1181 1926 Manil.
1195 1866 1224 1924 V
1240 1869 1311 1929 106.

161 1951 235 2013 Inde
257 1955 392 2030 apparet,
416 1972 460 2027 ea,
482 1971 559 2029 quae
578 1953 694 2013 Nonius
713 1955 744 2014 et
761 1953 940 2033 glossarium
959 1954 994 2014 de
1013 1954 1152 2016 scintillis
1170 1956 1312 2032 referunt,

162 2061 197 2100 ex
217 2041 328 2103 Lucilii
349 2060 437 2102 uersu
460 2061 552 2118 praue
576 2042 728 2104 intellecto
752 2044 850 2104 bactu
867 2061 932 2105 esse
950 2063 1018 2104 cum
1034 2044 1067 2105 in
1086 2064 1120 2105 eo
1139 2063 1228 2106 uersu
1245 2049 1312 2106 stri·

161 2135 260 2192 cese
281 2130 362 2192 idem
385 2131 425 2192 sit
445 2134 536 2207 atque
560 2131 640 2208 quod
662 2134 798 2209 sequitur
815 2134 934 2207 foueas
950 2135 1072 2208 furam.
1116 2133 1312 2212 comparauit

160 2223 230 2298 post
247 2221 380 2282 Nonium
397 2220 559 2300 Vargesius
577 2222 676 2282 locum
694 2221 822 2301 Vergilii
841 2240 863 2283 s.
882 2241 904 2283 s.
924 2224 988 2283 416
999 2241 1080 2301 seqq.
1101 2218 1211 2286 ‘insula
1230 2223 1310 2286 Sica·

160 2312 244 2370 nium
266 2310 352 2371 iuxta
374 2312 455 2371 latus
477 2310 674 2388 Aeoliamque
696 2313 823 2391 erigitur
845 2311 984 2389 liparen,
1006 2314 1192 2375 fumantibus
1215 2315 1311 2375 ardua

160 2401 253 2461 saxis:
276 2420 367 2477 quam
390 2400 493 2461 subter
515 2419 619 2479 specus
643 2403 674 2461 et
692 2400 855 2478 Cyclopum
878 2421 965 2462 exesa
988 2403 1112 2464 caminis
1131 2405 1220 2464 antra
1237 2403 1309 2464 Aet·

160 2508 236 2550 nasa
262 2493 383 2567 tonant,
410 2490 563 2568 ualidique
591 2490 748 2552 incudibus
774 2492 852 2552 ictus
880 2492 977 2552 auditi
1004 2493 1140 2553 referunt
1162 2495 1310 2572 gemitum

160 2578 349 2657 striduntwe
386 2581 521 2642 cauernis
558 2580 717 2641 stricturae
754 2578 921 2659 Chalybum
957 2584 989 2641 et
1024 2580 1194 2644 fornacibus
1230 2583 1309 2662 ignis

159 2665 292 2730 anhelat’
321 2669 558 2747 Lipararumque
585 2670 637 2731 ille
659 2671 769 2730 statuit
792 2670 919 2731 describi
942 2690 961 2732 a
982 2672 1073 2748 poeta
1100 2690 1204 2747 unam,
1231 2691 1309 2749 quae

158 2758 252 2820 Hiera
270 2758 394 2820 dicitur:
413 2759 524 2820 maluit
540 2759 658 2820 credam
672 2759 862 2821 Fbanclrenus
876 2759 992 2821 Aetnae
1009 2759 1155 2822 miracula
1170 2760 1248 2821 libro
1262 2761 1309 2821 ΙΠ

159 2848 307 2926 descripta
329 2868 392 2911 csse
415 2867 434 2909 a
456 2849 572 2910 Lucilio
596 2850 842 2927 comparauitque
865 2852 990 2927 uterque
1013 2869 1090 2927 quas
1117 2849 1227 2910 dioitm
1253 2851 1307 2910 mi·

158 2940 240 2999 noris
267 2937 377 2999 Lucilii
403 2939 532 3001 Aetnam
554 2959 604 2998 uu.
629 2940 785 3016 bbiseqq.
835 2938 894 2998 Sed
925 2938 1109 3017 probabilius
1136 2939 1307 3020 Vargesius.

158 3028 235 3088 Nam
260 3027 385 3105 Liparas
407 3031 554 3090 memorat
575 3033 666 3106 posta
687 3049 715 3088 u.
737 3031 814 3089 104:
843 3047 917 3106 ques
942 3029 969 3089 si
996 3048 1056 3091 non
1082 3028 1220 3105 uidisset,
1248 3048 1308 3090 non

158 3122 351 3179 memorasset
372 3118 426 3179 illo
445 3137 542 3192 uersu,
564 3118 694 3179 Aetnam
713 3119 739 3178 si
757 3118 892 3193 uidisset,
914 3117 1053 3180 lubenter
1071 3120 1177 3196 opinor
1194 3121 1213 3179 l.
1233 3138 1256 3181 s.
1275 3120 1307 3181 in

157 3206 235 3268 libro
257 3210 327 3284 post
348 3210 407 3269 iter
429 3208 543 3268 iactum
565 3209 729 3285 composito
752 3210 952 3271 memorasset.
988 3208 1037 3268 Ad
1059 3209 1203 3271 scinthe
1220 3228 1306 3271 uoca-

156 3295 261 3356 bulum
279 3298 352 3358 coni
367 3297 483 3358 Lucret.
502 3297 546 3358 VI
561 3298 625 3357 644
644 3298 681 3358 de
699 3297 799 3359 Aetna
818 3294 944 3358 ‘timida
962 3317 1030 3359 oum
1048 3298 1124 3359 caeli
1142 3298 1306 3360 scintillare

157 3386 259 3446 omnia
275 3387 390 3464 templa
408 3389 559 3448 cernentes
577 3387 689 3464 pauida
707 3388 897 3465 complebant
909 3392 1032 3466 pectora
1045 3383 1128 3449 cura'
1144 3391 1174 3449 et
1187 3408 1306 3449 carmen

158 3474 194 3534 de
211 3475 311 3538 Aetna
330 3497 358 3535 u.
379 3478 442 3536 505
468 3471 588 3536 ‘emicat
611 3495 734 3537 examen
757 3477 867 3557 plagis:
893 3477 1031 3538 ardentia
1053 3496 1126 3538 saxa
1144 3469 1306 3561 (scintillas

157 3567 261 3642 procul
280 3584 342 3627 esse
360 3565 441 3642 fides,
459 3567 564 3642 procul
582 3584 645 3627 esse
662 3559 856 3647 ru<b>antes)
875 3568 1020 3629 incolumi
1036 3569 1154 3628 feruore
1173 3563 1304 3628 cadunt’.

157 3652 266 3715 Lucilii
292 3654 386 3715 uerba
413 3654 561 3733 quomodo
589 3656 768 3718 sententiam
795 3658 907 3717 iustam
939 3656 1090 3718 effecerint
1119 3675 1180 3717 non
1211 3660 1304 3735 patet.

157 3743 284 3805 Videtur
306 3744 416 3806 dixisse
438 3747 538 3822 poeta:
570 3747 652 3807 uisus
675 3749 721 3808 est
742 3764 839 3824 uapor
860 3748 966 3824 igneus
989 3747 1021 3807 in
1048 3765 1165 3808 summo
1192 3749 1304 3807 uertice

155 3835 267 3895 montis
290 3835 342 3910 qui
365 3834 424 3894 suit
447 3834 565 3895 crebrae
588 3838 625 3895 ut
647 3835 796 3897 scintillae
820 3835 923 3912 quales
945 3838 978 3897 in
1001 3836 1165 3911 striaturis,
1192 3835 1224 3896 in
1246 3836 1303 3896 ier·

156 3925 241 3982 uenti
266 3924 346 3984 ferro
378 3925 504 3985 exiliunt
540 3943 608 3985 oum
644 3924 729 3984 faber
759 3925 902 3987 ferrariis
935 3943 1066 3987 massam
1097 3923 1255 3985 candidam
1287 3944 1304 3984 e

155 4012 272 4072 camino
299 4014 449 4091 prolatam
475 4013 508 4074 in
539 4013 646 4075 incude
677 4014 818 4075 collocat:
850 4014 977 4075 exiliunt
1003 4014 1083 4074 anim
1112 4013 1260 4074 scintillae
1288 4033 1303 4075 e

155 4102 234 4162 ferro
257 4102 383 4164 candido
406 4104 525 4166 etiamsi
547 4103 657 4165 malleo
679 4123 739 4164 non
762 4104 896 4164 feriatur.
941 4104 987 4164 De
1014 4103 1091 4179 quod
1114 4120 1208 4178 pctus
1234 4103 1306 4166 conf

156 4189 343 4254 Woelfflinus
384 4193 496 4255 archia.
523 4193 608 4254 lexic.
630 4192 698 4255 Lat.
716 4193 745 4249 V
765 4194 851 4253 1888
874 4214 903 4270 p.
924 4194 987 4254 392
1031 4188 1172 4254 ‘feruenti
1212 4195 1304 4270 caput

156 4281 287 4342 ustulare
310 4278 400 4344 ferro'
424 4282 524 4360 Priap.
543 4282 623 4343 XLV
644 4283 705 4342 213.
742 4281 853 4353 Quodsi
876 4284 957 4343 recte
977 4280 1137 4361 Vargssius
1157 4282 1195 4342 ad
1213 4281 1303 4360 Lipa-

155 4388 256 4431 rarum
275 4373 406 4432 crateras
423 4373 591 4451 ignicomos
609 4371 729 4434 rettulit
745 4373 955 4450 bumannum,
972 4372 1103 4433 insulam
1120 4390 1196 4449 quae
1210 4372 1304 4434 Hiera

156 4459 366 4522 nominabatur
387 4463 610 4538 praeteruectus
632 4464 678 4523 est
699 4464 797 4540 poeta
838 4460 918 4522 Nam
939 4460 1115 4523 Palicanum
1138 4480 1206 4522 eum
1227 4463 1303 4522 tam
