3030 5002
605 371 630 429 Il
648 393 675 430 u.
696 375 808 427 ao-ol.
1229 367 1269 436 31

126 546 335 623 pronuntient,
364 544 434 603 dum
458 544 521 622 ipse
544 546 642 620 capite
665 545 807 604 obuoluto
830 543 967 620 profugit
989 544 1071 601 ueste
1099 545 1130 601 et
1157 542 1275 601 nomine

127 638 252 696 mutato.
290 633 354 704 Quo
377 634 474 712 magia
496 633 528 692 id
546 633 684 694 credatur
702 653 804 693 uerum
824 651 896 707 esse,
919 632 1012 690 alium
1030 632 1180 690 hominem
1198 650 1275 690 mor-

125 729 212 786 tuum
244 726 388 785 exornant
420 727 451 783 et
481 725 514 782 in
546 724 623 784 lecto
656 723 804 783 collocant
835 722 920 799 quasi
952 724 992 780 eit
1021 724 1108 796 pater
1135 719 1275 779 familiae.

127 815 243 890 Fletur,
275 815 415 873 cantatur
441 813 543 887 nenia,
575 830 681 889 corpus
713 811 834 870 effertur
865 813 896 870 et
926 813 959 869 in
990 812 1097 886 capulo
1129 809 1275 870 conditur.

127 905 252 964 Interim
276 921 377 962 rumor
399 903 426 960 it
448 901 582 961 taudem
606 920 668 961 esee
691 903 802 961 tactam
826 919 844 959 a
867 901 1057 977 propinquis:
1084 898 1276 959 subditicium

128 997 159 1053 et
180 994 290 1052 falsum
311 994 399 1051 funus
424 1009 488 1053 ease.
510 992 631 1050 tactum.
677 991 735 1051 Res
758 989 891 1049 defertur
913 988 952 1048 ad
974 990 1198 1067 magistratum:
1223 990 1276 1064 qui

127 1081 288 1143 Hortensio
317 1081 436 1140 cuidam
464 1084 494 1139 et
521 1080 675 1139 Postumio
703 1082 737 1138 ut
764 1079 800 1138 de
829 1080 885 1138 hac
917 1098 949 1137 re
982 1077 1102 1138 arbitris
1134 1076 1276 1138 adhibitis

131 1178 293 1249 quaeratur
314 1170 450 1246 imperat.
496 1167 644 1239 Quicum
668 1170 808 1246 capulum
831 1167 919 1228 effodi
946 1169 1114 1240 iussissent,
1140 1167 1277 1226 effossum

128 1260 299 1322 recludunt:
327 1257 433 1318 arbitri
457 1259 508 1334 qui
536 1260 696 1337 profugum
723 1259 810 1318 illum
837 1258 911 1317 bene
939 1260 1049 1316 norant
1072 1255 1207 1316 fraudem
1234 1256 1278 1314 ta-

128 1352 208 1409 ctam
232 1368 294 1408 ease
318 1352 491 1426 agnoscunt.
537 1348 598 1426 Agi
625 1352 681 1407 aut
707 1347 744 1407 de
772 1348 891 1407 homine
917 1346 1026 1405 humili
1053 1347 1118 1405 loco
1146 1348 1218 1405 nato
1247 1349 1278 1404 et

132 1457 263 1516 paupere
286 1442 340 1497 aut
362 1437 398 1497 de
420 1456 453 1496 re
476 1441 561 1498 extra
582 1437 705 1498 Italiam
731 1440 816 1516 gesta
842 1436 912 1496 inde
939 1439 1037 1513 petet,
1065 1434 1144 1511 quod
1171 1454 1278 1511 corpus

130 1530 194 1588 eius
220 1547 281 1588 non
309 1527 496 1587 combustum
525 1527 576 1586 sed
606 1529 756 1604 sepultum
788 1543 851 1587 ease
882 1526 1010 1586 retertur
1039 1519 1278 1607 (Marquardtiua

129 1617 247 1677 Mauiue
270 1617 306 1677 de
329 1618 395 1676 uita
416 1619 493 1692 priu.
512 1637 540 1693 p.
561 1616 595 1675 R.
618 1637 647 1694 p.
667 1613 754 1694 376).

219 1700 278 1767 62.
302 1706 417 1765 Nonius
440 1727 469 1783 p.
491 1708 563 1773 102,
585 1708 602 1764 7
628 1702 805 1764 ‘Excantare
824 1705 973 1782 significat
992 1703 1153 1763 excludere.
1189 1702 1280 1761 Plau-

130 1799 179 1855 tus
202 1795 400 1856 Bacchidibus
424 1787 497 1876 (34)
522 1790 629 1868 “ιιιιιι,
652 1794 753 1869 credo,
776 1795 872 1855 cuiuis
895 1798 1051 1853 excantare
1073 1812 1124 1853 cor
1146 1788 1277 1868 potest'’.

130 1884 265 1945 Lucilius
287 1887 456 1961 eatymrum
480 1883 531 1944 lib.
549 1883 581 1942 Π
605 1879 706 1960 “quae
729 1903 783 1962 ego
801 1902 880 1944 nunc
897 1881 1023 1943 detritio
1047 1929 1097 1940 ...
1121 1877 1278 1942 excanto''.

131 1976 228 2035 Varro
247 1973 461 2034 Eumenidibua
484 1965 613 2055 (15113)
638 1968 714 2032 “ubi
741 1973 845 2032 uident
872 1992 903 2033 se
926 1972 1074 2032 canmndo
1097 1992 1133 2031 ex
1155 1990 1209 2030 ara
1231 1991 1279 2030 ex·

131 2068 253 2126 cantare
275 2082 335 2123 non
358 2081 458 2140 posse,
485 2063 620 2140 deripere
643 2058 835 2140 incipiunt'’.'
883 2059 993 2122 Orator
1016 2063 1133 2121 monuit
1159 2060 1280 2136 iudices,

132 2159 167 2214 ιιι
189 2157 305 2214 attenta
328 2153 454 2213 audiant
477 2171 525 2228 ea,
553 2172 630 2228 quae
656 2171 719 2212 sese
747 2152 820 2212 dicit
848 2154 1071 2212 occentaturum
1097 2152 1169 2211 teeti
1195 2168 1280 2228 prae·

132 2246 211 2304 senti
233 2241 364 2302 Aemilio
387 2246 477 2318 atque
500 2261 536 2301 ea
559 2261 636 2318 quae
654 2245 689 2300 ut
707 2241 808 2302 debita
825 2260 966 2318 responsa
984 2244 1156 2301 exacturum
1175 2259 1191 2299 e
1209 2240 1281 2299 testi

134 2325 209 2410 (Cic.
232 2331 269 2391 de
291 2332 368 2409 legg.
388 2330 403 2390 I
424 2334 452 2405 1,
472 2322 507 2413 4)
530 2333 562 2390 et
584 2334 811 2391 exceptaturum
834 2350 896 2391 cese
919 2349 951 2391 ee
973 2330 1140 2406 pollicetur.
1167 2329 1281 2405 ‘Itaque

133 2419 266 2480 Lucilius
290 2423 447 2480 excantare
469 2423 596 2496 usurpat
617 2421 673 2480 hoc
696 2421 761 2479 loco
785 2420 821 2479 de
845 2420 931 2480 dietis
955 2438 1031 2495 quae
1055 2438 1090 2478 ex
1118 2438 1168 2478 ore
1194 2420 1281 2478 testis

133 2510 327 2569 extrahantur
349 2511 385 2568 ιιι
406 2527 457 2569 aaa
480 2508 614 2568 debitum
637 2530 703 2569 cum
726 2510 823 2568 Varro
841 2509 860 2567 l.
880 2528 902 2568 s.
926 2512 957 2568 et
974 2509 1108 2584 Propert.
1126 2507 1174 2568 ΙΠ
1193 2510 1222 2582 3,
1238 2509 1279 2566 49

135 2594 181 2658 ‘ut
201 2618 256 2675 per
283 2602 313 2657 te
341 2599 456 2659 clausae
485 2601 561 2659 aciat
587 2603 744 2659 excantare
770 2594 896 2675 puellaa'
925 2597 1048 2658 uerbum
1075 2596 1219 2656 adhibeat
1245 2596 1282 2654 de

133 2690 268 2766 personia
292 2690 343 2763 qui
366 2692 560 2748 emoueantur
587 2709 603 2747 e
630 2689 695 2748 loco
723 2688 860 2764 quodam.
907 2688 948 2746 Et
974 2687 1149 2764 praecantat
1176 2690 1207 2746 et
1234 2705 1281 2745 ex-

134 2781 237 2837 cantat
260 2780 369 2854 orator,
392 2778 463 2854 quia
485 2781 593 2838 testem
610 2781 646 2837 ut
663 2779 791 2836 inuicem
809 2777 987 2852 respondeat
1004 2775 1103 2836 uerbis
1122 2777 1184 2835 anie
1202 2794 1282 2835 com-

136 2885 255 2926 mouere
278 2870 377 2943 potest
398 2870 554 2944 tamquam
577 2870 667 2928 cautu
689 2867 814 2945 magico.
855 2865 900 2925 De
922 2868 1083 2943 praecauto
1107 2863 1198 2925 uerbo
1217 2882 1282 2923 uer·

135 2976 183 3016 eus
207 2956 265 3015 fine
287 2955 410 3017 ὥιοιιιο
433 2958 504 3017 conf
523 2956 611 3016 indic.
635 2973 759 3034 gramm
779 2974 802 3015 s.
820 2975 848 3014 u.
868 2957 979 3016 tmesis

225 3038 286 3107 64.
313 3045 429 3106 Nonius
455 3065 485 3122 p.
506 3047 579 3120 261,
600 3047 640 3105 26
675 3041 882 3105 ‘Circumferre
914 3048 960 3103 est
989 3046 1110 3121 proprie
1146 3044 1283 3102 lustrare.

136 3135 269 3195 Lucilius
297 3138 466 3212 satyranim
488 3135 539 3194 lib.
558 3135 589 3194 Π
614 3130 704 3195 “tum
732 3136 809 3209 facto
836 3136 936 3194 memo
961 3138 1030 3193 sunt
1058 3128 1284 3193 circumlatue'’.

135 3224 261 3285 Plautus
288 3226 320 3283 in
348 3223 535 3301 Amtitrycne
562 3217 659 3307 (775)
688 3220 780 3283 “iube
811 3224 901 3283 iatam
933 3242 988 3299 pro
1019 3225 1128 3283 cerrita
1159 3223 1283 3294 circum·

136 3309 240 3374 terri”.
277 3314 428 3392 Vergilius
451 3314 501 3373 lib.
520 3314 564 3372 vl
587 3306 683 3396 (229)
708 3309 798 3374 ‘idem
820 3315 868 3372 ter
890 3314 984 3372 socios
1007 3331 1084 3388 pura
1101 3312 1285 3372 circumtulit

136 3399 261 3464 unda'’.’
299 3401 364 3473 Quo
387 3404 452 3462 loco
475 3402 601 3463 adnotat
624 3401 758 3463 Seruius:
783 3396 990 3481 ‘circumtulit]
1012 3404 1163 3480 purgauit.
1196 3401 1283 3460 Anti·

137 3512 228 3568 quum
251 3491 375 3551 uerbum
398 3495 450 3553 est
487 3492 612 3552 Plautus
637 3487 715 3569 “pro
737 3493 855 3551 laruato
878 3495 908 3551 te
926 3485 1167 3568 circumferam''‚
1190 3490 1285 3550 idest

136 3578 292 3660 purgabo?
330 3580 478 3652 Quattuor
500 3582 547 3642 hia
566 3582 640 3641 locis
658 3581 710 3640 ubi
728 3580 907 3641 uocabulum
926 3583 1112 3656 oirmoaferre
1129 3582 1285 3640 inuentum

138 3674 192 3746 eet,
213 3671 356 3746 homines,
379 3689 438 3729 non
462 3689 508 3731 rea
530 3670 673 3730 lustratos
696 3688 758 3730 esse
780 3669 924 3729 ιιιᾶιιιιιι
946 3689 1039 3746 quare
1060 3672 1140 3730 recte
1159 3668 1234 3730 codd
1252 3671 1285 3727 in

138 3780 166 3819 u.
189 3758 298 3819 Lucilii
326 3761 526 3829 circumlatus,
558 3778 624 3818 cum
656 3764 725 3818 ssent
755 3762 928 3836 corruptum
960 3759 1012 3820 ait:
1045 3759 1158 3820 accedit
1184 3778 1211 3815 u.
1241 3758 1283 3816 65

139 3845 296 3909 ‘lustratam
328 3844 439 3929 piatua'
473 3851 526 3925 qui
556 3851 601 3908 ita
632 3851 667 3907 ut
698 3848 862 3908 iudicemus
894 3867 946 3908 nce
976 3848 1138 3925 compellit.
1190 3847 1285 3906 Facto

138 3941 247 4007 mania,
268 3938 453 4015 scripsimus:
480 3938 623 3998 similiter
641 3939 703 3997 iam
725 3937 890 3997 Bccharum
912 3936 1001 3997 uideo
1024 3936 1131 3996 Philcl.
1150 3936 1178 3992 V
1198 3936 1284 3996 1850

138 4048 167 4104 p.
189 4028 252 4087 735
280 4028 444 4106 scripsisse,
476 4047 544 4088 cum
572 4048 619 4086 uu.
645 4028 696 4086 64.
721 4028 762 4086 66
794 4029 827 4086 in
859 4047 950 4086 unum
983 4026 1061 4085 mdo
1092 4024 1287 4085 confunderet

140 4112 232 4176 ‘tacta
255 4116 331 4175 'lhun
354 4117 468 4191 omnia,
495 4134 561 4175 sum
583 4117 787 4191 circumlatus,
814 4116 958 4176 lustratus
985 4109 1106 4191 piatus'.
1151 4113 1285 4173 Verbum

139 4205 359 4266 substantiuum
381 4208 524 4265 omissum
547 4209 593 4265 eat
617 4209 652 4264 ut
679 4225 783 4282 saepes
809 4206 861 4265 lib.
880 4205 922 4263 XI
941 4225 969 4263 u.
989 4206 1053 4262 424
1083 4199 1125 4263 ‘et
1151 4203 1286 4264 damnati

140 4295 193 4354 alii
215 4290 337 4355 omnes'.
374 4293 439 4354 Lib.
457 4294 572 4353 XXVII
590 4315 618 4354 u.
638 4297 701 4355 713
727 4291 854 4355 ‘summa
876 4295 977 4353 omnia
994 4289 1125 4353 tecerim'
1146 4292 1199 4352 ubi
1216 4292 1286 4352 uide

140 4383 271 4444 adnotat.
310 4381 418 4443 (latull.
440 4385 525 4459 75,4
550 4380 662 4444 ‘omnia
684 4386 711 4444 si
733 4379 846 4444 facias’.
883 4382 1013 4443 Martial.
1032 4383 1063 4442 H
1085 4386 1135 4457 14,
1152 4386 1191 4441 14
1212 4378 1286 4442 ‘om-

141 4474 191 4532 nia
213 4493 280 4533 cum
304 4471 389 4547 tecit,
415 4472 466 4533 aed
491 4476 634 4534 renuente
656 4469 723 4533 deo'
739 4498 781 4521 =
795 4473 981 4549 vles,12.
1026 4472 1110 4532 Idem
1132 4472 1175 4531 IX
1194 4472 1246 4548 38,
1266 4474 1285 4531 3
