3030 5002
229 338 272 407 26
704 338 763 397 Iu.
783 346 898 397 50-51.

228 505 302 571 dens
325 509 469 588 profatur.
516 508 595 570 (iane
618 509 673 571 deo
695 509 834 590 indignos
857 513 956 587 putes:
983 530 1042 571 non
1065 510 1196 588 putabis,
1218 512 1244 572 si
1267 509 1380 570 similia

229 619 305 676 quae
338 599 512 660 admiserint
542 598 690 660 Imoianus
724 602 755 659 et
783 599 895 660 Seneoe
925 603 955 659 et
987 601 1144 677 preeoipue
1173 599 1379 676 Epium-rmus,

231 688 283 766 qui
310 690 342 748 in
370 686 529 749 oomoediis
559 688 628 749 deos
658 690 830 767 saepissime
853 689 970 750 induxit
992 689 1029 750 de
1051 689 1158 750 eduliis
1181 690 1379 750 uociferantes

230 778 469 840 consideraueris.
508 777 586 838 Sunt
605 778 746 838 uidelicet
768 778 860 839 uerba
882 779 940 854 dei,
963 779 1087 839 fortasse
1110 781 1233 856 propter
1252 780 1379 855 pisoium

230 871 410 928 mentionem
433 868 567 945 Neptuni
595 869 768 945 exponentis
795 870 827 926 in
855 869 980 929 coneilio
1009 867 1081 945 quid
1109 867 1239 927 audierit
1260 866 1379 945 Lupum

230 958 408 1038 gloriantem
436 958 472 1017 de
500 975 573 1017 eena
608 958 721 1035 opima,
752 976 841 1034 quem
869 958 969 1018 helluo
997 959 1132 1019 conuiuis
1159 976 1227 1018 mox
1254 958 1378 1018 daturus

229 1050 277 1107 sit.
327 1047 448 1108 Etenim
480 1047 559 1124 apud
592 1050 705 1107 ueteres
734 1047 893 1124 Neptunus
926 1047 1011 1107 audit
1043 1042 1209 1125 ‘pistrinum
1242 1045 1379 1108 dominns

229 1139 320 1214 atqm
357 1155 544 1211 maenarum,
580 1168 623 1178 —-
660 1130 710 1195 re'x
753 1137 899 1197 salsorum
934 1130 1088 1215 gdrgitnm
1126 1140 1157 1195 et
1191 1130 1379 1196 tremebr'mdi

230 1218 894 1307 motato'rsoli'(Arnob.11131p.133‚1
921 1225 1019 1285 sein:
1050 1227 1102 1303 qui
1128 1224 1249 1285 uidetur
1276 1244 1379 1286 uersus

229 1333 291 1376 esse
310 1319 417 1393 poetae
436 1315 561 1375 alieuius
580 1306 750 1397 neoterici):
769 1314 892 1374 Philem.
908 1313 1025 1375 cern
1039 1335 1067 1390 p.
1080 1316 1154 1391 500,
1165 1314 1244 1375 22Κ
1263 1309 1299 1374 ὃν
1316 1318 1379 1386 τοῖς

229 1408 314 1477 θεοῖς
332 1402 415 1486 φέρει
429 1404 584 1466 Ποσειδῶν
602 1401 729 1486 γόγγρον
747 1402 790 1476 εἰς
807 1401 858 1464 τὸν
873 1401 1013 1482 οὐρανόν,
1030 1404 1151 1465 Lusian.
1166 1404 1228 1464 Ion.
1243 1405 1319 1483 trag.
1337 1405 1377 1463 25
1450 1439 1452 1442 ·

223 1489 348 1574 Ἄπαγε,
381 1492 568 1565 θυννῶδες
600 1491 631 1554 rb
663 1490 823 1572 ἐνθύμημα
853 1485 877 1552 ὦ
907 1491 1054 1554 Πόσειδον
1086 1496 1144 1553 κτλ.
1195 1492 1272 1552 Vide
1302 1513 1379 1570 qnae

229 1584 358 1644 diximus
381 1583 420 1644 ad
437 1603 466 1642 n.
483 1586 532 1643 54.
1016 1600 1018 1603 ’

321 1665 379 1734 51.
403 1673 519 1734 Nonius
537 1693 565 1751 p.
581 1674 656 1747 500,
677 1676 716 1732 17
742 1668 914 1732 ‘Abletiuus
936 1690 991 1750 pro
1015 1674 1225 1751 genetiuo...
1246 1671 1378 1732 Lucilius

231 1764 399 1839 satyrarum
421 1762 503 1822 libl
527 1757 639 1838 “porro
658 1779 852 1837 quocumque
871 1767 897 1821 el
914 1762 1089 1838 ouioumque
1108 1764 1143 1821 ut
1160 1760 1290 1822 diximus
1309 1763 1379 1822 ante

230 1851 380 1911 obstiterit
405 1851 503 1929 primo
531 1852 587 1912 hoo
614 1853 767 1911 minuendi
792 1851 885 1911 refert
911 1846 980 1912 res’'
1006 1851 1084 1910 idem
1107 1849 1157 1909 lib.
1172 1850 1216 1910 VI
1239 1842 1282 1931 (u.
1299 1844 1377 1931 237)

232 1937 287 2000 “et
308 1941 339 2000 id
362 1941 457 2001 solum
477 1942 619 2001 aduersae
642 1942 779 2001 fortunae
802 1960 893 2016 reque
917 1935 1075 2001 resistit'''
1100 1933 1166 2020 (ubi
1192 1960 1224 2000 re
1247 1939 1277 2000 L
1295 1959 1332 1999 m.
1350 1944 1379 2015 1,

230 2032 273 2090 rei
296 2022 423 2112 reliqui).
469 2029 606 2108 Apparet
627 2031 855 2109 grammatioum
878 2031 909 2089 in
932 2029 1048 2090 duobus
1071 2029 1180 2089 Lneilii
1203 2029 1379 2107 fragmentis

229 2120 356 2179 formam
385 2138 417 2180 re
446 2112 521 2199 (qua
549 2120 585 2179 de
615 2120 687 2179 oonf
714 2118 867 2198 Georgesii
896 2120 1060 2179 formarum
1088 2118 1285 2197 lexioolognm
1313 2138 1335 2178 s.
1350 2139 1378 2177 ιι.

230 2227 277 2269 ree
301 2207 365 2268 011,
383 2208 398 2268 1
419 2200 452 2267 1²
470 2228 497 2286 p.
516 2212 577 2269 193
597 2209 671 2268 ΧΠΙ
693 2210 732 2268 18
757 2204 801 2266 ‘re
828 2208 969 2268 militaris
996 2200 1221 2289 peritissimus’)
1249 2227 1316 2268 oum
1339 2210 1380 2267 sit

229 2298 349 2359 dabone
372 2298 543 2373 utrobique,
572 2300 672 2374 inepte
700 2300 731 2357 et
758 2297 925 2358 ablatinnm
957 2301 988 2358 et
1015 2298 1186 2377 genetiuum
1214 2298 1378 2375 appellare:

230 2407 319 2463 quam
347 2388 472 2446 formam
500 2386 618 2447 restitui
646 2406 702 2465 par
729 2390 774 2447 est
801 2387 882 2448 exitu
910 2407 1013 2448 uersus
1042 2386 1135 2446 uerbo
1165 2385 1246 2463 re[s]
1272 2388 1318 2446 ita
1346 2389 1380 2446 ut

229 2477 287 2535 feei
314 2477 447 2552 soletque
474 2476 567 2554 uulgo
596 2476 662 2534 lieri
695 2479 821 2536 mutato.
874 2475 1039 2536 Gerundiui
1070 2476 1197 2536 formam
1228 2477 1381 2536 minuendi

228 2567 312 2625 nolui
349 2584 468 2626 seruare
499 2568 586 2625 unieo
619 2564 753 2641 exemplo
790 2565 892 2625 Pleuti
920 2563 1004 2643 Oapt.
1028 2586 1056 2624 u.
1084 2567 1168 2626 1008
1204 2560 1290 2626 ‘lueis
1326 2565 1380 2625 das

232 2655 336 2715 tuendi
362 2650 490 2732 eopiam’
518 2656 612 2716 fretus
641 2648 715 2737 (Leo
744 2654 842 2716 Plaut.
861 2655 979 2715 Forseb.
999 2675 1027 2730 p.
1044 2648 1137 2737 328):
1173 2674 1269 2732 neque
1300 2657 1380 2715 enim

230 2744 329 2805 deesse
362 2747 416 2804 ant
444 2745 624 2805 edieotiuum
656 2746 795 2823 genetiuo
818 2746 854 2804 ut
878 2761 991 2816 prorue
1014 2736 1126 2823 (Plant.
1151 2743 1234 2804 Asin.
1261 2745 1324 2804 855
1354 2746 1379 2805 si

231 2834 319 2894 huius
342 2837 384 2893 rei
411 2854 458 2895 me
486 2835 658 2895 mendaeem
685 2826 849 2913 inueneris)
876 2852 971 2909 neque
995 2833 1161 2894 ablatiuum
1184 2835 1280 2894 ueluti
1301 2851 1381 2894 more

230 2924 392 2984 arbitratus
423 2944 489 2985 sum
521 2944 617 3002 neque
649 2927 821 3002 genetiuum
855 2941 918 2984 esse
949 2922 1069 2983 finalem
1096 2923 1179 2984 ouius
1206 2922 1243 2983 de
1266 2922 1380 3002 origine

229 3013 357 3072 multum
380 3013 555 3074 laborarunt
576 3014 753 3091 interpretes
777 3014 842 3072 Ter.
857 3011 984 3091 Adelph.
1001 3014 1065 3072 170
1088 3012 1221 3073 sedasse
1240 3013 1378 3089 supplen-

231 3101 303 3160 dnm
326 3100 430 3160 datiuo
452 3104 580 3162 intortius
601 3102 650 3161 uel
673 3107 761 3162 natue
784 3102 982 3162 adieetiuum:
1010 3102 1081 3163 oonf
1105 3101 1378 3161 praesperasse

231 3185 417 3249 ‘referundae
460 3209 514 3268 ego
558 3189 653 3250 habeo
696 3191 830 3270 linguam
874 3194 977 3251 natam
1020 3186 1147 3270 gratiae'
1191 3189 1267 3250 suu.
1294 3191 1378 3249 1374

230 3274 448 3338 ‘iusiurandum
472 3281 515 3338 rei
534 3279 696 3339 seruandae
714 3300 773 3340 non
792 3281 959 3359 perdendae
978 3281 1130 3342 eonditum
1149 3276 1205 3340 est'
1221 3272 1381 3360 (Draegori

230 3370 347 3444 syntex.
361 3367 430 3428 hist.
445 3369 463 3426 l.
479 3367 511 3427 L.
526 3361 572 3428 11²
594 3388 622 3444 p.
639 3363 727 3449 836).
769 3370 869 3434 Verba
892 3366 1078 3447 ‘cuiqumque
1101 3373 1137 3429 ut
1157 3370 1286 3430 diximus
1309 3372 1379 3429 ante

230 3456 381 3517 obstiterit
398 3453 505 3535 primo‘
526 3475 600 3517 sane
618 3476 680 3518 esse
699 3461 807 3535 quouis
826 3462 951 3538 pignore
968 3459 1141 3520 contendes:
1160 3458 1380 3520 hemistichium

230 3551 263 3604 eet
285 3547 414 3606 diximus
441 3551 508 3607 ante
538 3549 694 3607 mutarunt
715 3546 987 3610 Lueretius1907
1013 3545 1116 3626 ‘paulo
1143 3547 1222 3625 quod
1252 3548 1380 3609 diximus

230 3631 322 3713 ante’,
345 3636 422 3696 idem
447 3637 510 3695 846
536 3632 638 3714 ‘supra
668 3656 742 3714 quos
764 3638 894 3698 diximus
921 3634 1001 3698 ante'
1031 3641 1061 3697 et
1085 3636 1187 3698 Oieero
1210 3638 1380 3699 Arot120

231 3726 337 3785 Baebr.
367 3721 453 3803 ‘quos
480 3726 608 3787 diximus
635 3722 726 3787 ante’.
773 3726 817 3786 De
845 3729 984 3788 obstiterit
1006 3726 1077 3789 oonl
1095 3727 1194 3787 Plaut
1209 3725 1295 3804 Gapt.
1316 3728 1377 3786 791

231 3810 357 3875 ‘eminor
379 3818 614 3893 interminorque
642 3819 747 3895 nequis
774 3819 816 3877 mi
843 3818 994 3878 obstiterit
1021 3817 1207 3876 obuiam...
1231 3835 1301 3875 nam
1329 3818 1381 3893 qui

232 3904 382 3965 obstiterit
405 3925 454 3966 ore
478 3902 574 3966 sistet’
598 3905 747 3983 Amphitr.
769 3908 832 3966 985
853 3903 917 3967 ‘nee
936 3909 1095 3983 qnisquam
1116 3909 1181 3966 tam
1200 3905 1296 3966 audax
1314 3905 1381 3965 furat

231 3995 319 4054 homo
348 3995 399 4071 qui
429 3996 549 4057 obuiam
572 3996 701 4056 obsistat
722 3992 816 4055 mihi’.
862 3997 964 4056 Priore
987 4014 1075 4057 nersu
1100 3991 1315 4073 ‘quaecumque
1338 3991 1379 4056 et’

231 4100 291 4142 non
314 4101 400 4160 posse
423 4086 545 4145 tolerari
563 4085 771 4146 Lsohmennus
794 4085 954 4145 intellexit:
978 4087 1030 4163 qui
1054 4084 1134 4162 qnod
1156 4086 1258 4163 posuit
1280 4079 1380 4161 ‘quae-

231 4191 356 4248 oumque
379 4169 445 4247 est'‚
468 4174 500 4234 id
521 4174 728 4251 probaremus,
751 4176 778 4235 si
801 4174 992 4250 sequentibus
1013 4193 1134 4236 sensum
1156 4177 1188 4235 et
1209 4175 1307 4234 luoem
1329 4173 1380 4232 ad-

231 4261 322 4320 ferret
358 4262 464 4322 uerbis.
514 4263 576 4324 Nos
612 4283 729 4324 uersum
763 4261 802 4322 nd
828 4263 956 4323 Iunlli
979 4265 1042 4324 411
1082 4259 1245 4326 ‘subsidere
1277 4265 1381 4338 terras,

232 4368 417 4427 quocumque
446 4353 478 4411 in
510 4353 615 4428 triuio,
647 4354 821 4430 ouioumque
858 4356 905 4413 est
940 4352 1042 4428 obuia,
1078 4349 1193 4414 narret’
1223 4354 1381 4414 restituere

232 4441 332 4502 eonati
359 4458 462 4504 sumus
490 4444 633 4520 ponentes
661 4437 860 4519 ‘quacumque
886 4437 937 4503 it’:
968 4441 1039 4501 conf
1063 4442 1265 4503 Hor.serm.1
1286 4444 1319 4519 6,
1339 4443 1378 4501 31
