3036 5004
207 371 273 434 316
494 368 710 422 XXVI-XXIX
730 387 756 421 u.
776 373 836 422 900.
874 367 949 420 XXX
969 386 995 421 u.
1016 372 1075 420 070.

206 559 278 599 uero
307 539 363 600 soli
387 538 458 615 quid
481 559 512 598 re
536 542 566 597 et
594 540 706 611 quaesti
733 538 881 598 conducat
907 532 981 597 suo'.
1019 540 1141 611 quaestu
1168 536 1239 596 edit
1263 536 1360 613 princ.

207 629 333 706 Scripsit
354 629 515 688 Muellerus
545 624 637 688 ‘solus
665 646 736 688 uero
764 629 821 687 scit
849 626 921 703 quid
948 645 980 684 re
1008 629 1098 702 atque
1127 628 1254 703 quaestu
1278 644 1301 685 c.
1321 622 1359 686 a'

206 722 236 778 et
262 717 379 778 Lucilio
406 737 525 778 uersum
553 717 667 777 tribuit.
713 716 794 776 Illud
820 735 927 793 pamm
955 715 1151 794 probabiliter
1177 716 1261 791 fecit,
1290 734 1360 775 cnm

205 809 284 869 solus
312 809 367 868 soli
394 807 509 867 dictum
536 808 577 867 sit
604 811 635 867 et
662 806 797 885 legitimo
825 805 928 865 ordine
956 804 1114 864 uerborum
1141 805 1177 864 de
1206 824 1264 881 quo
1288 805 1361 865 uide

205 898 241 957 A.
249 897 463 976 Kiesslingium
478 899 553 957 blus.
564 897 656 957 ltben.
666 896 768 956 XXIII
780 896 864 955 1868
879 917 907 973 p.
920 897 981 954 411
992 914 1074 972 seqq.
1089 894 1360 954 Il.Kellerhoffium

207 988 238 1046 in
271 988 348 1047 stud.
372 986 565 1046 Studemund.
584 988 615 1047 H
638 1006 667 1063 p.
687 987 738 1045 58.
759 988 809 1044 59.
865 984 929 1054 Quo
965 985 996 1043 in
1036 984 1140 1044 ordine
1177 983 1360 1044 Graecorum

207 1097 319 1137 morem
342 1079 437 1136 secuti
460 1079 530 1136 sunt
552 1076 655 1135 Latini
679 1095 766 1152 quem
789 1074 955 1135 Lobeclsius
979 1075 1116 1151 exposuit
1139 1073 1177 1132 ad
1201 1072 1361 1150 Sophoclis

206 1167 328 1227 Aiacem
347 1187 376 1225 ιι.
396 1167 470 1226 467.
517 1159 1028 1243 8ομ1ιοο1.Αιοο.1283Ἕκτορος
1057 1162 1150 1241 μόνος
1180 1160 1276 1241 μόνον
1297 1211 1302 1222 .
1324 1211 1359 1223 ..

207 1247 275 1334 ἦλθ’
300 1252 433 1327 ἐναντίος
451 1255 586 1332 Euripid.
605 1254 682 1314 Med.
704 1256 767 1315 513
792 1253 848 1314 σὺν
870 1250 984 1325 τέκνοις
1005 1251 1082 1331 μόνη
1101 1252 1205 1327 μόνοις
1222 1253 1360 1330 Xenoph.

208 1345 373 1422 Gympaed.
389 1344 433 1403 VI
451 1349 477 1419 l,
493 1346 534 1404 36
554 1343 646 1421 μόνος
665 1342 746 1427 μόνῳ
765 1341 860 1416 iletre
878 1342 1031 1403 Demostb.
1051 1343 1087 1401 de
1106 1362 1164 1401 cor.
1182 1343 1244 1400 137
1264 1341 1360 1420 μόνος
1403 1347 1408 1353 ’

205 1433 288 1518 μόνῳ
312 1429 415 1518 συνῄει
440 1434 538 1493 Plaut.
557 1433 641 1493 Asin.
662 1434 727 1492 500
756 1428 848 1492 ‘solus
876 1432 951 1491 mibi
978 1432 1125 1491 talentum
1153 1433 1272 1509 argenti
1300 1433 1361 1491 soli

206 1518 425 1583 adnumerauit'
447 1522 533 1599 Oapt.
553 1525 617 1582 602
643 1518 735 1582 ‘solus
758 1525 788 1581 te
812 1522 908 1581 solnm
926 1517 1007 1581 uolo'
1028 1521 1108 1580 Trin.
1130 1522 1192 1580 153
1214 1516 1256 1579 ‘id
1276 1520 1360 1581 solus

205 1613 301 1673 solum
323 1644 363 1654 -
383 1631 430 1671 me
450 1607 629 1688 opsecrauIt'
650 1613 715 1671 Ter.
735 1611 805 1669 Hec.
822 1613 885 1671 557
907 1607 999 1671 ‘solus
1018 1611 1114 1670 solum
1133 1605 1269 1671 conueni'
1292 1612 1360 1670 350

207 1698 334 1761 ‘omnem
359 1720 422 1760 rem
444 1701 580 1761 narrabit
598 1702 659 1761 seio
678 1701 819 1760 continuo
839 1701 903 1760 sola
922 1696 989 1761 soli'
1010 1692 1157 1781 (Eunuch.
1174 1700 1238 1759 579
1258 1700 1359 1760 Plaut.

205 1790 268 1848 Mil.
290 1783 399 1871 1019).
438 1790 557 1850 Excidit
578 1792 674 1868 igitur
697 1792 751 1850 aut
769 1789 962 1866 septenarius·
975 1808 1053 1850 unus
1073 1808 1133 1848 una
1151 1807 1217 1848 oum
1236 1791 1360 1849 nomine

204 1882 310 1957 poetae
337 1899 396 1956 quo
425 1880 549 1940 uerbum
576 1880 694 1939 finitum
721 1881 852 1955 positum
880 1883 945 1938 erat
975 1882 1029 1939 aut
1061 1879 1141 1954 quod
1171 1877 1361 1954 probabilius

205 1968 385 2046 sequebatur
414 1988 516 2030 uersus
545 1971 597 2046 qui
625 1969 820 2045 compleuerit
846 1970 1027 2029 sententiam
1054 1967 1182 2029 omissus
1207 1986 1226 2026 a
1248 1968 1361 2028 Nonio.

293 2596 382 2655 Liber
400 2597 482 2656 XXX
504 2597 618 2673 primus
643 2599 688 2656 est
710 2598 763 2673 qui
784 2598 867 2656 totus
886 2595 1071 2671 conscriptus
1089 2596 1129 2655 sit
1146 2594 1244 2655 herois
1263 2598 1361 2656 uersi·

205 2685 268 2761 bus,
292 2685 431 2763 scriptus,
451 2690 487 2745 ut
504 2686 631 2761 uidetur,
650 2689 720 2746 ante
740 2684 886 2762 Scipionis
905 2688 1039 2744 mortem.
1073 2683 1209 2761 Quinque
1227 2684 1361 2745 arbitror

205 2795 251 2832 ine
275 2774 447 2853 dignoscere
471 2779 602 2835 saturas:
628 2795 754 2852 quarum
776 2777 874 2850 prima
896 2767 938 2856 (ιι.
959 2768 1172 2854 970-1007)
1196 2773 1297 2851 agitur
1320 2774 1360 2833 de

205 2865 284 2923 bello
307 2865 492 2924 Numantino
517 2868 546 2924 et
569 2865 742 2938 Palantino,
770 2864 805 2923 de
829 2864 988 2924 mulierum
1010 2865 1131 2942 ingenio
1155 2865 1186 2923 et
1214 2862 1360 2940 moribus,

205 2955 300 3013 altera
315 2946 566 3034 (1008-1038)
585 2955 624 3014 ad
642 2956 761 3031 poetam
780 2956 925 3013 comicum
944 2945 1105 3034 (01029)
1125 2953 1216 3011 missa
1235 2954 1360 3014 saturae

204 3062 275 3102 suae
298 3045 445 3117 rationem
469 3042 603 3103 defendit
625 3047 729 3103 contra
752 3043 871 3120 iniquos
890 3061 980 3120 quam
1000 3043 1138 3102 imitatus
1152 3044 1198 3101 est
1211 3041 1360 3103 Horatius

205 3151 290 3190 serm.
308 3131 364 3190 14
397 3132 529 3191 omnium
564 3132 795 3208 nobilissimam
831 3133 922 3193 tertia
959 3124 1209 3215 (1039-1059)
1245 3133 1360 3192 iterum

204 3222 306 3298 agitur
333 3220 369 3278 de
397 3221 571 3281 mulieribus
600 3224 631 3281 et
658 3222 693 3282 de
721 3224 895 3300 nuptiarum
923 3224 953 3280 et
984 3220 1169 3281 matrimonii
1200 3219 1360 3298 molestiis,

205 3313 313 3386 quarta
345 3302 597 3392 (1060-1077)
631 3311 783 3372 exorditur
816 3331 834 3371 a
866 3330 954 3371 cenae
987 3310 1123 3370 sordidae
1157 3311 1361 3386 enarratione,

207 3402 318 3460 tractat
326 3399 389 3458 uini
400 3400 516 3476 cibique
526 3420 611 3460 usum
621 3403 734 3461 iustum
744 3405 775 3460 et
784 3399 974 3475 laudabilem,
986 3401 1092 3476 quinta
1102 3391 1359 3481 (1078-1098)

205 3489 297 3548 inissa
319 3488 439 3548 uidetur
467 3490 504 3548 ad
528 3491 564 3548 N.
585 3489 719 3550 Caelium
746 3492 852 3567 poetae
880 3492 1007 3550 amicum
1031 3481 1163 3570 (1079):
1192 3489 1291 3567 agitur
1319 3489 1361 3550 de

204 3577 283 3636 bello
306 3578 504 3653 Numantino,
528 3578 564 3637 de
587 3581 673 3639 nouis
695 3579 825 3658 legibus,
849 3579 885 3638 de
909 3580 1056 3639 sociorum
1079 3578 1217 3655 querelis.
1262 3577 1359 3637 Pecu-

204 3667 309 3726 liarem
332 3666 368 3727 de
391 3668 441 3727 lib.
461 3669 542 3727 XXX
566 3669 686 3745 scripsit
706 3669 945 3729 dissertationem
963 3668 1054 3728 Innus
1073 3667 1249 3728 Guilielmus
1268 3667 1358 3727 Veri-

206 3757 348 3815 similium
369 3757 438 3817 libri
457 3761 517 3818 tres
536 3759 681 3834 Antuerp.
703 3760 787 3818 1582
807 3758 858 3818 lib.
872 3758 903 3817 II
922 3776 985 3834 cap.
1004 3762 1019 3816 l
1041 3778 1069 3835 p.
1085 3759 1127 3817 34
1138 3776 1219 3833 seqq.
1251 3757 1368 3817 Meno-⁶

203 3845 314 3922 byblon
338 3847 389 3905 lib.
408 3847 490 3905 XXX
513 3848 606 3906 fuisse
630 3848 728 3924 spatio
751 3847 895 3924 temporis
919 3848 1020 3924 aliquo
1043 3850 1123 3907 inter
1149 3846 1242 3906 libros
1272 3848 1359 3907 unte-

205 3936 340 3995 cedentes
355 3940 386 3995 et
399 3936 450 3995 lib.
461 3936 542 3995 XXX
555 3937 711 3997 interiecto
727 3940 779 4015 qui
793 3937 892 3997 editus
906 3937 997 3996 fuerit
1011 3937 1197 4014 intellegitur
1210 3957 1238 3995 u.
1255 3937 1358 3998 1013:

119 4081 120 4084 ,
204 4026 273 4084 uide
298 4026 430 4104 prolegg.
450 4046 478 4102 p.
498 4026 616 4085 XXXV.
636 4025 711 4086 ch

295 4108 378 4174 970.
403 4116 517 4175 Nouius
536 4136 564 4193 p.
583 4117 656 4190 275,
676 4119 694 4175 2
716 4112 949 4192 ‘concelebrare
969 4110 991 4192 †
1011 4115 1164 4174 diuamare
1183 4107 1359 4196 (diffusiore

205 4196 353 4282 Lipsius),
382 4203 494 4264 dictum
522 4223 541 4264 a
568 4205 749 4265 celebritate.
800 4204 933 4264 Lucilius
961 4205 1011 4264 lio.
1030 4205 1113 4264 XXX
1141 4199 1269 4264 “multis
1294 4250 1300 4262 .
1321 4251 1327 4262 .
1351 4253 1357 4266 .

205 4290 492 4353 concelebrarunt''.’
539 4294 584 4352 De
607 4294 709 4354 tabula
733 4295 876 4371 quadam,
906 4314 995 4371 quam
1018 4295 1050 4353 in
1073 4295 1230 4354 tonstrinis
1258 4296 1288 4351 et
1316 4295 1358 4354 od

205 4382 287 4440 lacus
311 4382 403 4459 uulgo
426 4385 590 4443 narrabant
612 4384 719 4460 incipit
740 4387 843 4460 poeto:
867 4383 970 4443 eodem
988 4382 1076 4443 modo
1094 4382 1202 4460 incipit
1219 4382 1358 4444 fabulam

205 4471 256 4529 lib.
275 4471 307 4530 Π
325 4490 352 4528 ιι.
374 4472 424 4530 55.
461 4474 561 4532 multis
583 4473 658 4532 indu
680 4473 750 4532 locis
772 4473 892 4533 uidetur
915 4493 977 4534 esse
1001 4472 1180 4532 Ennianum.
