3060 5010
584 374 681 432 xxvi
699 393 729 437 u.
747 380 896 433 eos-sec
1256 376 1320 442 221

170 548 249 626 leget
277 542 399 606 haec?”
455 548 518 607 Min
548 550 582 607 tu
614 547 696 607 istud
731 544 796 607 ais?
848 545 943 606 Nemo
975 546 1102 606 hercule.
1154 542 1321 606 “lismoi'’

171 638 226 697 Vel
253 637 312 696 duo
340 638 390 697 uel
417 633 515 697 nemo'
536 657 560 696 e.
575 656 602 712 q.
617 655 639 696 s.
690 637 767 696 Item
789 636 933 695 Horatius
962 654 1047 696 serm.
1066 635 1082 695 Ι
1101 637 1135 712 4,
1157 638 1196 695 72
1227 632 1322 694 ‘nulla

170 726 296 786 taberna
328 746 409 786 meos
441 727 551 786 habeat
582 745 678 802 neque
711 727 774 802 pila
805 725 935 800 libellos,
968 727 1035 801 quis
1067 743 1173 785 manns
1204 725 1324 785 insudet

173 816 255 893 uulgi
275 815 528 894 Hermogenisque
548 812 667 894 Tigelli'
693 819 744 892 10,
764 816 803 874 81
831 810 960 875 ‘Plotius
979 818 1009 875 et
1027 815 1146 888 Varius,
1168 815 1324 874 Maecenas

172 905 380 982 Vergiliusque
411 905 538 983 Valgius
574 908 605 964 ct
640 905 747 982 probet
784 906 856 964 haec
889 902 1031 964 Octauius
1070 907 1201 981 optimus
1233 907 1324 980 etque

171 994 284 1054 Fuscus
317 998 347 1054 et
379 995 450 1053 haec
483 996 599 1054 utinam
632 995 787 1053 Viscorum
823 994 926 1053 laudet
957 997 1082 1069 uterque
1182 993 1325 1069 Demetri,

171 1088 270 1160 teque,
293 1084 412 1161 Tigelli,
431 1084 646 1160 discipularum
664 1086 744 1143 inter
764 1083 851 1142 iubeo
870 1085 988 1160 plorare
1007 1079 1184 1143 cuthedrss'.
1225 1082 1325 1142 Verba

173 1173 227 1232 illa
251 1172 400 1234 tioeronis
424 1173 592 1233 decretl.
612 1193 633 1233 s.
653 1193 675 1233 s.
695 1175 849 1233 continent
871 1172 981 1233 Lucilii
1002 1175 1098 1249 ipsius
1122 1175 1224 1249 aperte
1245 1173 1325 1251 trag·

172 1265 288 1321 menta:
324 1281 393 1321 nam
431 1282 508 1338 qnae
544 1264 630 1338 ponit
663 1258 770 1339 ‘neque
806 1280 837 1321 se
870 1261 908 1321 ab
940 1262 1150 1322 indoctissimis
1181 1280 1277 1338 nequo
1307 1281 1326 1322 a

173 1352 352 1412 doctissimis
384 1352 445 1431 legi
477 1348 564 1411 uelle’
589 1354 621 1411 in
649 1371 683 1411 oo
712 1351 791 1429 qued
818 1351 934 1410 Plinius
962 1352 1095 1411 seruauit
1122 1371 1157 1410 er
1185 1349 1326 1412 Cicerone

172 1442 341 1520 fragmento
365 1442 452 1501 facile
476 1444 689 1519 agnoscuntur,
720 1441 758 1500 ad
783 1436 875 1517 ‘quod
897 1441 984 1501 alteri
1007 1441 1082 1499 nihil
1104 1436 1323 1520 intellegerent'

173 1531 245 1590 conf
269 1531 334 1589 Ter.
354 1531 447 1590 Andr.
469 1534 507 1591 17
539 1527 703 1591 ‘faciuntne
734 1530 935 1608 intellegendo
968 1533 1003 1590 ut
1035 1531 1078 1588 nil
1105 1525 1324 1609 intellegantl'

174 1620 271 1680 Reicit
292 1622 382 1696 poete
405 1621 556 1681 modestus
583 1619 729 1680 iudicium
754 1618 784 1680 O.
800 1620 894 1680 Persii
916 1623 1040 1697 propter
1062 1620 1230 1680 doctrinam
1253 1621 1326 1694 cius,

173 1708 205 1770 P.
226 1709 373 1786 Scipionis
409 1710 584 1783 Aemiliani,
621 1709 652 1768 P.
672 1709 781 1769 Rutilii
813 1709 880 1767 Rufi
915 1727 992 1769 cons.
1018 1703 1166 1789 649J105
1204 1712 1326 1786 propter

174 1817 338 1858 sermonem
375 1818 461 1859 suum
498 1819 604 1876 parum
637 1799 816 1878 elegantem:
855 1818 981 1874 quorum
1014 1817 1090 1858 unus
1122 1799 1175 1858 ille
1206 1798 1326 1858 Persius

175 1888 259 1948 nulla
281 1908 314 1948 rc
337 1891 433 1968 magis
456 1889 599 1950 inclaruit
622 1908 712 1965 quum
731 1888 840 1948 Lucilii
858 1888 1016 1965 praeconio
1037 1888 1117 1965 quod
1135 1888 1171 1947 de
1190 1888 1327 1948 doctrine

175 1981 236 2037 eius
259 1977 315 2037 hoc
338 1979 402 2037 loco
425 1980 605 2057 protulerat:
633 1978 711 2038 hunc
739 1981 843 2038 contra
870 1978 965 2038 socios
993 1980 1024 2037 et
1052 1997 1159 2037 nomen
1183 1977 1326 2037 Latinum

173 2067 275 2127 decem
302 2070 389 2126 annis
416 2072 485 2143 post
507 2070 624 2127 stetisse
647 2068 751 2128 edocet
774 2066 833 2127 (lic.
853 2068 937 2127 Brut.
958 2069 998 2128 99
1029 2066 1080 2126 ubi
1104 2067 1140 2126 de
1165 2066 1195 2126 O.
1212 2069 1327 2127 Fannio

176 2152 195 2215 ‘.
211 2204 216 2214 .
233 2206 239 2218 .
259 2157 311 2233 qui
334 2157 437 2218 consul
460 2176 526 2217 cum
546 2156 679 2217 Domitio
704 2158 762 2216 fuit
784 2148 974 2239 (6321122),
995 2176 1085 2216 unam
1104 2159 1270 2217 orationem
1289 2156 1328 2217 do

175 2247 263 2306 sociis
286 2250 317 2306 et
339 2249 458 2307 nomine
481 2246 590 2306 Latino
614 2250 718 2307 contra
736 2244 901 2306 Gracchum
924 2247 1047 2323 reliquit
1070 2265 1141 2305 sane
1164 2249 1196 2306 et
1217 2246 1326 2305 bonum

175 2338 206 2395 et
228 2335 359 2395 nobilem
380 2329 482 2417 (ORP
502 2336 545 2395 ed.
564 2327 692 2412 Meyeri⁹
710 2355 738 2411 p.
755 2327 842 2417 199).
884 2336 962 2394 'lum
981 2335 1114 2396 Atticus:
1138 2335 1214 2406 Quid
1234 2335 1327 2414 crgo?

177 2427 259 2484 estne
282 2427 341 2483 ista
364 2423 481 2484 Penni?
526 2425 605 2485 Num
633 2427 720 2485 uaris
749 2425 851 2502 opinio
874 2427 974 2500 pueris
997 2425 1082 2485 nobis
1105 2428 1178 2484 erat.
1224 2425 1286 2484 Alii
1310 2443 1328 2483 a

179 2514 210 2574 O.
224 2512 326 2574 Persio
349 2514 484 2575 litterato
507 2514 627 2575 homine
650 2514 792 2592 scriptam
815 2531 878 2573 esec
902 2514 1030 2588 aiebant,
1053 2514 1106 2574 illo
1130 2533 1218 2589 quem
1236 2516 1328 2592 signi·

176 2604 246 2663 licut
263 2603 351 2663 ualde
370 2603 491 2664 doctum
509 2622 572 2663 csse
590 2603 738 2663 Lucilius:
761 2603 815 2662 alii
833 2603 943 2664 multos
962 2602 1080 2679 nobilis,
1103 2602 1182 2680 quod
1202 2603 1328 2680 quisque

177 2693 337 2770 potuisset,
369 2693 400 2752 in
432 2694 517 2753 illam
546 2695 708 2753 orationem
738 2687 919 2752 contulisse’.
965 2691 1112 2770 Scipionis
1142 2692 1329 2770 suspiciost

176 2783 269 2843 ductu
301 2782 378 2842 bello
405 2782 590 2843 Numantino
623 2781 711 2842 modo
738 2786 888 2841 meruerat
915 2801 1005 2858 eques
1032 2785 1135 2859 poeta:
1168 2800 1226 2858 quo
1250 2780 1328 2841 bello

177 2871 327 2948 equitibus
354 2875 492 2948 prscerat
519 2873 625 2931 tertius
653 2872 705 2931 ille
728 2871 860 2930 Rutilius
887 2871 1025 2932 tribunus
1053 2871 1183 2931 militum
1207 2873 1328 2931 auctore

177 2962 306 3038 Appiau.
326 2960 400 3021 Iber.
421 2962 463 3019 88
484 2964 516 3020 in
536 2961 722 3038 expeditione
740 2961 913 3021 Pollentina
931 2953 1017 3041 (conf
1032 2960 1083 3019 lib.
1103 2960 1186 3019 XXX
1203 2981 1231 3019 u.
1248 2954 1328 3041 972)

178 3046 194 3109 d
223 3046 255 3110 δὲ
279 3043 442 3131 (Σκιπίων)
462 3042 620 3111 Ῥουτίλιον
639 3041 782 3129 Ῥοῦφον,
809 3047 980 3130 συγγραφέα
1007 3051 1099 3109 τῶνδε
1134 3058 1194 3110 τῶν
1225 3047 1329 3130 ἔργον,

176 3138 239 3200 τότε
261 3142 463 3220 χιλιαρχοῦντα
485 3137 616 3200 ἐκέλευσε
638 3136 779 3219 τέσσαρας
796 3137 911 3200 ἱππέων
931 3138 995 3212 λλας
1013 3137 1141 3218 λαβόντα
1159 3136 1328 3200 ἀναστεῖλαι

177 3227 247 3302 τοὺς
278 3227 477 3310 ἐνοχλοῦντας,
531 3230 659 3309 Egregie
696 3233 815 3290 constat
846 3228 882 3287 de
922 3234 1055 3307 tempore
1087 3229 1175 3289 huius
1209 3232 1329 3289 suturae

179 3318 329 3381 Ciceronis
355 3320 409 3380 illo
436 3320 620 3380 testimonio:
652 3319 744 3379 rediit
771 3317 871 3395 Scipio
899 3322 930 3377 et
956 3318 1090 3379 Lucilius
1118 3338 1153 3378 ex
1182 3319 1330 3396 Hispania

179 3414 247 3485 post
272 3409 462 3470 tribunorum
489 3411 612 3469 comitia
639 3411 710 3471 unni
739 3403 821 3488 621)
825 3410 887 3468 133
915 3409 1024 3485 quibus
1052 3428 1152 3470 mense
1181 3409 1260 3468 Iulio
1283 3409 1328 3467 Ti.

180 3496 329 3559 Gracchus
348 3501 462 3559 occisus
480 3502 527 3560 est
544 3491 689 3583 (Appian.
705 3498 732 3557 b.
747 3517 771 3559 e.
786 3497 801 3557 Ι
822 3500 862 3556 14
881 3497 1058 3558 Mommseni
1076 3498 1112 3558 de
1131 3499 1195 3557 iure
1210 3498 1329 3574 publico

179 3606 207 3662 p.
222 3587 286 3646 ul
310 3589 419 3658 (1887)
448 3610 477 3667 p.
493 3590 556 3648 585
581 3588 660 3649 Plut.
679 3589 724 3647 Ti.
744 3586 866 3648 Grscch.
888 3588 915 3646 7.
942 3591 991 3649 13.
1016 3579 1088 3669 21),
1115 3591 1185 3648 ante
1209 3588 1330 3647 comitia

179 3677 332 3736 consilum
362 3681 432 3737 acta
464 3680 525 3739 fere
557 3698 656 3738 mense
684 3675 848 3738 Nouembri
877 3669 1092 3758 (Mommsenus
1120 3679 1139 3738 l.
1158 3695 1182 3736 s.
1201 3697 1230 3753 p.
1248 3677 1330 3735 583:

180 3763 240 3823 (iic.
268 3764 348 3826 hoel.
380 3768 419 3826 73
454 3763 500 3828 ‘ut
536 3768 636 3846 Scipio
669 3767 701 3826 P.
725 3767 879 3844 Rupilium
916 3768 1016 3843 potuit
1057 3767 1208 3826 consulem
1246 3768 1331 3836 (αιιιιὶ

182 3849 341 3934 snmus)
365 3854 489 3933 efficere,
512 3859 634 3916 fratrem
658 3859 720 3916 eius
744 3856 869 3916 Lucium
892 3874 952 3915 non
974 3847 1116 3935 potuit’);
1139 3856 1267 3931 scriptus
1286 3857 1332 3914 est

181 3942 275 4021 igitur
317 3947 486 4005 saturarum
522 3945 599 4005 liber
634 3950 702 4023 post
739 3948 917 4005 autumnum
954 3946 1025 4004 unni
1062 3938 1225 4024 621)133,
1262 3948 1331 4003 ants

182 4051 292 4092 annum
324 4026 404 4111 625)
409 4036 470 4095 129
505 4053 564 4112 quc
593 4033 693 4111 Scipio
716 4037 851 4095 mortuus
878 4037 931 4094 est.
982 4033 1067 4103 Quod
1094 4036 1184 4110 poeta
1211 4035 1332 4110 scripsit

181 4140 244 4183 sese
268 4121 464 4198 Consentinis,
487 4124 666 4199 Tarentinis,
691 4123 798 4184 Siculis
821 4124 912 4183 melle
935 4123 1071 4197 scribere,
1094 4141 1184 4199 quam
1209 4122 1331 4184 urbanis

181 4213 256 4288 illis,
284 4212 419 4289 Scipioni
445 4204 543 4295 (cuius
571 4216 714 4273 sermonis
744 4213 910 4293 elegantias
933 4215 1033 4291 tangit
1055 4214 1173 4273 11963.
1198 4206 1277 4296 964)
1301 4217 1332 4273 et

183 4301 298 4361 Rutilio
321 4303 408 4378 Rufo,
430 4302 463 4361 id
485 4305 629 4364 sermonis
653 4306 716 4363 eius
734 4304 939 4363 testimonium
962 4305 1007 4362 est
1034 4305 1199 4382 egregium:
1222 4302 1331 4363 hstino

183 4410 317 4452 sermone
339 4390 374 4451 id
394 4411 486 4470 genus
514 4392 666 4469 utebatur,
695 4394 813 4470 quolem
840 4395 1022 4470 usurpsrant
1050 4392 1197 4470 Scipionis
1220 4394 1331 4453 milites

182 4500 217 4540 ex
236 4485 302 4542 tots
319 4482 411 4542 Italia
429 4485 534 4560 coacti,
552 4501 686 4544 sermone
704 4483 826 4543 minime
840 4485 981 4542 nimirum
995 4482 1109 4543 urbano
1126 4486 1179 4542 aut
1193 4483 1332 4562 eleganti.
