3060 5010
221 364 287 432 208
620 383 625 405 ι
661 362 725 420 XIX
743 384 770 420 u.
790 369 939 421 557-559.

222 533 300 614 “pro
323 556 384 597 uus
406 554 495 613 possa
517 530 670 613 pensili”.'
713 534 845 597 Lucilius
868 539 1039 613 satyrarum
1061 536 1112 597 lib.
1127 535 1245 597 XVIIII
1267 530 1373 619 (VIIII

221 618 388 707 Leidensis)
413 620 539 704 “rugosi
563 621 825 703 ...quaerunt’t'
872 628 972 686 eodm
995 629 1094 686 ονικίο
1117 626 1202 686 Luer.
1221 627 1265 686 IV
1285 630 1371 688 1174

222 712 339 792 ‘nempe
359 715 461 774 eodem
479 715 561 790 iaoit,
584 718 615 775 st
632 717 741 775 suimus
762 717 873 790 fucere,
898 717 999 776 omnia
1021 712 1114 793 turpi'
1138 717 1158 775 i.
1178 736 1201 777 e.
1222 718 1373 776 formonsa

222 806 333 865 femina
365 804 468 865 eedem
500 806 601 865 omnia
628 804 703 865 iacit
731 825 806 882 quae
834 806 932 882 turpis
959 806 1046 882 faoit3
1078 804 1176 865 Plaut.
1200 805 1283 866 Asin.
1307 808 1371 866 613

223 891 309 955 ‘mihi
331 898 445 954 eertum
468 898 514 954 est
536 895 633 955 iaoers
655 897 687 954 in
710 915 757 955 me
780 897 882 955 omnia
904 895 1007 956 eadem
1031 915 1107 972 quae
1131 897 1214 955 tuin
1232 900 1263 954 te
1282 891 1371 955 faxis'

221 985 339 1044 Terent.
358 985 464 1061 Heeyr.
487 986 548 1044 199
579 979 658 1043 ‘utin
685 1003 787 1045 omnes
814 985 951 1044 mulieres
979 985 1081 1045 eadem
1112 1004 1204 1061 aeque
1232 985 1374 1045 studeant

221 1075 376 1150 nolintque
405 1075 505 1134 omnia
534 1093 630 1150 neque
653 1073 833 1134 declinatum
857 1076 1016 1150 quiequam
1040 1074 1077 1133 ab
1101 1075 1229 1133 alimum
1251 1075 1373 1155 ingenio

222 1164 317 1223 ullam
344 1158 503 1241 reperiasl'
556 1162 702 1241 Suppleas
732 1165 826 1243 igitur
854 1163 932 1240 quod
960 1166 1091 1242 positum
1120 1167 1184 1224 erat
1211 1164 1242 1224 in
1270 1183 1373 1225 uersus

222 1253 423 1313 anteoedentis
454 1252 525 1312 fine¹
546 1249 674 1313 ‘oneoss'.
708 1286 752 1295 -
784 1252 950 1330 Quaerunt,
983 1257 1019 1313 ut
1049 1253 1100 1312 lib.
1120 1253 1233 1313 XXVII
1256 1276 1284 1313 u.
1309 1256 1371 1314 717

222 1338 277 1403 ‘sio
300 1343 389 1402 amici
413 1345 561 1420 quaerunt
583 1343 725 1419 animum,
747 1363 811 1403 rem
834 1343 960 1420 parasiti
985 1363 1019 1402 ao
1042 1339 1153 1403 ditias'.
1196 1342 1373 1403 Communia

222 1452 284 1494 esse
308 1452 411 1492 senum
435 1432 535 1491 studia
558 1435 589 1491 et
611 1452 708 1493 moros
731 1435 889 1509 scripserat
919 1435 1018 1512 poeta,
1042 1451 1115 1509 quos
1138 1434 1276 1509 inprimis
1299 1433 1374 1493 dicit

222 1543 285 1581 rem
313 1525 343 1582 et
369 1523 525 1598 pecuniam
554 1541 695 1598 quaerere
722 1541 827 1598 paroos
855 1525 886 1581 et
913 1525 1044 1583 tenaces:
1071 1523 1195 1582 Aristot.
1215 1524 1323 1583 rhetor.
1342 1523 1373 1582 Π

223 1631 286 1690 oap.
304 1613 344 1671 13
363 1632 392 1688 p.
409 1602 516 1671 13891’
531 1612 572 1671 28
592 1630 673 1688 seqq.
687 1610 737 1671 καί
749 1608 952 1691 ἀνελεύθεροι·
966 1612 1003 1672 ἓν
1016 1612 1072 1692 γάρ
1086 1633 1113 1672 τι
1127 1619 1186 1672 τῶν
1200 1609 1373 1692 ἀναγκαίων

222 1697 241 1779 ἡ
271 1699 371 1779 οὐσία,
403 1699 464 1778 ἅμα
496 1696 529 1761 δὲ
560 1697 610 1760 καί
642 1697 692 1760 διὰ
723 1699 779 1779 τὴν
810 1699 962 1780 ἐμπειρίαν
994 1700 1092 1761 ἴσασιν
1120 1698 1160 1774 ὡς
1186 1699 1312 1780 χαλεπὸν
1340 1700 1372 1762 τὸ

222 1788 386 1867 κτήσασθαι
420 1786 470 1849 καί
501 1785 608 1873 ῥᾴδιον
634 1788 666 1850 τὸ
696 1787 858 1871 ἀποβαλεῖν
889 1790 961 1850 Hor.
986 1794 1041 1851 art.
1064 1794 1142 1868 poet.
1169 1793 1230 1853 169
1266 1787 1373 1852 ‘multa

223 1898 322 1939 ssnsm
350 1881 462 1939 oiroum
489 1881 616 1939 ueniunt
642 1879 843 1957 incommoda,
871 1881 918 1939 uel
948 1880 1026 1957 quod
1050 1882 1168 1956 quaerit
1190 1884 1220 1940 et
1242 1883 1373 1941 inuentis

223 1971 313 2028 misor
336 1968 468 2028 abstinet
491 1986 525 2028 ao
548 1970 635 2029 timet
657 1971 712 2045 usi,
735 1971 783 2029 uel
807 1969 887 2046 quod
909 1989 956 2030 res
980 1973 1076 2029 omnis
1094 1969 1198 2029 timide
1216 1971 1373 2049 gelideque

223 2053 385 2118 ministrat’
426 2057 591 2118 Simonides
628 2078 675 2136 ap.
700 2059 779 2119 Plut.
803 2079 841 2118 an
874 2061 938 2119 seni
970 2081 997 2138 g.
1021 2079 1043 2119 s.
1071 2079 1146 2136 resp.
1172 2061 1190 2118 5
1219 2080 1247 2136 p.
1269 2061 1373 2119 786ss

223 2146 397 2226 Σιμωνίδης
420 2145 498 2229 ἔλεγε
520 2145 595 2228 πρὸς
618 2147 688 2220 τοὺς
710 2147 905 2230 ἐγκαλοῦντας
928 2146 1009 2233 αὐτῷ
1032 2149 1231 2230 φιλαργυρίαν
1252 2148 1372 2210 ὅτιτῶν

224 2234 320 2298 ἄλλων
338 2233 572 2318 ἀπεστερημένος
586 2235 635 2297 διὰ
649 2236 681 2298 τὸ
695 2246 787 2319 γῆρας
802 2234 922 2316 ἡδονῶν
936 2236 996 2298 ὑπὸ
1013 2247 1081 2317 μιᾶς
1095 2237 1136 2299 ἔτι
1149 2240 1374 2319 γηροβοσκεῖται

223 2334 275 2405 τῆς
297 2323 356 2386 ἀπὸ
379 2334 433 2386 τοῦ
455 2326 621 2408 κερδαίνειν
639 2320 784 2409 (Thucyd.
802 2328 834 2387 II
854 2331 905 2403 44,
925 2330 944 2386 4
964 2327 1115 2403 Aristoph.
1134 2328 1202 2388 Pao.
1224 2320 1312 2410 698).
1331 2361 1373 2369 -

222 2435 364 2494 rugosum
388 2420 418 2476 et
440 2435 561 2495 passum
584 2417 658 2476 dioit
680 2437 747 2477 eum
767 2419 819 2495 qui
838 2418 923 2477 audit
941 2417 1058 2477 Terent.
1078 2418 1153 2476 Eun.
1174 2419 1238 2479 688
1264 2414 1373 2478 ‘uietus

224 2510 309 2567 uetus
332 2508 506 2566 ueternosus
528 2503 637 2567 senex'.

313 2589 396 2658 558.
419 2596 535 2657 Nonius
558 2616 592 2656 ex
615 2599 810 2675 grammatico
834 2617 862 2674 p.
878 2598 952 2672 445,
973 2598 1011 2656 31
1035 2592 1176 2656 ‘Multum
1199 2601 1230 2656 et
1247 2600 1320 2656 satis
1339 2616 1373 2656 eo

223 2684 406 2745 distant...
426 2685 658 2746 etlih.XVIIII
678 2681 1202 2762 “deniqueut...ni]2il...siut’'.'
1240 2687 1372 2747 Eandem

223 2776 402 2835 senteutiam
420 2778 568 2835 tractarat
586 2775 636 2834 lib.
651 2775 749 2834 XXIX
767 2795 796 2834 u.
812 2776 886 2851 807,
905 2776 1033 2835 similem
1051 2776 1102 2835 lib.
1117 2776 1144 2833 V
1159 2797 1187 2835 u.
1204 2778 1267 2836 203
1283 2796 1373 2854 seqq,

222 2864 274 2923 ubi
298 2865 368 2924 uide
390 2865 505 2925 adnot:
527 2865 602 2924 facit
623 2866 681 2924 hue
703 2865 851 2942 imprimis
869 2865 999 2943 Turpilii
1016 2865 1098 2927 locus
1117 2867 1135 2924 l.
1155 2884 1177 2925 s.
1197 2866 1314 2927 allatus.
1331 2899 1372 2908 -

223 2953 290 3012 Nil:
313 2954 482 3032 disyllabon
505 2955 616 3032 ubique
639 2955 718 3033 apud
738 2954 887 3014 Lucilium
910 2956 991 3032 quod
1013 2974 1160 3032 nusquam
1178 2956 1223 3015 ita
1241 2956 1374 3033 positum

224 3045 265 3102 sit
287 3044 365 3103 siout
388 3044 468 3121 apud
490 3044 659 3122 Vergilium
682 3045 755 3103 Aen.
774 3044 805 3103 II
826 3046 887 3103 287
914 3040 976 3104 ‘ille
1000 3041 1102 3105 nihil':
1125 3045 1194 3104 uide
1212 3045 1272 3104 ind.
1292 3044 1372 3106 nerb.

223 3151 245 3190 s.
260 3153 288 3190 u.
332 3132 520 3192 Contrarium
543 3137 589 3192 est
610 3136 718 3204 omnio,
740 3134 819 3210 quod
837 3133 915 3194 idem
934 3137 1088 3211 astatque
1107 3135 1187 3212 apud
1206 3135 1373 3212 Turpilium

223 3221 342 3295 quiduis
377 3225 450 3282 sutis
486 3228 535 3284 eu.
591 3224 733 3283 Imitatus
770 3227 815 3284 est
846 3223 991 3284 Horatius
1024 3243 1110 3284 serm.
1133 3224 1149 3282 I
1174 3227 1206 3298 1,
1231 3227 1271 3284 61
1292 3243 1372 3300 seqq.

225 3305 379 3369 ‘Athona
402 3331 472 3388 pars
495 3312 651 3376 hominum
674 3314 798 3390 decepta
829 3313 967 3390 cupidine
998 3314 1074 3374 fulso
1099 3310 1166 3373 “nil
1193 3316 1267 3373 satis
1295 3309 1375 3390 est'’,

224 3400 336 3476 inquit,
361 3395 456 3476 “quia
479 3402 571 3478 tanti,
594 3406 740 3480 quantum
764 3402 886 3479 habeas,
910 3398 997 3462 sis”.’
1049 3405 1121 3464 oonf
1149 3403 1241 3464 Lucil.
1270 3407 1373 3463 iuoert.

224 3509 251 3547 u.
274 3490 368 3549 1120.

313 3572 397 3641 559.
416 3578 533 3641 Nonius
551 3602 580 3659 p.
596 3583 670 3658 358,
690 3584 732 3642 10
752 3577 884 3659 Ὁρλατο,
903 3583 1019 3663 eligere.
1058 3583 1190 3643 Lucilius
1204 3586 1373 3661 satyrarum

225 3669 276 3728 lib.
291 3668 409 3728 XVIIII
438 3666 567 3731 “aurum
600 3674 646 3732 uis
672 3673 817 3730 λιονκίκινκ
843 3671 953 3732 habeas
1052 3668 1198 3749 optem”.'
1248 3673 1374 3733 Dixerat

224 3763 313 3836 poeta
341 3754 459 3836 ‘Itaque
487 3781 591 3820 aurum
619 3761 749 3821 hominis
777 3763 862 3821 anari
889 3762 994 3821 infelix
1021 3765 1052 3821 et
1074 3763 1290 3822 infructuosum
1314 3781 1372 3821 non

223 3853 338 3927 expeto.
384 3850 488 3926 Neque
520 3871 590 3911 nero
621 3851 772 3910 hominem
804 3853 901 3927 ipsum
934 3854 986 3928 qui
1018 3852 1108 3911 uilior
1139 3852 1180 3911 sit
1211 3870 1284 3911 auro
1312 3871 1373 3910 suo.

224 3939 302 3998 Nam
340 3939 365 3998 si
402 3940 469 4016 quis
508 3940 552 3998 ita
583 3940 748 4019 interroget
780 3936 911 4000 “aurum
942 3944 988 4002 uis
1019 3940 1229 4001 hominemne?
1263 3941 1373 4000 habeas

223 4024 316 4088 lioet’'
341 4048 428 4088 nemo
451 4048 509 4088 nou
532 4030 710 4106 respondeat
734 4025 938 4090 “Hominem?
962 4030 1034 4107 quid
1053 4031 1090 4090 ad
1114 4026 1290 4091 turum'?”'
1314 4033 1333 4090 i.
1349 4050 1373 4090 s.

224 4117 311 4176 homo
330 4119 407 4177 nihil
424 4122 470 4178 eat
488 4118 526 4178 od
544 4136 663 4178 aurum:
682 4120 754 4178 conf
768 4139 846 4196 quae
865 4121 1053 4196 exposuimus
1073 4120 1110 4179 ad
1129 4120 1180 4181 lib.
1194 4121 1236 4179 IX
1255 4142 1283 4180 u.
1300 4122 1373 4179 334.

224 4206 288 4265 Lin.
312 4206 470 4266 XXXVIII
494 4208 549 4282 53,
577 4209 618 4267 10
651 4204 734 4284 ‘quid
768 4209 806 4269 ad
838 4210 967 4286 primum
999 4210 1187 4270 consulatum
1219 4209 1374 4286 secundus,

224 4297 343 4355 etiamsi
380 4314 533 4356 censuram
570 4294 717 4358 adioias?’
755 4298 857 4375 ibique
895 4302 1081 4376 interpretes.
1136 4299 1226 4360 Recte
1257 4300 1373 4359 Nonius

226 4381 355 4460 ‘optare,
383 4382 511 4463 eligere'.
558 4385 654 4446 Plaut.
675 4386 749 4447 Rud.
771 4389 834 4447 853
865 4384 943 4466 ‘rapi
969 4392 999 4448 te
1029 4388 1147 4450 obtorto
1176 4389 1252 4450 collo
1276 4392 1372 4448 mauis

225 4493 264 4533 on
291 4472 392 4532 trahi?
438 4473 595 4534 Vtrumuia
618 4480 691 4552 opta
713 4478 784 4536 dum
807 4474 888 4538 lioet'
914 4469 1039 4559 (catull.
1059 4478 1155 4537 LXIV
1175 4475 1239 4556 89).
1271 4510 1313 4519 -
1336 4496 1374 4538 κε
