3000 5002
568 380 633 438 dub.
652 398 679 435 u.
701 385 884 436 isal-lace.

654 639 818 699 DUBIA.

252 760 358 829 1351.
379 765 530 826 Charisius
544 763 626 828 GLI
640 785 668 842 p.
681 767 731 842 58,
743 764 818 824 2311
833 761 972 884 ‘Gomara
985 764 1096 825 dieitur
1109 757 1311 847 (dicimiurN)

159 898 194 953 ut
217 893 340 954 Verrius
363 893 487 953 Flaccus
515 890 667 967 adfirmat,
695 909 754 950 non
783 896 905 968 camarii
932 909 986 967 per
1012 909 1036 949 e.
1082 889 1134 950 sed
1156 890 1312 950 Lucretius

161 983 341 1077 “cumcrim
364 1000 488 1060 comesis
516 993 695 1059 &mcccv
724 997 848 1059 dicendo
879 999 970 1057 etiam
998 979 1120 1074 cumini
1142 997 1203 1058 dici
1225 999 1313 1074 posse

161 1085 312 1151 oaoendit'.
358 1084 440 1149 Beda
463 1088 499 1148 de
532 1087 747 1166 orthographia
774 1085 829 1147 GL
849 1086 908 1146 VH
931 1107 959 1163 p.
976 1088 1049 1163 266,
1070 1086 1149 1147 12Κ
1173 1082 1314 1146 ‘Cumara

160 1179 270 1239 dicitur
301 1183 336 1239 ut
365 1179 488 1238 Verrius
515 1177 640 1238 Flaccus
677 1177 829 1251 adfirmat,
865 1195 926 1236 non
958 1169 1075 1237 cambra
1106 1196 1160 1252 per
1191 1195 1215 1235 e.
1261 1176 1311 1235 sed

161 1268 317 1329 Lucretius
332 1265 481 1328 “wmeris
498 1285 532 1327 ra
550 1262 708 1327 ceresam
728 1265 851 1326 dicendo
870 1267 963 1326 ctiam
981 1284 1130 1325 cameram
1148 1265 1208 1325 dici
1226 1284 1312 1342 posse

163 1354 315 1418 ostendit’.
360 1357 473 1417 Paulus
496 1377 531 1416 ex
555 1357 643 1416 Festo
666 1376 695 1432 p.
711 1357 763 1430 43,
784 1357 823 1416 17
850 1351 982 1414 ‘camara
1004 1360 1034 1413 et
1052 1357 1166 1414 'camari
1184 1354 1276 1414 boues
1295 1374 1313 1414 a

164 1447 337 1507 curuatione
360 1466 396 1506 ex
419 1444 531 1505 Graeco
554 1441 714 1505 dicuntm'.
761 1444 796 1504 In
820 1443 918 1504 Bedae
942 1446 1087 1520 excerptis
1111 1443 1263 1504 meliorem
1282 1444 1312 1503 in

161 1556 251 1597 uersu
278 1537 332 1598 illo
358 1539 510 1596 seramus
538 1554 597 1595 non
621 1553 683 1595 esee
706 1536 885 1611 scripturam
912 1532 963 1593 sed
987 1534 1094 1592 lacuna
1117 1532 1312 1611 deprauatam

162 1629 289 1703 apparet
319 1627 378 1685 nisi
410 1624 491 1702 qnod
522 1626 555 1684 in
586 1626 721 1685 mnibus
754 1623 879 1700 simplex
910 1643 926 1681 r
952 1625 1063 1683 rectius
1094 1623 1196 1700 posuit
1223 1641 1313 1699 quam

162 1715 304 1775 librarius
328 1713 465 1774 Charisii.
506 1712 592 1774 Vnde
615 1715 679 1774 solo
703 1712 757 1774 cod
780 1712 980 1789 Neapolitano
1004 1730 1074 1773 usus
1093 1711 1185 1771 uerba
1206 1715 1313 1789 poetae

161 1804 243 1864 illius
271 1805 362 1864 suase
390 1805 520 1866 conicias
549 1798 733 1878 ‘comaeque
758 1803 867 1863 wirici
894 1819 929 1861 cr
958 1795 1059 1861 roae&
1109 1800 1215 1861 Posuit
1240 1802 1313 1860 haec

162 1893 253 1954 uerba
280 1893 487 1954 Lachmannus
515 1892 592 1952 libro
619 1891 752 1952 Lucretii
771 1891 813 1950 vl
841 1893 909 1967 post
928 1912 955 1950 u.
976 1893 1039 1952 839
1069 1881 1151 1972 (uide
1182 1890 1220 1949 ad
1243 1889 1312 1949 dub.

161 1983 266 2061 fragm.
286 2005 313 2043 u.
331 1984 415 2043 1364
431 1973 507 2064 seq.)
537 1985 693 2045 comment
712 2002 740 2058 p.
762 1982 839 2042 899:
877 1980 957 2057 quod
993 1980 1068 2039 mihi
1099 1979 1219 2040 uidetur
1251 1997 1313 2039 essa

161 2073 346 2149 probabilius
383 2092 473 2148 quam
509 2071 625 2131 Lucilio
662 2070 853 2131 tribuendum
896 2087 958 2130 asae
995 2068 1077 2128 istud
1113 2068 1314 2148 fragmentum

163 2156 256 2242 (quod
279 2162 314 2219 Α.
335 2159 491 2220 Cramerus
514 2164 622 2220 statuit
644 2161 676 2219 in
696 2160 829 2220 quenal.
849 2163 1005 2219 comment.
1025 2163 1084 2219 uet.
1102 2158 1209 2218 Hamb.
1227 2159 1312 2218 1823

162 2270 190 2325 p.
207 2242 285 2329 502)
310 2248 386 2322 ideo,
410 2251 482 2324 qiuia
504 2268 609 2308 reuera
631 2250 684 2308 illo
712 2249 778 2308 loco
801 2248 932 2307 Lucretii
960 2248 1060 2327 agitur
1090 2246 1260 2327 defrigere
1284 2251 1314 2308 et

163 2338 261 2398 calore
279 2357 328 2397 uu.
348 2338 414 2396 840
428 2356 519 2414 seqq„
541 2342 614 2396 arcs
632 2336 814 2397 adiectiuam
832 2335 965 2397 Lucretii
985 2339 1140 2414 proprium
1159 2342 1213 2412 est
1232 2337 1313 2414 apud

162 2430 277 2488 ueteres
296 2430 400 2504 poetas
418 2430 489 2485 ante
506 2424 639 2486 Lucretii
653 2428 784 2485 aetaoem
797 2444 857 2485 non
871 2426 990 2485 uidetur
1004 2431 1111 2486 extare.
1149 2445 1163 2486 e
1180 2427 1314 2486 litteram

162 2520 357 2577 correctorem
385 2517 510 2594 apparat
537 2515 647 2576 codicis
669 2514 864 2592 Neapolitani
891 2515 981 2575 semel
1007 2533 1060 2575 suo
1083 2515 1148 2574 loeo
1171 2517 1313 2592 posuisse,

163 2606 209 2665 bis
236 2624 400 2683 perperam.
447 2605 592 2682 Supplaas
620 2605 675 2666 hoc
702 2604 789 2664 modo
821 2599 901 2663 ‘cnm
925 2604 1006 2664 calor
1033 2624 1067 2665 ex
1091 2605 1210 2664 iornaoe
1233 2610 1315 2664 meat

162 2714 338 2772 eameraque
375 2696 485 2755 camini
521 2713 556 2753 ex
592 2689 701 2757 tereti'.
755 2693 867 2753 liudem
903 2693 1033 2770 pertinet
1069 2693 1150 2770 quod
1181 2693 1315 2754 seruauit

163 2787 364 2862 fragmentum
393 2783 536 2844 Sacerdos
560 2782 615 2843 GL
634 2783 678 2842 VI
700 2802 729 2860 p.
749 2784 867 2857 448,ss
897 2778 943 2842 ‘ut
969 2782 1126 2844 Lucretius
1155 2778 1314 2843 “mensibu

164 2870 305 2954 lrigus''’
331 2872 382 2932 ubi
403 2874 477 2933 item
500 2872 536 2933 de
559 2874 670 2952 frigore
693 2871 802 2952 agitur.

257 2954 363 3023 1353.
382 2963 493 3022 Paulus
507 2982 542 3022 ex
556 2963 644 3022 Festo
662 2982 691 3039 p.
707 2963 759 3038 54,
775 2964 792 3020 2
814 2958 1021 3022 ‘centenariae
1035 2980 1125 3021 cenae
1138 2961 1315 3021 dicebantur

164 3054 194 3110 in
227 3070 301 3129 quas
333 3052 398 3130 lege
425 3051 543 3113 Licinia
569 3070 630 3112 non
661 3052 728 3129 plus
756 3051 941 3111 centussibus
968 3054 1088 3127 pneter
1117 3054 1197 3111 tenu
1224 3054 1314 3111 enata

163 3140 389 3219 inpendebatur,
411 3140 442 3200 id
465 3145 512 3201 ast
534 3144 651 3201 centium
675 3141 803 3216 assibus,
832 3143 883 3217 qui
906 3142 992 3200 erant
1014 3141 1118 3201 breues
1141 3143 1256 3200 nummi
1279 3161 1315 3200 ex

164 3227 251 3290 aare’.
293 3229 487 3292 Centenarius
506 3230 685 3291 uocabulum
704 3229 892 3290 Lucilianum
909 3233 955 3289 est
973 3232 1092 3307 proprie
1109 3223 1174 3312 (lib.
1184 3229 1315 3289 XXVIII

164 3341 191 3380 u.
209 3314 286 3401 776)
306 3322 395 3381 sicuti
413 3322 622 3399 argumentum
640 3320 700 3381 loci
717 3319 855 3380 Veniani
874 3318 913 3379 ad
931 3319 1040 3379 Lucilii
1058 3321 1162 3397 poesin
1181 3321 1314 3396 spectare

163 3411 356 3470 manifamum
388 3414 446 3470 est:
478 3411 550 3470 conl
579 3410 616 3470 ad
649 3409 741 3469 lib.V
764 3429 792 3468 ιι.
818 3410 881 3469 193
913 3411 1017 3468 incert.
1041 3427 1068 3468 u.
1095 3412 1188 3469 1172.
1221 3410 1313 3469 1200.

163 3499 261 3570 Quare
284 3498 400 3559 Lucilio
422 3498 591 3558 tribuimus.
637 3498 830 3559 centenarias
855 3517 943 3560 conas
965 3499 1100 3576 appellat
1128 3500 1220 3559 etiam
1243 3499 1314 3557 Ter-

162 3589 280 3648 tullian.
299 3589 449 3666 apologet.
467 3607 531 3666 cap.
547 3588 599 3663 Vl,
617 3587 653 3648 de
678 3589 824 3650 uocabulo
847 3590 1033 3648 centenarius
1056 3587 1137 3664 apud
1155 3590 1314 3664 scriptores

164 3677 348 3738 Obiistianos
367 3678 431 3756 egit
443 3676 588 3738 Oehlerns
606 3678 645 3737 ad
659 3678 782 3738 Tertull.
802 3677 839 3737 de
859 3697 957 3738 coron.
972 3696 1036 3756 cap.
1051 3669 1208 3759 xlv(1.p.
1224 3670 1313 3758 454).

255 3758 362 3829 1354.
385 3767 537 3828 quenalis
560 3767 660 3827 1150
684 3764 777 3827 ‘dicas
800 3768 847 3826 hie
871 3768 1010 3827 forsitan:
1035 3762 1137 3826 “unda
1159 3764 1325 3844 ingenium

163 3872 220 3932 par
250 3854 415 3915 materiae?
446 3857 524 3916 unde
554 3856 610 3916 illa
640 3857 774 3932 priorum
806 3854 952 3917 scribendi
981 3854 1186 3932 quodcumque
1214 3855 1313 3915 anino

164 3944 309 4022 flagrante
340 3943 448 4005 liberet
479 3940 699 4021 simplicitas?”
732 3947 816 4006 cuius
847 3965 908 4004 non
940 3943 1034 4004 audeo
1062 3943 1159 4004 dicere
1186 3942 1314 4003 nomen?

165 4033 237 4110 quid
259 4033 352 4093 refert
369 4032 457 4095 dictis
477 4035 614 4110 ignoscat
632 4034 747 4093 Mucius
770 4052 810 4092 an
828 4028 919 4093 non?
962 4032 1081 4092 Tribuit
1098 4033 1191 4092 uerba
1208 4032 1277 4093 inde
1296 4053 1314 4094 a

164 4124 247 4182 cuius
269 4122 294 4182 1.
313 4121 417 4183 Densa
438 4121 556 4184 Lucilio
579 4122 659 4198 quod
681 4125 736 4199 qui
752 4122 895 4199 probabit
911 4124 1009 4181 ausim
1027 4122 1139 4182 scribat
1156 4123 1313 4199 oportebit

163 4212 307 4273 Attamen
316 4212 432 4271 utillum
442 4215 650 4290 argumentum
664 4230 724 4289 quc
732 4212 806 4272 haec
815 4210 950 4271 firmetur
959 4214 1108 4272 sententia
1116 4212 1204 4271 uideo
1214 4212 1313 4273 afferri

163 4320 250 4379 posse
269 4304 373 4380 aptum
391 4320 444 4361 nec
463 4301 555 4361 uerba
572 4303 639 4376 ipsa
653 4303 810 4377 antiquum
823 4300 954 4377 produnt
968 4301 1069 4377 aliquo
1083 4301 1172 4361 modo
1186 4305 1313 4378 poetam.

256 4383 362 4453 1356.
385 4391 501 4452 Nonius
523 4411 552 4467 p.
568 4391 642 4466 540,
663 4393 704 4451 29
729 4386 910 4466 ‘amiitapae
933 4392 1031 4450 uestes
1051 4390 1192 4450 dicuntur
1208 4392 1312 4450 utrim·

60 4548 61 4551 Ἴ
164 4500 222 4557 que
246 4481 388 4540 babentes
418 4481 514 4540 uillas.
561 4480 695 4541 Lucilius
723 4475 806 4564 (uide
834 4479 886 4539 lib.
905 4480 920 4539 I
942 4501 970 4539 ιι.
993 4481 1032 4539 13
1057 4479 1100 4538 VI
1119 4500 1147 4539 ιι.
1163 4472 1244 4562 252)
1263 4527 1268 4539 .
1285 4529 1313 4541 ..
