3060 5010
600 337 652 405 ,IX
669 355 697 392 u.
717 343 867 396 377-881.
1253 339 1317 406 143

167 507 275 569 habuit
297 506 378 585 apud
399 506 533 581 Latinos,
557 526 647 584 quam
669 508 750 585 apud
773 508 875 570 Aeolis
898 508 1056 588 digamma.
1101 507 1189 570 Vnde
1211 529 1230 571 a
1255 510 1319 588 ple·

168 599 269 674 risque
291 596 449 658 11111111
472 597 528 657 hoc
550 597 648 673 datur,
671 598 750 676 quod
773 599 852 676 apud
877 598 978 659 Aeolis
1003 599 1110 659 habuit
1134 599 1207 659 olim
1228 601 1253 659 f
1275 599 1320 660 di·

168 705 297 766 gamma,
319 686 351 746 id
373 688 419 748 ast
442 681 550 746 “nau'’
574 686 612 746 ab
635 689 729 765 ipsius
752 706 825 748 uoce
847 689 1014 765 profectum
1036 690 1112 749 teste
1135 688 1271 749 Varrone
1290 692 1321 750 et

169 775 313 854 Didymo,
341 778 394 853 qui
416 775 448 835 id
471 778 500 836 ai
526 795 633 837 nomen
662 795 724 837 esse
752 773 934 839 ostendunt'.
979 777 1089 838 Anecd.
1108 776 1227 838 Heluat.
1246 777 1321 838 VIII

168 885 197 942 p.
218 867 292 941 223,
312 867 352 926 26
379 861 503 945 ‘Figura
526 865 629 943 itaque
651 866 734 926 illius
755 867 907 945 digamma
925 870 1057 927 uocatur.
1094 867 1231 928 Potestas
1249 887 1321 927 uero

169 956 301 1015 eiusdem
323 974 385 1015 nau
407 955 587 1032 nominatur,
611 973 702 1033 quam
725 957 904 1033 accipientes
923 955 1024 1016 Latim
1047 961 1212 1035 posuerunt
1233 976 1323 1035 super

168 1065 189 1104 u
216 1048 428 1105 consonantem
455 1048 487 1105 et
513 1046 587 1105 tacit
614 1066 635 1105 u
662 1063 827 1106 consonans
855 1046 935 1123 apud
963 1065 1030 1122 nos,
1063 1046 1142 1124 quod
1169 1047 1322 1125 digamma

170 1135 249 1211 apud
277 1129 417 1196 Graecos’
438 1181 445 1193 .
465 1180 472 1193 .
491 1180 498 1194 .
518 1126 598 1216 (Tar.
618 1134 719 1194 Soaur.
737 1135 797 1195 VH
815 1155 844 1213 p.
865 1138 916 1211 11,
936 1129 979 1216 5).
1029 1136 1154 1197 Accedit
1181 1138 1320 1197 alterum.

168 1223 265 1285 Vama
288 1225 321 1286 in
346 1223 423 1284 libro
451 1225 488 1284 de
516 1225 698 1300 antiquitate
725 1225 896 1285 litterarum
924 1226 962 1285 ad
984 1225 1017 1285 L.
1032 1225 1158 1286 Accium
1185 1227 1322 1303 exposuit

169 1317 244 1374 teste
263 1314 404 1392 Pompeio
424 1312 474 1373 GL
493 1313 521 1369 V
539 1333 568 1390 p.
588 1316 639 1389 98,
660 1316 700 1373 22
726 1309 1019 1391 ε1111111171111111,
1042 1317 1147 1392 postea
1165 1335 1200 1377 11
1219 1334 1321 1392 super·

169 1403 228 1464 fluo
247 1403 366 1464 additas
385 1403 460 1464 alias
478 1403 596 1463 litteras
615 1406 647 1464 et
664 1405 760 1464 factas
777 1398 900 1464 XXIII’.
934 1396 1165 1486 (Wilmannsius
1183 1405 1220 1465 de
1233 1404 1320 1464 Varr.

169 1493 253 1553 libris
276 1512 401 1572 gramm.
419 1513 449 1570 p.
469 1484 557 1576 219.)
599 1491 679 1553 eom
697 1493 838 1554 Priscian.
857 1494 888 1552 H
905 1515 934 1572 p.
957 1497 984 1572 7,
1005 1496 1044 1553 27
1071 1490 1125 1555 ’111
1146 1497 1217 1554 sunt
1238 1494 1321 1554 inde·

169 1583 323 1643 elinabilia
353 1585 417 1643 tam
450 1581 530 1660 apud
559 1576 687 1643 Graecos
719 1583 931 1644 elementorum
963 1585 1086 1645 nomina
1117 1603 1208 1661 quam
1240 1583 1320 1661 apud

168 1671 303 1748 Latinos,
326 1674 390 1734 siue
409 1671 488 1748 quod
508 1691 526 1731 a
542 1671 679 1733 barbaris
696 1674 821 1732 inuenta
839 1673 987 1750 dicuntur,
1011 1673 1090 1750 quod
1108 1692 1171 1734 assa
1190 1673 1321 1734 ostendit

169 1760 266 1822 Varro
288 1763 320 1821 in
338 1761 370 1821 Π
392 1760 428 1821 de
452 1763 634 1838 antiquitate
657 1761 827 1822 litterarum
850 1762 958 1824 docens
980 1764 1085 1842 lingua
1103 1761 1321 1823 Chaldaeorum

170 1852 358 1930 singularum
380 1852 502 1911 nomina
524 1851 696 1912 fitterarum
718 1852 757 1911 sd
776 1872 877 1912 earum
896 1854 1007 1912 formas
1026 1871 1089 1913 esse
1107 1848 1200 1913 faea'
1215 1872 1239 1913 1.
1255 1872 1282 1929 q.
1297 1870 1320 1913 s.

171 1940 245 2000 (lum
272 1943 400 2003 sciamns
426 1940 590 2000 Varronem
609 1941 697 2000 XVII
727 1941 795 2001 illas
822 1959 883 2001 una
913 1943 1068 2002 nominum
1098 1944 1215 2002 ratione
1243 1960 1321 2002 com·

169 2031 329 2107 prehensas
363 2030 481 2091 litteras
516 2030 669 2108 probasse,
704 2030 758 2090 has
782 2031 854 2090 XVI
880 2031 993 2108 priscas
1025 2033 1089 2093 sins
1125 2031 1215 2092 dubio
1247 2031 1322 2092 dicit

170 2119 288 2180 easdem
306 2122 428 2196 excepta
446 2140 467 2199 g
484 2121 596 2197 littera,
618 2139 709 2197 quam
727 2119 875 2180 addidisse
895 2120 945 2198 Sp.
965 2120 1130 2181 Caruilium
1149 2121 1199 2198 Sp.
1218 2121 1320 2198 lipsa

170 2209 266 2270 Varro
290 2212 394 2270 auctor
417 2213 470 2270 est.
494 2202 588 2291 (Plnt.
608 2229 656 2286 qu.
675 2210 760 2269 Rom.
781 2211 831 2269 54.
853 2203 918 2291 59).
954 2210 1032 2270 Dein
1053 2212 1085 2271 in
1103 2212 1157 2270 illo
1176 2210 1253 2271 libro
1272 2229 1320 2272 er·

169 2299 298 2375 plioanit
320 2291 465 2380 (Pompei.
484 2299 504 2358 l.
523 2292 561 2381 a.)
586 2294 628 2359 ‘at
651 2318 704 2359 cur
724 2301 772 2358 tot
790 2299 851 2360 sint
869 2302 899 2360 et
918 2319 1009 2376 quare
1028 2319 1064 2361 eo
1082 2300 1185 2361 ordine
1203 2301 1320 2378 positae

170 2391 201 2448 11
232 2406 325 2466 quare
356 2388 451 2449 isdem
483 2387 652 2449 nominibus
684 2381 864 2469 uocantur').
918 2389 1002 2448 Idem
1019 2410 1048 2467 p.
1069 2391 1147 2465 108,
1167 2392 1207 2450 13
1242 2385 1320 2449 ‘illic

170 2481 419 2539 commemoratur
446 2480 498 2557 qui
525 2478 611 2539 illam
633 2479 766 2539 litteram
789 2479 873 2553 fecii,
901 2480 954 2555 qui
980 2475 1085 2539 illam'.
1106 2479 1319 2539 -Postremo

169 2570 362 2645 praeceptum
401 2567 545 2628 Varronis
585 2567 622 2627 de
658 2568 828 2629 litterarum
868 2566 1038 2628 nominibus
1078 2570 1232 2628 seruatum
1275 2572 1320 2628 est

170 2657 221 2717 sad
257 2657 455 2734 posteriorum
495 2660 664 2734 temporum
708 2657 920 2718 additamentis
958 2660 1081 2717 auctum
1121 2657 1201 2734 apud
1238 2650 1319 2737 [Ser-

170 2741 267 2827 gium]
285 2747 330 2807 IV
348 2767 377 2824 p.
397 2749 471 2823 520,
492 2748 532 2807 18
565 2746 612 2808 his
644 2747 743 2808 uerbis
772 2742 879 2807 ‘Varro
911 2747 986 2806 dicit
1013 2749 1209 2807 consonantes
1236 2745 1274 2805 ab
1302 2766 1319 2805 1

169 2836 275 2896 debera
301 2837 433 2914 incipere
459 2855 536 2914 quae
563 2837 756 2897 ssmiuocales
783 2841 854 2897 sunt
880 2840 910 2896 et
940 2838 973 2895 in
1003 2856 1019 2896 1
1049 2836 1154 2896 debere
1186 2836 1319 2897 desinere

170 2945 247 3003 quae
269 2927 371 2986 mutae
393 2931 472 2987 sunt.
508 2927 579 2986 Ideo
603 2926 674 2986 illae
698 2930 769 3003 quia
791 2946 851 2986 non
874 2927 912 2986 ab
931 2946 947 2986 a
969 2927 1119 3003 incipiunt
1138 2928 1284 3002 usquein
1303 2945 1319 2985 1

170 3015 322 3091 desinunt,
344 3019 470 3092 possunt
492 3017 558 3093 pati
580 3016 773 3092 calumniam,
802 3020 837 3076 ut
859 3036 912 3076 nec
935 3016 1053 3077 litterae
1080 3015 1239 3076 uideantur
1266 3017 1320 3075 aut

171 3124 230 3164 non
253 3107 315 3166 sint
336 3107 519 3167 necessaria
541 3108 577 3165 ut
599 3108 723 3166 suntin
746 3105 974 3166 semiuocalibus
992 3125 1011 3164 1
1030 3108 1061 3167 11
1079 3125 1102 3164 1.
1147 3107 1216 3165 Non
1239 3105 1318 3165 enim

170 3199 241 3254 sunt
266 3196 464 3272 necessariae,
491 3215 561 3256 nam
589 3195 722 3272 duplices
749 3199 833 3268 sunt,
860 3197 933 3272 quia
959 3215 994 3255 ex
1021 3196 1091 3255 aliis
1117 3195 1227 3255 littaris
1254 3196 1320 3255 lieri

170 3288 302 3360 possunt.
358 3285 403 3344 llx
435 3286 526 3346 mutis
557 3288 748 3346 remoueatur
783 3288 907 3362 propter
941 3285 1026 3345 illam
1064 3304 1154 3362 quam
1190 3285 1318 3345 diximus

170 3376 317 3434 rationem
335 3374 355 3433 h
374 3375 394 3434 lr
414 3394 447 3451 q:
469 3375 491 3434 11
513 3374 593 3452 quod
620 3376 765 3452 aspiratio
794 3376 847 3450 sit,
874 3393 935 3434 non
961 3374 1076 3436 littera:
1105 3376 1125 3433 11
1143 3379 1174 3434 11
1195 3394 1214 3451 q
1242 3375 1319 3450 ideo,

170 3464 250 3540 quod
263 3483 279 3524 1
293 3465 396 3524 littera
414 3465 521 3524 hamm
538 3464 637 3524 locum
654 3466 750 3541 possit
767 3459 911 3540 implere'.
946 3463 1067 3524 Seruius
1080 3464 1125 3524 IV
1142 3484 1171 3541 p.
1188 3466 1317 3539 422,15

170 3552 314 3614 Varronis
337 3555 456 3614 nomine
478 3555 588 3614 omisso
612 3549 823 3614 ‘Semiuocales
846 3555 918 3613 sunt
939 3556 1062 3630 septem,
1085 3573 1161 3629 quae
1184 3555 1229 3613 ita
1250 3572 1318 3629 pro·

170 3643 316 3719 feruntur,
339 3645 374 3704 ut
393 3643 534 3704 inchoent
552 3643 589 3703 ab
608 3664 624 3704 e
642 3644 746 3704 littera
764 3645 795 3703 et
812 3642 950 3704 desinant
967 3646 999 3702 in
1018 3643 1186 3703 naturalem
1204 3661 1319 3719 sonum,

169 3734 205 3792 ut
227 3732 303 3792 1111
321 3753 368 3793 am
386 3726 621 3816 aneresi1(cx
635 3726 713 3815 cod).
750 3732 808 3792 Sed
822 3752 840 3791 x
855 3731 1054 3793 abiinchoat
1067 3734 1097 3791 et
1111 3732 1236 3791 duarum
1250 3750 1319 3791 con·

170 3822 341 3881 sonantium
367 3822 502 3901 fungItur
528 3818 605 3883 looo’
627 3821 779 3883 ...Idem
798 3823 839 3881 32
865 3817 979 3882 ‘Mutae
1001 3824 1072 3882 sunt
1093 3839 1213 3895 nouem,
1241 3838 1318 3896 quae

170 3909 278 3971 debent
295 3912 434 3972 iuchoare
457 3931 476 3972 a
498 3912 631 3972 natiuali
648 3929 721 3971 sono
740 3914 771 3971 at
787 3912 819 3971 in
838 3911 973 3972 uocalsm
991 3931 1007 3969 e
1025 3911 1158 3970 litteram
1176 3908 1318 3985 desinere,

170 4003 205 4060 ut
226 4000 246 4059 b
264 4020 285 4078 g
303 4004 334 4061 et
355 4001 496 4078 reliquae.
537 4001 583 4060 Ex
606 4000 713 4077 quibus
736 4003 805 4077 tres,
829 4000 969 4077 quoniam
995 4018 1053 4058 non
1077 3997 1216 4058 doemunt
1237 3999 1270 4059 in
1293 4018 1318 4073 c,

170 4090 381 4150 contumeliam
404 4093 575 4168 patiuntur,
597 4089 616 4148 h
635 4090 656 4147 lr
674 4110 702 4166 q.
738 4089 768 4148 H
787 4110 805 4150 a
827 4089 978 4166 plerisque
1001 4087 1214 4164 adspirationis
1237 4090 1318 4163 nota,

171 4198 189 4238 a
211 4180 361 4257 plerisque
385 4198 549 4241 consonans
578 4178 786 4239 1111111111
810 4196 881 4239 uero
904 4182 934 4237 et
957 4199 977 4256 q
1000 4177 1089 4238 aliter
1115 4195 1169 4236 nos
1196 4179 1318 4253 utimur,

170 4269 260 4329 aliter
286 4272 334 4330 usi
360 4273 431 4330 sunt
458 4271 585 4329 maiores
613 4270 716 4328 nostri
766 4269 904 4344 Namque
932 4268 981 4327 1111
1004 4269 1267 4345 quotienscumque
1299 4287 1318 4327 a

170 4359 359 4437 sequabatur,
377 4360 397 4417 lr
421 4358 675 4436 praeponebant
666 4378 698 4417 1n
721 4360 804 4418 omni
821 4359 908 4434 parta
931 4358 1089 4433 orationis,
1112 4360 1146 4417 ut
1171 4357 1266 4434 kaput
1288 4361 1319 4416 ot

170 4450 295 4525 similia,
322 4467 375 4508 nos
399 4467 469 4508 uero
492 4467 552 4508 non
575 4449 790 4525 usurpamuslr
813 4448 947 4507 1111111111
975 4450 1034 4508 nisi
1060 4449 1092 4507 in
1115 4446 1318 4508 Kalendarum
