3036 5004
216 351 280 417 318
643 344 720 400 XXX
737 364 764 400 u.
785 348 934 399 atr-ers.

663 508 686 532 d

216 522 235 580 l.
254 541 277 580 s.
295 541 324 596 p.
345 520 422 580 158:
445 516 561 577 ἅπαντα
583 514 619 576 τὰ
642 517 679 588 ζα
712 513 772 576 ἐστὶ
800 513 1001 596 μακαριώτερα
1029 506 1248 596 (μακαριώτατα
1276 511 1370 572 codd:

217 631 263 669 em
291 601 427 689 Grotius)
454 604 505 666 καὶ
531 613 606 666 νοῦν
634 603 736 683 ἔχοντα
764 607 874 682 μᾶλλον
901 601 1067 683 ἀνθρώπου
1094 602 1179 663 πολύ.
1211 601 1263 662 τὸν
1292 599 1370 662 ὄνον

218 696 290 779 ὁρᾶν
314 697 404 770 ἔξεστι
426 705 526 777 πρῶτα
549 694 678 755 τουτονί·
702 685 790 766 οὗτος
808 693 998 771 κακοδαίμων
1016 690 1095 753 ἐστὶν
1113 688 1370 772 ὁμολογουμένως.

217 789 329 848 Locum
352 787 482 864 priorem
504 784 661 844 Menandri
687 787 803 861 spectat
826 783 975 843 Plutarch.
999 785 1112 859 quaest.
1132 800 1216 841 couu.
1234 781 1278 840 IX
1297 781 1328 854 5,
1350 783 1367 840 1

218 875 290 939 ὄνον
312 872 453 957 γενέσθαι
475 878 607 955 κρεῖττον
626 923 632 936 .
649 920 654 931 .
672 920 677 931 .
696 870 746 933 καὶ
769 869 785 932 ὁ
804 875 926 944 Σῶσπις
948 871 1071 952 γελάσας
1090 864 1166 931 ’ἀλλ’
1192 868 1246 943 ἕως
1265 867 1370 947 μέλλο-

219 989 272 1045 μεν
290 964 450 1026 ἐνδύεσθαι
469 962 501 1024 τὸ
520 961 698 1040 κανθήλιον,
718 1010 723 1022 .
740 1009 768 1021 ..
788 962 909 1034 δίδαξον
931 957 1020 1039 ἡμᾶς’
1040 964 1100 1021 κτλ.
1137 959 1371 1036 thuilielmus,

219 1062 281 1116 tum
302 1055 516 1115 Baehrensius:
544 1055 588 1112 uti
604 1053 746 1127 pecudem
768 1057 794 1111 tc
816 1054 990 1125 asinumque
1012 1056 1058 1125 ut,
1080 1051 1099 1109 i.
1118 1070 1142 1110 e.
1166 1053 1210 1109 uti
1227 1051 1372 1124 pecudea

219 1151 244 1206 te
268 1150 294 1205 et
315 1149 348 1204 ut
370 1147 502 1204 caiuma:
526 1142 556 1202 G.
571 1141 721 1201 Gracchus
740 1139 817 1201 ORF
837 1140 873 1199 ed
890 1141 922 1200 Π
939 1161 968 1216 p.
990 1141 1095 1200 23511
1118 1135 1163 1199 ‘ui
1189 1139 1370 1216 pateremini

218 1236 275 1295 hoc
297 1238 431 1311 tempore
454 1251 501 1292 me
525 1232 675 1309 quiescere
698 1250 734 1290 ne
758 1249 776 1290 a
799 1233 892 1306 stirpe
915 1249 1008 1308 genus
1031 1233 1166 1290 nostrum
1183 1228 1322 1289 interiret
1345 1233 1373 1288 ct

219 1327 263 1384 uti
285 1326 387 1400 aliqua
409 1341 544 1399 propago
567 1321 683 1400 generis
706 1321 801 1380 nostri
823 1320 939 1396 reliqua
962 1315 1061 1380 esset'.

310 1407 394 1474 976.
417 1413 674 1487 Noniusp.413,
696 1412 736 1469 13
762 1405 914 1469 ‘Taetrum
937 1409 1047 1468 dicitur
1067 1409 1258 1483 inluuiosum,
1281 1407 1372 1467 faeti-

221 1505 300 1563 dum.
324 1500 540 1562 ...Lucilius
567 1499 618 1559 lib.
638 1500 719 1558 XXX
749 1494 851 1575 “quae
878 1518 938 1558 non
967 1503 1099 1572 spectans
1132 1490 1305 1580 (expectans
1327 1490 1372 1579 G)

220 1593 369 1667 spectcrcdi
392 1590 493 1650 studio
515 1608 546 1649 ec
569 1590 609 1648 ud
632 1580 690 1669 (ita
707 1588 737 1647 L
755 1608 793 1646 m.
813 1593 846 1647 1:
870 1591 902 1648 at
920 1607 957 1647 m.
976 1590 1007 1661 2,
1031 1588 1068 1648 ab
1089 1580 1131 1669 G)
1153 1589 1280 1647 bombus
1306 1578 1373 1667 (ho-

220 1682 348 1741 miuibus
364 1672 407 1761 G)
425 1679 517 1739 taetri
534 1677 657 1754 inpulsu
670 1673 866 1756 ingressus''.'
900 1677 1027 1754 Scripsit
1040 1676 1217 1737 Guilielmus
1230 1677 1372 1736 Verisim.

221 1792 249 1849 p.
270 1772 310 1830 37
340 1766 405 1845 ‘qui
432 1788 491 1828 non
519 1766 673 1844 spectandi
700 1766 812 1842 studio,
844 1766 895 1826 sed
924 1767 1032 1826 ominis
1060 1766 1132 1826 tetri
1161 1766 1293 1842 impulsu
1326 1765 1372 1823 in·

222 1854 350 1939 gressus'
376 1858 429 1934 qui
454 1858 491 1916 ad
519 1857 679 1935 apologum
707 1855 743 1915 de
770 1857 856 1916 leone
884 1860 1007 1935 aegroto
1036 1848 1078 1937 (11.
1099 1857 1163 1916 980
1173 1848 1268 1937 seqq.)
1296 1855 1372 1914 haec

222 1949 314 2008 uerba
333 1948 498 2006 arbitratur
515 1948 677 2022 pertinere:
696 1965 786 2023 quem
804 1948 899 2006 secuti
913 1951 984 2006 sunt
998 1945 1142 2022 Gorpetus
1156 1949 1187 2004 et
1200 1945 1374 2020 Muellerus,

223 2037 274 2098 sed
302 2039 355 2114 qui
381 2040 541 2111 impressori
567 2037 688 2112 scripsit
718 2040 755 2095 ut
787 2035 896 2095 debuit.
948 2035 1158 2096 Baehrensius:
1191 2030 1279 2112 ‘quae
1312 2053 1374 2093 non

224 2126 378 2205 spectandi
400 2125 548 2200 studiosa,
576 2125 743 2185 abdominis
770 2127 862 2184 taetri
888 2125 1021 2201 impulsu
1047 2118 1231 2203 ingressast'.
1276 2123 1374 2184 Lach-

224 2235 350 2276 mannus
378 2215 532 2275 Guilielmi
560 2216 661 2291 posuit
688 2216 749 2274 fere
778 2216 944 2274 lectionem.
995 2214 1094 2274 Verba
1121 2215 1160 2273 ad
1187 2214 1273 2272 illum
1301 2233 1374 2290 apo-

224 2307 326 2385 logum
348 2306 497 2382 pertinere
521 2305 643 2383 negabit
666 2306 719 2381 qui
741 2308 775 2364 ut
803 2303 891 2365 debet
919 2307 1066 2380 ingressus
1093 2303 1239 2364 seruabit:
1266 2302 1376 2380 uulpes

224 2398 303 2455 enim
321 2396 443 2454 minime
462 2394 629 2472 ingreditur
646 2396 679 2452 in
698 2395 870 2471 speluncam
889 2397 919 2454 et
938 2398 983 2453 est
1001 2395 1121 2454 femina.
1156 2393 1236 2468 Quos
1255 2393 1375 2452 intelle-

225 2485 326 2564 genda·
343 2488 414 2545 sunt
436 2484 538 2560 potius
556 2483 631 2559 loca,
655 2484 751 2543 ueluti
769 2485 865 2543 infera
885 2482 966 2543 Orci:
990 2503 1026 2544 ea
1043 2484 1193 2561 ingressus
1212 2484 1258 2542 est
1276 2481 1377 2542 ueluti

225 2575 329 2634 Vlixes
357 2574 405 2634 uel
432 2574 574 2634 Hercules
605 2574 654 2632 uel
687 2574 764 2634 alius
796 2576 963 2649 nescioquis
995 2592 1054 2633 non
1086 2572 1240 2650 spectandi
1274 2572 1376 2632 studio

226 2657 358 2745 (ulsendi
385 2663 486 2723 studio
509 2663 598 2743 Verg.
617 2663 691 2722 Aen.
709 2663 740 2721 II
760 2656 831 2745 63),
863 2663 915 2723 sed
943 2664 1074 2722 uminis
1105 2661 1196 2722 taetri
1228 2662 1376 2738 impulsu:

225 2755 276 2814 scd
297 2752 533 2829 recuperandum
556 2756 602 2812 est
625 2772 660 2810 ex
682 2771 713 2813 se
735 2754 776 2813 ad
799 2753 925 2812 lectione
949 2752 1058 2812 codicis
1076 2752 1101 2811 L
1120 2772 1157 2810 m.
1181 2757 1208 2812 1.

315 2836 399 2903 978.
423 2843 538 2902 Nonius
560 2862 589 2919 p.
611 2844 684 2917 274,
706 2846 743 2902 11
771 2838 936 2916 ‘Guratum,
959 2861 1026 2901 cum
1049 2841 1161 2901 dilectu
1185 2845 1376 2919 apparatum.

226 2932 360 2991 Lucilius
388 2931 439 2991 lib.
458 2932 541 2990 XXX
569 2926 624 2990 “et
647 2932 890 2991 circumuolitant
911 2933 1044 3004 ficoclae
1065 2931 1147 2990 turdi
1175 2934 1286 2992 curatis
1317 2934 1377 2991 coci

228 3015 354 3102 (curatis
387 3022 449 3080 soci
468 3014 556 3103 G)''.'
613 3019 724 3080 Curare
756 3021 878 3080 uerbum
910 3022 1031 3097 proprie
1063 3023 1109 3080 est
1141 3022 1270 3081 culinae:
1307 3023 1381 3081 conf

227 3112 337 3170 Donat.
356 3110 394 3169 ad
417 3109 510 3167 Andr.
528 3110 544 3167 Ι
565 3111 635 3184 1,3
675 3106 826 3170 ‘curentur
866 3107 959 3185 recte]
996 3110 1156 3189 diligenter
1196 3106 1375 3188 coquantur'

226 3201 351 3276 Apicius
369 3198 412 3258 [V
433 3200 496 3258 143
521 3193 628 3275 ‘pisces
652 3200 830 3276 qualeslibet
852 3203 970 3260 curatos
993 3194 1096 3277 friges’
1124 3201 1184 3259 151
1208 3197 1378 3274 ‘denticem,

227 3292 367 3348 auratam
385 3291 416 3347 et
433 3289 576 3367 mugilem
591 3291 727 3365 accipies,
745 3293 864 3350 curatos
883 3288 1052 3349 subassabis
1069 3336 1074 3347 .
1091 3336 1097 3348 .
1113 3336 1119 3348 .
1135 3289 1240 3349 deinde
1254 3290 1378 3349 hostrea

228 3373 358 3438 curabis’
383 3377 458 3437 VIII
482 3380 545 3437 372
576 3373 752 3454 ‘porcellum
780 3379 913 3439 farsilem
940 3378 1055 3438 duobus
1078 3379 1248 3455 generibus:
1276 3375 1376 3438 curas'

229 3488 252 3526 e.
268 3487 296 3543 q.
311 3487 333 3527 s.
353 3469 418 3527 400
438 3462 580 3543 ‘leporem
599 3486 695 3542 curas,
716 3486 843 3542 exossas,
862 3462 972 3528 ornas':
994 3468 1122 3545 denique
1140 3471 1219 3527 recte
1237 3467 1380 3528 scribitur

229 3556 315 3633 Apio.
334 3557 377 3616 IV
399 3559 460 3617 125
486 3551 631 3616 ‘ficetulas
654 3551 836 3635 cur<o>tas'.
873 3557 967 3616 Turdi
989 3576 1057 3617 cum
1080 3556 1213 3616 ficedulis
1238 3575 1298 3615 nna
1316 3577 1378 3616 me-

230 3649 385 3707 morantur
406 3646 490 3722 Apic.
510 3646 585 3704 VIII
604 3647 668 3704 384
693 3642 799 3719 turdi,
826 3646 975 3721 ficetulae,
1002 3647 1088 3706 isicia
1116 3645 1153 3704 de
1181 3646 1273 3722 pulpa
1300 3642 1378 3721 sua'3

229 3739 262 3795 in
285 3736 381 3796 edicto
404 3735 586 3794 Diocletiani
603 3734 647 3792 IV
666 3736 707 3793 36
732 3753 839 3794 nornen
857 3735 998 3794 Latinum
1021 3738 1121 3811 periit,
1144 3735 1254 3794 Graece
1275 3735 1378 3795 dicun-

231 3830 281 3885 tur
308 3824 476 3899 σοναλίδες,
504 3824 586 3883 turdi
612 3827 803 3884 recensentur
820 3824 864 3882 IV
885 3826 935 3899 27,
963 3823 1073 3884 Graece
1103 3825 1244 3884 dicuntur
1274 3825 1379 3903 κίχλαι.

229 3915 311 3974 Ante
333 3914 481 3973 Lucilium
504 3913 564 3972 iam
588 3913 646 3973 duo
669 3916 729 3973 ista
752 3915 853 3973 auium
877 3934 985 3994 genera
1008 3934 1068 3973 una
1091 3918 1271 3974 memorarat
1289 3915 1380 3974 Plau·

232 4009 282 4064 tus
300 4006 364 4064 ioco
383 4002 435 4063 illo
456 4002 541 4079 Gapt.
563 4003 625 4062 163
646 3999 732 4079 ‘opus
749 4004 926 4077 turdetanis,
949 4023 1023 4079 opus
1043 3999 1281 4064 ficedulensibus’
1300 4005 1380 4064 unde

232 4096 350 4154 constat
382 4092 418 4151 de
451 4092 664 4170 orthographia
696 4093 834 4154 uocabuli
866 4093 945 4170 quod
976 4097 1056 4153 recte
1088 4096 1279 4170 comparatur
1312 4114 1380 4154 cum

232 4182 371 4242 οονοάνίο
400 4183 556 4241 ναονοᾱοὶο
582 4183 713 4242 udedulu
744 4183 941 4256 querqucdala
973 4182 1142 4244 nominibus
1169 4186 1200 4243 et
1227 4185 1247 4244 d
1277 4185 1381 4244 lIttera

232 4272 376 4347 scriptum
404 4271 543 4331 exhibent
570 4271 644 4331 codd
666 4272 816 4333 Martialis
839 4271 973 4331 Petronii
997 4272 1089 4331 Plinii
1115 4273 1267 4332 quenalis
1291 4273 1383 4335 Gellii

234 4360 389 4432 Varronis,
413 4362 467 4437 qui
490 4361 525 4419 de
544 4361 562 4419 l.
581 4360 648 4420 Lat.
667 4360 695 4416 V
715 4363 755 4420 76
781 4357 918 4421 ‘ficedula
941 4365 971 4421 et
993 4363 1141 4421 miliarias
1164 4381 1183 4420 a
1203 4363 1279 4438 cibo,
1301 4365 1383 4440 quod

236 4450 349 4511 alterae
372 4449 436 4526 fico,
460 4451 572 4510 alterae
594 4450 678 4510 milio
701 4450 779 4510 fiunt
801 4447 947 4530 pingues’.
993 4452 1104 4512 Lucilii
1125 4452 1217 4511 uerba
1242 4457 1384 4531 corrupta
