3030 5002
198 348 242 412 52
638 345 677 400 111
696 364 724 400 u.
746 350 894 402 roe-110.

198 516 378 595 dedignatur
408 517 510 592 poeta:
543 515 602 576 duo
633 514 780 575 uocabula
807 515 986 592 parbomoeo
1019 514 1204 575 consociauit
1226 515 1262 572 ut
1290 511 1348 572 (lic.

197 605 346 666 dedomo
370 607 410 665 53
441 600 551 665 ‘labem
579 607 670 681 atque
697 604 825 664 eluuiem
853 599 996 664 ciuitatie'
1027 595 1094 684 (pro
1118 603 1192 663 Sest.
1213 606 1256 663 20
1276 598 1350 662 ‘labi

201 695 248 754 illi
273 698 362 770 atque
385 688 512 777 caeno’).
558 696 585 753 A
609 694 691 754 labes
713 693 833 755 labosus
854 696 890 752 ut
913 714 930 754 a
953 693 1050 753 rabies
1073 693 1208 753 rabiosus
1230 691 1349 751 similia.

200 785 300 844 Antea
322 802 428 845 causas
451 784 639 844 enumerauit
658 783 791 843 Lucilius
813 783 1029 859 interlocutori,
1057 801 1149 860 quare
1173 780 1277 858 Capua
1298 781 1350 840 uia

199 873 319 950 Popilia
342 875 452 934 fretum
477 877 578 950 petere
602 871 822 932 incommodum
846 874 899 947 sit;
929 891 1056 950 quarum
1079 875 1144 931 erat
1172 871 1350 949 grauissima

202 963 319 1023 itineris
351 963 508 1041 longitudo
540 962 656 1022 dierum
688 961 746 1021 XII
775 961 824 1021 uel
851 962 925 1020 XIII
948 981 1015 1021 cum
1042 962 1137 1021 multo
1164 960 1283 1020 breuior
1310 962 1351 1021 sit

202 1070 305 1112 cursus
337 1053 506 1112 maritimus
537 1053 691 1128 possitque
724 1069 786 1111 esse
818 1050 933 1110 dierum
965 1050 1171 1110 tantummodo
1203 1049 1235 1109 H
1266 1040 1350 1130 (uide

199 1160 291 1218 supra
314 1160 342 1218 p.
359 1134 425 1224 46).
466 1140 561 1201 Addit
583 1141 689 1200 deinde
712 1140 771 1200 iter
792 1140 928 1200 labosum
951 1143 982 1200 et
999 1141 1130 1200 lutosum
1149 1157 1219 1199 esse.
1262 1138 1351 1198 Simi-

199 1232 269 1291 liter
302 1231 434 1290 Rutilius
466 1229 586 1290 Namat.
605 1230 621 1289 I
640 1232 682 1290 31)
717 1226 854 1290 ‘Iamiam
890 1229 999 1288 laxatis
1032 1248 1117 1289 carae
1142 1228 1350 1306 ,complexibus

199 1321 281 1380 urbis
303 1319 461 1380 Vinoimur
489 1323 520 1379 et
547 1339 645 1380 serum
673 1321 724 1378 uix
751 1320 912 1380 toleramus
941 1319 1006 1378 iter.
1053 1318 1190 1379 illectum
1212 1318 1349 1396 pelagus:

200 1411 341 1485 quoniam
377 1412 496 1470 terrena
533 1410 652 1468 uiarum
687 1409 779 1486 plana
810 1408 932 1469 madent
963 1407 1077 1483 dumis,
1114 1406 1251 1467 cautibus
1287 1408 1351 1466 alta

198 1494 317 1578 rigent?
370 1497 481 1569 Quodsi
513 1502 592 1558 recte
624 1518 673 1556 uu.
690 1499 740 1557 97.
761 1499 802 1557 98
833 1497 1024 1575 interpretati
1055 1516 1169 1571 sumus,
1205 1497 1351 1555 maritimi

200 1587 280 1664 quod
303 1587 413 1647 maluit
435 1590 583 1664 suscipere
610 1588 701 1664 poeta
727 1587 843 1646 itineris
871 1587 1016 1646 molestiis
1040 1588 1071 1646 et
1092 1586 1232 1662 periculis
1256 1584 1351 1645 deter-

199 1677 275 1736 ritus
299 1679 411 1737 amicus
435 1678 473 1737 ad
497 1697 586 1753 quem
608 1677 730 1753 scripsit
752 1675 861 1735 librum
884 1675 982 1735 noluit
1005 1695 1072 1735 eum
1095 1676 1240 1735 comitari.

293 1757 374 1827 110.
409 1764 523 1825 Gellius
550 1765 622 1825 XVI
647 1768 679 1840 9,
705 1769 722 1824 1
749 1760 876 1842 ‘Susque
908 1765 1003 1842 deque
1036 1766 1099 1825 fero
1132 1757 1218 1845 (conf
1246 1763 1351 1824 Laber.

200 1846 298 1913 ow
315 1875 344 1932 p.
361 1856 438 1929 344,
464 1855 547 1913 29ss
576 1851 678 1914 “nunc
705 1857 740 1915 tu
767 1875 877 1930 susque
904 1854 999 1931 deque
1023 1847 1123 1934 fers'')
1150 1850 1224 1931 <aar
1245 1871 1352 1929 moue

199 1944 290 2018 deque
308 1938 395 2022 socc>
420 1939 567 2024 (Lucilius
587 1945 605 2003 l.
620 1945 639 2002 i.
654 1963 676 2004 s.
696 1943 793 2004 Varro
817 1943 942 2004 Sisenna
964 1964 992 2020 p.
1009 1945 1071 2003 256
1091 1936 1204 2025 Riesei)
1229 1945 1282 2003 aut
1304 1964 1352 2005 su·

199 2051 272 2109 sque
304 2032 399 2109 deque
427 2032 521 2093 habeo
550 2025 662 2115 (Plaut.
685 2033 834 2110 Amphitr.
859 2034 921 2092 886
957 2029 1071 2111 “atque
1102 2033 1134 2092 id
1164 2052 1212 2091 me
1244 2052 1352 2110 susque

200 2122 295 2199 deque
334 2140 396 2183 esse
431 2122 604 2182 habiturum
640 2116 768 2204 putat'')
883 2122 1007 2183 uerbum
1044 2125 1090 2183 est
1126 2141 1160 2181 ex
1197 2122 1353 2181 hominum

200 2211 357 2271 doctorum
375 2211 568 2272 sermonibus.
605 2212 641 2271 In
659 2213 807 2288 poematis
826 2231 943 2289 quoque
967 2215 997 2272 et
1014 2214 1046 2270 in
1065 2213 1202 2289 epistulis
1217 2213 1352 2271 ueterum

202 2293 277 2382 ((lic.
292 2300 330 2360 ad
348 2300 412 2361 Att.
432 2300 503 2360 XIV
523 2303 552 2377 6,
573 2306 587 2360 1
611 2297 705 2361 “nam
724 2302 760 2360 de
779 2299 906 2362 Octauio
925 2320 1033 2377 susque
1052 2294 1187 2383 deque'')
1207 2301 1352 2377 scriptum

201 2392 247 2450 est
277 2390 466 2467 plurifariam
492 2437 497 2448 .
519 2437 551 2449 ..
578 2393 596 2450 3
631 2390 787 2469 Significat
823 2394 924 2450 autem
958 2386 1090 2467 “susque
1122 2391 1217 2467 deque
1250 2385 1351 2449 ferre''

202 2481 302 2539 animo
334 2498 428 2557 aequo
461 2499 524 2541 esse
555 2484 585 2540 et
617 2479 697 2556 quod
729 2480 839 2540 accidit
870 2500 929 2539 non
962 2482 1065 2559 magni
1097 2480 1224 2557 pendere
1260 2482 1352 2556 stoue

201 2568 351 2628 interdum
377 2570 533 2649 neglegere
561 2573 591 2629 et
615 2571 802 2629 contemnere
832 2562 925 2651 (Fest.
945 2590 972 2646 p.
995 2571 1057 2628 291
1092 2564 1224 2645 “susque
1256 2568 1352 2644 deque

201 2657 350 2736 siguificat
371 2659 440 2735 plus
467 2652 641 2738 minusue'')
658 2704 663 2716 .
680 2704 707 2716 ..
732 2657 875 2719 Laberius
977 2659 1016 2718 M.
1032 2658 1128 2719 Varro
1148 2658 1352 2718 ...Lucilius

201 2748 233 2806 in
270 2748 373 2807 tertio:
412 2743 540 2807 “uerum
565 2793 594 2808 ..
614 2794 621 2806 .
643 2743 824 2809 Athones''.’
865 2780 902 2789 —
941 2742 998 2828 ibi]
1035 2751 1067 2807 in
1104 2749 1184 2808 cliuo
1220 2748 1351 2809 Aricino.

202 2835 314 2915 Agitur
335 2837 382 2896 his
406 2858 454 2896 uu.
478 2838 514 2897 de
536 2839 642 2897 itinere
665 2839 755 2914 primi
778 2838 837 2896 diei
861 2837 943 2915 quod
961 2837 1092 2897 Lucilius
1116 2858 1175 2897 non
1194 2837 1301 2897 diuisit
1318 2840 1353 2896 ut

201 2925 305 2985 tardus
336 2925 481 2986 Horatius
514 2918 774 3007 (serm.15‚5).
819 2927 915 2986 Immo
947 2927 1039 2988 altius
1071 2927 1237 2987 succinctus
1268 2927 1353 2986 milia

202 3014 331 3074 confecit
353 3013 401 3074 die
424 3017 521 3091 primo
543 3015 612 3074 inde
640 3034 658 3074 a
686 3018 774 3091 porta
796 3014 917 3094 Oapena
947 3036 1040 3093 usque
1064 3016 1102 3076 ad
1125 3015 1218 3092 Appii
1240 3016 1352 3076 Forum

202 3102 302 3161 XLIII
325 3105 377 3161 uia
399 3102 509 3179 Appia,
532 3124 608 3181 quae
631 3123 723 3182 prope
746 3106 879 3165 Ariciam
902 3107 1062 3167 ascendens
1085 3106 1117 3164 in
1136 3106 1232 3165 altum
1250 3105 1351 3184 grauis

203 3184 290 3273 (Hor.
310 3192 330 3249 l.
349 3209 371 3251 s.
392 3185 427 3273 6)
460 3196 505 3252 est
536 3193 593 3253 iter
626 3194 811 3255 facientibus.
864 3194 967 3255 Gliuus
998 3195 1138 3254 Aricinus
1170 3196 1352 3254 memoratur

202 3280 269 3339 Val.
283 3280 362 3338 blau.
376 3280 452 3339 VIII
470 3284 539 3356 2‚4
564 3277 582 3339 ‘.
598 3327 627 3341 ..
652 3282 774 3359 quidam
804 3284 878 3344 furti
907 3285 1065 3345 damnatus
1095 3288 1154 3359 est,
1185 3284 1237 3360 qui
1266 3302 1352 3360 equo,

203 3371 287 3450 cuius
314 3387 385 3429 usus
412 3370 459 3429 iIIi
486 3371 615 3430 Ariciam
645 3373 838 3433 conmodatus
866 3375 977 3450 fuerat,
1005 3375 1146 3434 ulteriore
1170 3375 1233 3433 eius
1255 3374 1353 3432 muni-

205 3460 276 3535 cipii
298 3458 377 3519 cliuo
400 3463 502 3519 uectus
525 3457 621 3521 esset.'
664 3461 891 3540 Peregrinantes
914 3465 968 3525 illo
990 3465 1056 3525 loco
1080 3483 1147 3524 cum
1171 3462 1352 3523 tardiuscule

204 3549 262 3607 iter
279 3549 375 3607 facere
394 3552 570 3627 cogerentur
584 3551 804 3611 comitabantur
816 3554 945 3613 mendici
958 3555 1162 3615 molestissimi
1176 3545 1294 3635 (quen.
1309 3552 1353 3611 IV

207 3639 268 3697 117
295 3632 414 3714 ‘dignus
437 3637 574 3700 Aricinos
598 3643 650 3718 qui
672 3642 854 3702 mendicaret
877 3642 916 3701 ad
940 3662 1008 3704 axes
1031 3644 1200 3721 blandaque
1223 3644 1352 3703 deuexas

204 3729 331 3787 iactaret
353 3726 439 3786 basia
461 3725 579 3789 raedae'
603 3729 655 3789 ubi
678 3731 838 3791 scholiasta
862 3731 900 3791 ad
922 3729 1063 3813 deaceae]
1088 3729 1270 3808 inclinatae,
1300 3751 1354 3808 per

205 3817 317 3877 cliuum
347 3814 561 3877 descendenti’:
590 3821 661 3879 cont
680 3819 809 3879 Martial.
828 3820 859 3879 Π
880 3823 930 3896 19,
951 3824 970 3880 3
989 3823 1048 3882 XII
1068 3825 1119 3898 32,
1140 3816 1204 3904 10).
1250 3822 1353 3900 Longe

205 3907 327 3983 grauior
357 3925 428 3966 uero
461 3908 513 3965 uia
544 3911 609 3967 erat
641 3908 778 3968 euntibus
803 3904 849 3968 ‘ut
877 3909 1014 3970 Setinum
1038 3914 1212 3972 accessimus
1241 3905 1352 3970 finem'.

204 3995 298 4055 Poeta
325 3997 398 4056 satis
426 3997 524 4057 iocose
551 3998 675 4057 nimium
706 3998 823 4057 extollit
845 3999 961 4059 itineris
985 4000 1126 4060 duritiem
1147 4003 1352 4077 montiumque

206 4086 397 4160 asperitatem
424 4085 560 4146 uersibus
587 4089 657 4148 suis.
703 4086 814 4147 Errant
841 4091 955 4162 autem,
983 4091 1036 4164 qui
1066 4088 1248 4149 arbitrentur
1270 4091 1351 4147 uiam

205 4172 335 4248 Appiam
368 4175 533 4251 antiquitus
563 4195 622 4234 non
653 4177 684 4233 in
717 4195 821 4253 campo
849 4180 880 4236 et
907 4176 1045 4253 planitie,
1078 4177 1129 4236 sed
1156 4197 1210 4253 per
1235 4179 1351 4236 montes

206 4259 325 4319 ductam
366 4281 429 4321 esse
469 4282 523 4339 per
562 4263 694 4324 Norbam
736 4265 850 4327 Setiam
893 4265 1070 4326 Priuernum
1107 4265 1238 4324 Fundos:
1274 4285 1352 4341 quae

206 4350 353 4408 sententia
397 4352 588 4429 redarguitur
631 4371 698 4411 cum
742 4359 861 4416 nomine
902 4356 973 4414 Feri
1013 4356 1106 4431 Appii
1146 4357 1211 4413 tum
1251 4353 1352 4430 lapide

206 4439 408 4498 uetustissimo
438 4441 568 4499 miliario
590 4443 713 4500 inuento
741 4443 779 4501 ad
801 4445 914 4503 Medias
938 4436 1118 4525 (Huelsenus
1141 4443 1350 4521 Mitteilungen
