3000 5002
466 360 564 422 noers
584 359 642 421 sed.
661 382 689 419 u.
710 365 895 421 nae-use.
1201 357 1266 431 369

117 535 253 614 uulgaris
267 537 410 596 sermonis
425 536 636 596 consuetudine
656 555 731 611 quae
745 535 882 612 inprimis
904 534 1053 593 adamarit
1067 533 1266 593 deminutiua:

118 626 190 685 conf
218 625 306 685 indic.
325 645 449 703 gramm.
469 644 492 684 s.
505 646 534 684 u
560 625 749 685 διιολααίλαο.
799 627 833 683 io
867 625 1013 697 fabricam
1050 623 1191 683 mendum
1222 627 1268 683 est

118 717 218 791 potius
232 715 358 791 librarii
387 733 478 790 quam
499 713 610 774 Lucilii
632 715 823 774 soloecismus
850 713 922 773 telis
945 713 1048 789 quales
1071 713 1267 772 tractauimus

119 804 158 863 ad
190 804 293 863 incert.
312 805 429 864 neae
453 804 534 862 XXX
552 824 580 862 u.
597 806 669 864 994.
719 806 752 862 ι’νι
782 804 897 877 fabrica
930 802 1033 861 eadem
1064 820 1167 862 uersus
1199 801 1268 861 sede

118 894 250 969 positum
272 893 389 952 Lucret.
407 893 452 952 IV
472 894 535 953 513
560 887 698 969 ‘denique
721 895 756 951 ut
778 894 810 951 in
830 887 965 952 sabrica’.
1006 891 1097 967 Apud
1118 889 1268 950 Lucilium

119 982 270 1043 officinam
287 983 438 1060 significat
455 985 491 1041 nt
508 982 626 1042 Terent,
646 982 771 1058 Adelph.
792 983 869 1040 584:
890 980 969 1040 fabri
987 981 1107 1040 terrani
1124 979 1268 1039 fabricam

119 1071 178 1131 dici
201 1091 236 1131 ex
259 1073 354 1131 totius
377 1073 541 1132 sententiae
560 1075 668 1131 natura
686 1071 791 1131 debuit
807 1070 952 1148 intellegi.
988 1071 1145 1129 multorum
1163 1088 1268 1129 sanum
1386 1101 1390 1111 ·

119 1161 253 1221 iudicant
275 1179 337 1222 esse
361 1161 488 1222 editores
510 1162 596 1220 uario
619 1161 707 1221 modo
731 1178 849 1220 uersum
871 1161 1045 1220 lacunosum
1075 1160 1129 1234 qui
1151 1159 1268 1236 supple·

119 1252 226 1310 uerint.
276 1250 320 1309 At
349 1250 500 1310 ιαοναιλαα
530 1251 688 1309 maltorum
720 1250 815 1309 tundit
845 1268 905 1309 non
936 1249 1011 1309 bene
1041 1247 1163 1322 dicitur,
1194 1247 1269 1307 bene

120 1341 230 1399 dicitur
261 1340 391 1399 hlartial.
410 1340 469 1399 XII
488 1341 578 1414 57,6
604 1336 798 1399 ‘aerariorum
829 1337 956 1398 marculi
987 1338 1034 1397 die
1061 1332 1153 1398 toto’:
1177 1356 1269 1413 quare

119 1431 277 1488 multonem
313 1432 486 1507 corruptum
523 1429 660 1489 arbitror.
716 1423 883 1506 ‘<tinnitu>
919 1426 1014 1487 multo
1050 1445 1117 1487 cum
1152 1426 1269 1505 magnis

120 1519 229 1579 ictibus
245 1513 358 1578 tundit'
379 1518 458 1595 quod
472 1520 578 1595 scripsi
591 1518 761 1578 defenditur
774 1517 892 1577 Terent.
911 1517 1018 1577 Heaut.
1035 1518 1076 1575 37
1092 1512 1143 1581 ὀι
1154 1535 1271 1592 semper

120 1627 224 1669 seruus
246 1627 374 1681 currens,
396 1610 492 1668 iratus
515 1626 603 1668 senex
694 1607 816 1668 adsidue
840 1606 948 1685 agendi
970 1608 1031 1666 sint
1049 1605 1123 1664 mihi
1141 1607 1269 1665 clamore

120 1717 245 1772 summo,
268 1715 336 1756 cum
359 1697 461 1757 labore
483 1692 633 1757 maxumo’
660 1695 762 1756 Claud.
782 1696 923 1774 Quadrig.
943 1714 989 1772 ap.
1010 1693 1084 1754 Geli
1099 1695 1143 1753 IX
1162 1696 1212 1766 13,
1229 1696 1270 1754 10

122 1782 252 1847 ‘silentio
279 1787 359 1847 sacto
388 1806 453 1846 cum
482 1805 555 1847 uoce
581 1788 712 1845 maxima
739 1780 926 1847 conclamat’.
976 1783 1067 1843 Libro
1089 1784 1137 1842 Ill
1163 1783 1271 1842 tribuit

121 1876 283 1955 Vargesius
302 1876 339 1936 de
362 1876 439 1936 libro
461 1876 508 1934 HI
530 1897 559 1952 p.
577 1878 616 1934 12
646 1876 685 1935 ad
714 1875 838 1934 eandem
861 1894 925 1934 rem
947 1876 1095 1951 pertinere
1118 1892 1270 1949 compara·

120 1968 232 2025 tionem
248 1965 299 2042 qui
313 1969 432 2026 censeat
445 1966 485 2025 ad
499 1985 588 2041 quam
602 1968 754 2041 pertinent
767 1964 814 2023 ΠΙ
832 1984 860 2023 u.
877 1966 949 2023 144.
967 1964 1038 2023 145.
1076 1963 1189 2022 Tamen
1203 1981 1270 2022 cum

120 2055 295 2115 malleorum
329 2056 443 2115 tinnitu
475 2056 623 2133 igniuomi
656 2057 766 2114 montis
801 2054 960 2129 strepitum
995 2073 1067 2112 num
1099 2070 1271 2129 comparare

121 2147 254 2220 potuerit
281 2148 383 2220 poete,
411 2143 572 2204 admodum
599 2144 717 2204 dubito:
745 2145 845 2219 aptius
872 2142 908 2201 dc
938 2142 1008 2218 equi
1027 2141 1271 2218 quadrupedante

41 2230 47 2242 ‘
122 2252 210 2293 cursu
231 2235 346 2293 ruentis
367 2234 398 2292 in
416 2253 572 2292 numerum
590 2235 702 2310 cogites
722 2225 897 2313 (Hephaest.
911 2250 940 2306 p.
956 2233 1041 2304 82‚3
1061 2230 1099 2290 ed
1112 2223 1270 2312 westph).

214 2313 321 2384 1167.
343 2323 459 2382 Nonius
482 2341 517 2381 er
540 2323 734 2401 grammatico
757 2341 786 2397 p.
802 2323 876 2394 207,
897 2321 937 2379 19
962 2315 1086 2379 ‘Guttur
1107 2321 1206 2379 neutri
1226 2322 1273 2378 est

122 2412 245 2490 generis.
349 2412 512 2470 masculino
545 2410 671 2470 Plautus
696 2408 914 2469 ...Lucilius
946 2403 1002 2469 “et
1021 2455 1026 2467 .
1047 2454 1054 2467 .
1074 2454 1080 2467 .
1100 2403 1270 2467 eundem’'.’

123 2501 254 2561 Piscium
284 2519 408 2576 corpora
435 2499 554 2559 uidetur
580 2499 756 2559 describere:
783 2498 855 2559 oonf
882 2498 957 2556 Plin.
976 2501 1037 2557 nat.
1056 2497 1125 2556 hist.
1144 2497 1188 2555 XI
1208 2497 1272 2557 180

124 2585 244 2666 ‘quibus
267 2590 368 2648 fauces
390 2608 450 2649 non
472 2591 552 2663 sunt,
574 2608 611 2647 ne
634 2589 804 2648 stomachus
827 2587 947 2663 quidem
969 2589 1010 2647 est
1041 2605 1096 2646 nec
1118 2587 1196 2646 eolla
1218 2604 1273 2646 nec

124 2682 238 2757 guttur,
260 2682 296 2738 ut
315 2679 457 2756 piscibus,
480 2681 511 2738 et
529 2697 582 2737 ora
599 2677 754 2738 uentribus
772 2672 948 2755 iungumtur’
968 2675 1035 2735 lter.
1054 2677 1151 2735 natur.
1171 2677 1273 2751 script.

124 2790 153 2846 p.
169 2770 221 2842 20,
241 2770 283 2828 20
306 2768 377 2828 edit.
396 2768 505 2828 Keller.
528 2766 598 2840 τοὺς
620 2762 653 2826 δὲ
676 2766 764 2846 ἰχθῦς
791 2764 847 2827 οὐκ
869 2763 944 2845 ἔχειν
967 2763 1127 2843 στόμαχον·
1151 2762 1199 2824 διδ
1222 2760 1272 2823 καί

123 2867 183 2918 τῶν
219 2856 352 2937 μεγάλων
388 2853 487 2936 ἕτερον
523 2855 594 2917 ὅταν
626 2855 774 2917 διώκωσιν
805 2853 957 2931 ἐλάττονα,
993 2853 1187 2932 προσπίπτειν
1217 2850 1273 2931 τὴν

123 2946 238 3008 κοιλίαν
265 2945 307 3019 εἰς
334 2944 366 3007 τὸ
394 2945 494 3024 στόμα.
540 2946 636 3004 Varro
665 2965 712 3023 ap.
737 2945 819 3005 Seru.
839 2945 877 3005 ad
900 2943 1034 3023 georgi
1054 2944 1116 3002 186
1145 2943 1273 3002 arecio

124 3056 230 3096 nomen
258 3036 353 3095 tradit
383 3030 447 3112 ‘per
474 3036 679 3095 antistoechon
707 3036 820 3095 dictum
847 3034 934 3110 quasi
961 3033 1101 3111 gurgulio
1132 3033 1273 3108 quoniam

123 3145 218 3202 paene
243 3126 317 3184 nihil
340 3128 386 3185 est
408 3125 466 3184 nisi
488 3120 613 3203 guttur’.

216 3207 322 3277 1168.
345 3214 522 3275 Aeschinem
545 3211 685 3291 εὔφωνον
707 3213 813 3274 irridet
836 3213 1049 3273 Demosthenes
1075 3211 1111 3269 de
1135 3230 1193 3270 cor.
1208 3211 1271 3269 285

125 3305 161 3365 de
193 3306 258 3364 fals.
282 3305 338 3383 leg.
365 3305 427 3363 126
461 3301 477 3364 δ
509 3302 603 3381 σοφὸς
635 3300 684 3363 καί
717 3301 813 3376 δεινὸς
843 3294 930 3373 οὗτος
961 3299 1011 3362 καλ
1042 3296 1187 3377 εὔφωνος.
1239 3298 1273 3358 In

124 3394 278 3455 uocabulis
298 3413 369 3455 usus
388 3398 433 3454 est
451 3393 507 3454 boo
525 3394 657 3471 epitheto
676 3392 799 3471 Dionys.
818 3392 886 3452 Hal.
906 3392 942 3452 de
961 3410 1090 3467 compos.
1107 3388 1188 3450 uerb.
1203 3389 1274 3448 XVI

124 3505 153 3561 p.
174 3487 229 3559 66,
250 3484 361 3543 IBVR
392 3482 420 3543 εἰ
450 3479 503 3562 μὲν
535 3473 592 3544 οὖν
625 3480 766 3563 ἐγχωροίη
797 3480 894 3542 πάντα
930 3473 1007 3541 εἶναι
1037 3477 1072 3540 τὰ
1104 3478 1194 3558 μόρια
1220 3486 1274 3555 τῆς

125 3571 227 3646 λέξεως
245 3566 296 3650 ὑφ’
317 3563 360 3633 ὧν
379 3569 474 3651 μέλλει
493 3572 660 3650 δηλοῦσθαι
678 3571 709 3633 τὸ
727 3580 858 3653 πρᾶγμα,
880 3566 1004 3648 εὔφωνά
1021 3591 1051 3630 τε
1069 3566 1119 3628 καί
1137 3566 1274 3646 καλλιρή-

126 3684 203 3740 μονα
222 3709 228 3722 .
244 3708 251 3722 .
268 3709 273 3721 .
292 3683 321 3739 p.
338 3664 389 3736 67,
410 3665 449 3722 12
474 3654 533 3721 ἀλλ’
559 3661 652 3734 οὕτως
675 3658 750 3722 αὐτὰ
770 3664 866 3734 καλῶς
885 3657 996 3732 ίκεῐνος
1015 3658 1207 3737 συνύφαγκεν
1225 3654 1275 3716 καί

125 3750 399 3831 παραπληρώμασιν
412 3749 560 3828 εὐφώνοις
572 3750 725 3828 διείληφεν
734 3749 805 3810 ὥστε
815 3745 1102 3830 μεγαλοπρεπέστατα
1112 3745 1275 3823 φαίνεσθαι

125 3840 245 3901 πάντων
265 3835 426 3917 ὀνομάτων.
466 3841 506 3899 Μ.
521 3839 621 3899 Aurel.
641 3840 679 3898 ad
701 3840 841 3899 Fronton.
860 3859 889 3915 p.
906 3840 983 3913 105,
1002 3837 1059 3896 AN
1083 3831 1121 3895 ‘si
1143 3833 1276 3893 Lucretii

128 3932 181 3989 aut
199 3930 278 3988 Enni
292 3932 431 4006 excerpta
447 3929 538 3990 habes
556 3924 700 4005 εδφανα’.
742 3928 832 3988 Libro
850 3928 893 3987 IX
911 3927 1056 3987 tribuitur
1074 3925 1276 4002 fragmentum

127 4019 179 4079 sed
200 4021 319 4079 temere.

219 4100 326 4168 1169.
349 4107 419 4167 'liro
442 4107 475 4165 iu
497 4107 629 4183 epistula
647 4105 686 4164 ad
704 4104 738 4175 Q.
752 4107 863 4165 Axium
881 4103 961 4181 apud
981 4102 1112 4163 Gellium
1129 4101 1174 4161 VI
1189 4102 1217 4177 3,
1234 4103 1274 4160 26

127 4198 163 4258 de
190 4198 247 4258 hac
273 4199 422 4258 sententia
445 4195 568 4256 Catonis
592 4195 725 4256 Censorii
752 4214 787 4254 ex
814 4196 950 4254 oratione
976 4212 1031 4271 pro
1059 4190 1276 4252 Rhodiensibus

129 4283 220 4347 “‘lle
242 4306 320 4346 nunc
343 4286 500 4363 derepente
523 4288 611 4346 tanta
633 4283 776 4344 beneficia
797 4284 877 4343 ultro
900 4284 1044 4358 citroque,
1066 4284 1184 4342 tantm
1203 4283 1277 4340 ami·

128 4378 230 4437 citiam
258 4373 480 4452 relinquemus?
507 4374 589 4450 quod
615 4373 684 4434 illos
711 4373 837 4433 dicimus
864 4373 995 4433 uoluisse
1022 4372 1133 4447 facere,
1163 4369 1196 4428 id
1223 4388 1276 4430 nos

128 4469 242 4545 priores
268 4466 365 4526 facere
395 4458 650 4541 occupabimus?”
679 4455 789 4545 (μ23.
809 4454 972 4544 241011).
1017 4460 1083 4522 Hoc
1172 4459 1277 4536 enthy-

181 4574 466 4616 nnenunuourms
493 4574 524 4614 αι
1029 4566 1064 4614 24
