3060 5010
600 367 639 423 III
656 386 683 424 n.
704 374 853 425 132-134.
1255 371 1299 438 65

152 537 183 594 et
204 532 415 596 Archcstratus
437 535 605 616 πελωριᾶδα
627 539 781 616 appellant
806 558 852 616 ap.
872 539 980 599 Athen.
998 539 1046 598 111
1068 561 1096 617 p.
1117 541 1203 617 321),
1231 559 1299 601 cum

152 626 306 686 enumerat
336 626 386 686 hic
417 622 532 707 ὄστρεια
563 619 592 686 d’
621 623 749 707 ’Ἀβοδος
773 676 779 687 .
804 675 810 687 .
836 676 842 688 .
866 627 1015 714 Μεσσήνῃ
1047 625 1079 688 δὲ
1115 629 1299 710 πελωριάδας

152 714 379 794 στενοπορθμίδι
402 715 510 796 κόγχας
534 763 540 774 .
561 763 567 775 .
587 764 593 776 .
616 715 686 790 τοὺς
709 715 842 798 κήρυκας
867 710 944 800 (ie.
968 717 1076 777 bucina
1098 712 1239 802 murices)
1268 713 1298 779 δ’

151 799 304 884 ἐπιτρίψαι
331 801 347 865 ὁ
374 803 451 878 Ζεὺς
468 825 494 865 e.
513 826 541 882 q.
560 826 582 867 s.
609 805 723 869 Ostrea·
737 808 786 868 hic
813 810 848 866 ut
874 810 981 869 catriae
1007 808 1105 867 Plant.
1129 808 1204 868 Rud.
1225 811 1300 884 297,

150 897 245 953 ostreo
271 895 369 954 neutri
397 895 513 973 generis
545 900 576 956 et
605 898 764 974 pluraliter
796 896 917 975 scripsit
943 900 1034 976 poeta
1055 897 1105 957 lib.
1123 898 1167 957 IX
1185 918 1214 957 u.
1234 899 1298 958 328

151 982 226 1042 xm
243 1003 271 1042 u.
292 985 357 1045 440
379 985 482 1045 incert.
501 1005 530 1044 u.
552 987 646 1046 1201.

242 1065 323 1134 133.
347 1071 498 1134 Charisius
527 1073 613 1134 GLI
635 1096 664 1153 p.
686 1078 737 1151 72,
757 1076 813 1136 6Κ
845 1073 986 1157 ‘Lignum
1017 1077 1209 1156 singulariter
1240 1076 1300 1137 dici

151 1178 266 1239 semper
283 1162 369 1222 debet
387 1165 419 1223 in
435 1164 636 1223 multitudine.
671 1163 745 1225 (lato
760 1166 909 1245 originum
922 1167 938 1225 I
953 1160 1090 1226 “nobes”
1106 1166 1151 1225 ait
1165 1161 1299 1245 “ligni”3

151 1252 229 1310 sicut
255 1254 286 1311 et
312 1253 406 1313 fasces
434 1253 574 1313 dicuntur
601 1256 755 1332 asparagi,
787 1257 925 1332 quamuis
953 1274 1114 1334 asparagos
1142 1255 1300 1332 pluraliter

151 1339 291 1417 dicamus,
309 1344 344 1401 ut
357 1341 491 1402 Lucilius
504 1343 552 1402 IH
571 1338 736 1422 “asparagi
754 1340 874 1405 nulli’'.'
899 1345 975 1405 Plin.
990 1348 1050 1404 nat.
1065 1344 1134 1405 bist.
1149 1344 1219 1404 XIX
1236 1346 1298 1404 145

151 1424 302 1490 ‘Omnium
333 1432 365 1490 in
396 1431 492 1492 hortis
523 1451 624 1492 rerum
655 1435 825 1494 lautissima
856 1453 928 1494 cura
964 1429 1130 1512 asparagis'
1151 1481 1157 1493 .
1178 1481 1183 1492 .
1204 1480 1210 1493 .
1235 1435 1297 1492 147

151 1514 246 1579 ‘Nihil
268 1521 441 1600 diligentius
465 1523 688 1599 comprehendit
711 1521 786 1584 Cato
810 1516 861 1605 (de
884 1525 949 1604 agri
972 1525 1042 1583 cult.
1064 1516 1152 1605 161),
1174 1523 1299 1584 nouissi-

149 1628 289 1686 mumque
306 1610 378 1671 libri
396 1615 450 1688 est,
468 1616 504 1671 ut
522 1615 667 1690 appareat
684 1607 788 1692 <νιοι>
801 1616 953 1691 repentem
972 1632 1007 1673 ac
1020 1613 1171 1674 nouiciam
1185 1608 1297 1674 fuisse'.

149 1697 209 1777 Agl
231 1720 280 1759 uu.
302 1703 476 1761 131-135
501 1700 538 1761 de
561 1721 633 1762 cena
656 1702 777 1762 sordida
801 1704 834 1762 in
856 1703 1006 1764 Lucaniae
1033 1703 1205 1782 regionibus
1232 1702 1299 1762 hor·

149 1787 223 1848 ridis
246 1792 276 1850 et
298 1790 420 1851 incultis
444 1794 602 1852 commissa
621 1794 745 1868 planum
764 1797 822 1853 est:
846 1791 955 1853 Strabo
972 1792 1018 1852 vl
1039 1813 1067 1870 p.
1089 1793 1152 1852 252
1172 1792 1208 1851 de
1227 1810 1299 1871 agro

149 1876 269 1938 Velin0:
299 1926 304 1937 .
328 1927 333 1938 .
357 1927 363 1938 .
386 1878 534 1960 κρείττους
566 1876 701 1967 ἀπῄεσαν
732 1882 837 1963 καίπερ
865 1879 1041 1963 ἐνδεέστεροι
1067 1879 1118 1942 ιιαί
1144 1880 1224 1965 χώρα
1250 1878 1300 1941 καί

149 1966 259 2045 πλήθει
281 1968 425 2047 σωμάτων
449 1966 539 2042 ὄντες.
568 1967 784 2051 ἀναγκάζονται
805 1979 881 2051 γοῦν
904 1970 954 2032 διὰ
976 1971 1031 2050 τὴν
1054 1970 1220 2051 λυπρότητα
1247 1979 1301 2049 τῆς

148 2062 204 2135 γῆς
226 2054 261 2116 τὰ
283 2057 375 2118 πολλὰ
400 2063 633 2140 θαίαττουργεῖν
660 2057 711 2120 καί
737 2060 883 2141 ταριχείας
910 2060 1108 2122 συνίστασθαι
1134 2056 1184 2120 καὶ
1211 2055 1301 2133 ἄλλος

148 2144 285 2218 τοιαύτας
306 2145 444 2229 ἐργασίας
463 2147 605 2228 ...μετὰ
628 2146 660 2209 δὲ
682 2149 794 2228 ταύτην
815 2147 1001 2231 ἀκρωτήριον
1025 2148 1224 2230 Παίίνουρος,
1247 2149 1301 2209 ubi

149 2254 252 2294 cenam
274 2237 359 2297 illam
382 2258 474 2315 quam
496 2238 701 2300 stomachatur
719 2239 853 2300 Lucilius
877 2240 994 2301 sordide
1013 2242 1190 2318 apparatam
1208 2240 1301 2300 fuisse

148 2326 341 2403 suspicamur.
386 2326 487 2388 Senec.
510 2329 547 2387 de
570 2332 668 2406 tranq.
692 2348 739 2388 an.
760 2331 850 2405 2,13
876 2325 974 2389 ‘Nunc
998 2328 1194 2407 (lampuniam
1216 2331 1300 2405 peta·

148 2433 222 2474 mus.
267 2416 333 2476 lam
356 2417 485 2477 delicata
507 2418 630 2478 fastidio
654 2421 737 2479 sunt:
764 2420 880 2478 inculta
907 2419 1080 2494 uideantur,
1107 2419 1244 2478 Bruttios
1271 2421 1301 2477 et

148 2501 300 2565 Lucaniae
317 2507 413 2567 saltus
430 2525 653 2584 persequamur.
686 2507 810 2583 Aliquid
829 2512 929 2568 tamen
948 2510 1027 2567 inter
1045 2507 1163 2568 deserta
1181 2509 1301 2567 amoeni

148 2595 319 2672 requiritur,
340 2598 373 2654 in
396 2616 456 2673 quo
479 2597 624 2656 luxuriosi
648 2597 727 2656 oculi
748 2598 840 2676 longo
858 2599 991 2656 locorum
1009 2598 1194 2656 horrentium
1212 2614 1300 2673 squa-

148 2683 210 2742 lore
232 2682 426 2745 releuantur'.

239 2765 321 2836 134.
346 2774 532 2835 Scholiastae
551 2775 590 2833 ad
607 2773 728 2834 Horatii
746 2793 832 2834 serm.
851 2775 867 2833 I
887 2776 916 2850 3,
936 2776 977 2834 56
998 2776 1145 2834 sincerum
1163 2775 1299 2850 cupimus

149 2880 202 2922 uas
224 2859 406 2944 incrustare]
431 2861 603 2924 ‘incrustari
626 2865 727 2923 autem
749 2882 804 2924 uas
827 2863 947 2940 dicitur,
973 2883 1040 2923 cum
1064 2865 1166 2940 aliquo
1189 2863 1299 2924 uitioeo

149 2969 219 3011 suco
254 2954 394 3013 inlinitur
430 2956 521 3030 atque
555 2955 746 3028 inquinatur,
786 2953 947 3014 secundum
984 2953 1065 3030 quod
1101 2957 1131 3013 et
1167 2951 1300 3012 Lucilius

148 3042 181 3099 in
197 3041 245 3100 111
273 3035 332 3123 (ita
359 3042 540 3120 Porphyri0:
572 3047 675 3116 quarto
703 3037 858 3123 [heronis]
890 3035 1019 3125 codices)
1050 3045 1220 3120 satyrnmm
1243 3043 1300 3103 ait:

150 3124 230 3190 ‘nam
257 3134 317 3192 mel
341 3180 347 3191 .
368 3180 374 3191 .
395 3180 400 3191 .
425 3133 502 3192 calix
528 3136 598 3191 mio
630 3125 689 3213 (ita
719 3132 794 3192 codd
821 3132 1049 3210 Porphyrionis,
1080 3135 1161 3192 ralia
1193 3125 1301 3212 [Aero-

149 3214 209 3299 nis]
251 3215 381 3303 codices)
424 3222 518 3282 caulis
560 3220 688 3281 habetur
728 3214 837 3303 (caulis
881 3222 1009 3282 hahetur
1053 3239 1100 3281 orn
1144 3216 1299 3302 [Aeonis]

148 3302 281 3392 codd)”.'
319 3310 498 3372 Genetiuum
521 3311 553 3370 in
576 3314 608 3371 αι’
631 3311 814 3372 desinentem
837 3315 916 3373 recte
934 3311 1143 3372 Lachmannus
1162 3314 1300 3391 agnouit3

147 3402 229 3459 rarat
251 3402 344 3460 walis
367 3402 455 3477 quasi
477 3420 569 3460 unum
588 3405 634 3460 est
651 3401 829 3462 uocabulum
849 3403 939 3462 sicuti
956 3407 1041 3462 ταίοι
1058 3401 1163 3475 solium
1181 3403 1213 3460 in
1232 3420 1299 3478 pro·

148 3488 251 3551 uerbio
287 3491 445 3551 tritissimo
483 3485 526 3549 ‘in
567 3493 652 3550 rutae
693 3491 800 3552 folium
841 3486 985 3552 conicere'
1023 3484 1156 3575 (Patron.
1181 3493 1232 3551 37.
1257 3492 1298 3550 58

148 3578 279 3639 Martial.
299 3580 414 3655 x131,
434 3572 490 3661 17)
518 3599 635 3657 semper
662 3581 718 3641 hoc
747 3579 850 3640 ordine
878 3581 1044 3642 dicebatur:
1077 3580 1135 3640 duo
1165 3581 1300 3657 genetiui

148 3685 208 3726 non
230 3669 327 3747 magis
351 3668 505 3729 offendunt
523 3689 613 3746 quam
631 3669 684 3729 lib.
702 3670 806 3730 XVIII
823 3691 851 3729 u.
872 3672 945 3731 555.
982 3670 1068 3729 Dixit
1085 3672 1180 3749 igitur
1198 3673 1300 3747 poeta:

150 3752 232 3816 ‘nam
255 3758 379 3819 deliciae
404 3758 551 3818 habentur
577 3760 639 3818 illie
665 3759 838 3837 regionibus
865 3760 982 3820 catinus
1009 3762 1095 3819 rutae
1123 3760 1217 3818 caulis
1243 3760 1299 3817 im-

148 3847 283 3907 mundus.
331 3847 507 3923 Geneliuus,
534 3850 569 3906 ut
597 3848 677 3924 apud
704 3847 864 3908 Horatium
892 3849 1060 3922 sermlt,
1083 3849 1145 3906 115
1175 3841 1234 3906 ‘me
1261 3847 1300 3906 ad

147 3937 231 4011 porri
246 3940 284 3996 et
302 3939 405 3997 ciceris
423 3938 518 3997 refero
538 3938 701 4014 laganique
720 3934 873 4014 catinum'3
896 3939 974 3998 colio
991 3937 1062 3996 uilis
1080 3936 1234 4012 suppellex
1252 3955 1299 4014 ap.

150 4021 237 4084 Ouid.
256 4026 324 4085 last.
343 4026 371 4084 V
392 4028 455 4087 509
487 4021 582 4086 ‘stant
612 4028 733 4102 calices,
764 4029 863 4086 minor
893 4026 963 4086 inde
995 4025 1093 4100 fabas,
1125 4025 1190 4085 olus
1223 4026 1301 4085 alter

149 4110 300 4174 habebat'.
319 4148 361 4157 —
380 4118 578 4190 incrustatur,
600 4117 620 4173 i.
644 4134 668 4174 e.
692 4114 804 4175 oblitus
831 4116 969 4193 deinceps
996 4115 1132 4191 reliquiis
1160 4133 1300 4176 cenarum

150 4204 294 4278 priorum:
318 4207 407 4265 aliter
429 4205 509 4283 apud
527 4204 687 4264 Horatium
705 4206 723 4263 l.
743 4223 765 4264 s.
786 4203 973 4265 Scribonium
995 4203 1126 4283 Largum
1149 4224 1213 4282 cap.
1235 4207 1298 4266 135

151 4287 269 4353 ‘calices
292 4312 412 4370 quoque
435 4297 478 4355 eis
500 4295 701 4354 incrustentur
799 4312 835 4354 ex
857 4294 903 4354 his
928 4295 981 4371 qni
1007 4294 1111 4353 uinum
1135 4341 1142 4353 .
1163 4340 1191 4354 ..
1214 4314 1299 4372 prae

149 4377 268 4441 biberit’
289 4401 313 4442 e.
333 4402 361 4459 q.
380 4402 403 4444 s.
448 4383 614 4444 Varronem
636 4403 692 4443 rer.
715 4383 965 4461 rust.11114,5
992 4378 1038 4443 ‘ut
1065 4383 1156 4444 ollam
1254 4387 1300 4444 in·

151 4475 282 4532 crustant
305 4492 379 4551 sapa
401 4476 433 4533 et
454 4469 549 4534 fani'.
595 4472 700 4549 Neque
724 4475 803 4532 enim
826 4472 1009 4536 incrustatur
1033 4492 1096 4535 esee
1119 4476 1196 4533 calix
1215 4475 1301 4533 caule

203 4578 290 4620 Iauullll
303 4582 352 4622 rell.
367 4582 402 4622 ed.
417 4583 498 4623 max„
519 4583 551 4623 ΙΙ.
1069 4579 1086 4627 5
