3030 5002
577 364 615 418 111
633 383 659 419 u.
681 371 829 422 τιν-ιιι.
1241 371 1287 435 53

137 533 187 592 des
210 532 290 592 arch.
305 532 377 591 lust
396 535 427 592 in
451 534 527 593 Rom
546 534 589 593 IV
610 536 695 595 1889
715 557 742 613 p.
760 537 810 595 83.
831 529 896 617 84).
920 568 964 578 -
987 536 1119 597 Sete'num
1140 531 1235 620 (112)
1254 539 1285 598 id

136 624 181 682 est
213 620 384 682 Setinorum
415 622 518 697 finem,
549 627 586 684 ut
616 624 682 684 Liu.
697 625 807 684 XXXV
828 628 882 700 27,
907 628 925 685 9
951 622 1103 686 ‘Laconici
1135 630 1201 704 agri
1233 631 1285 705 qui

135 711 286 789 proximus
313 713 403 772 finem
430 712 712 790 Megalopolitarum
741 710 798 774 est'
831 734 920 791 quem
951 716 1051 775 locum
1079 715 1219 777 Hertzius
1246 718 1285 777 ad

136 801 154 861 l.
174 819 196 861 s.
215 818 238 861 s.
263 800 353 861 Gellii
385 803 501 862 attulit:
534 822 604 861 nam
634 803 763 863 iocosius
794 806 839 863 ita
871 807 902 862 et
930 806 1046 883 gratius
1078 805 1191 866 dictum
1221 825 1284 866 esse

135 889 255 949 uidetur
290 910 381 966 qnam
417 893 443 950 si
477 894 681 951 accusatiuum
717 911 779 953 esse
817 892 952 953 Setinum
991 896 1183 955 statuerimus
1214 897 1285 955 licet

135 979 201 1039 Liu.
221 980 347 1039 XXXIV
367 981 418 1055 56,
438 983 456 1040 2
481 981 634 1058 scripserit
653 977 830 1042 ‘Lunensem
849 985 979 1060 primum
998 1002 1104 1062 agrum
1122 985 1284 1061 depopula-

135 1072 195 1144 tos,
227 1068 369 1129 Pisanum
401 1069 507 1129 deinde
544 1070 632 1129 finem
671 1068 892 1150 transgressos‘.
947 1072 1120 1134 Aduenerat
1151 1074 1284 1135 Lucilius

136 1159 253 1234 uesperi
276 1160 315 1218 ad
337 1159 447 1219 Forum
470 1160 565 1237 Appii
588 1160 667 1237 quod
691 1162 782 1220 situm
810 1164 856 1221 est
883 1181 975 1239 prope
1005 1181 1111 1240 agrum
1135 1163 1283 1224 Setinum:

136 1247 210 1306 Plin.
226 1251 286 1307 nat.
301 1248 370 1307 hist.
385 1247 456 1308 XIV
470 1250 508 1307 61
527 1242 660 1330 (uiuum)
681 1246 828 1310 ‘Setinum
848 1297 876 1310 ..
893 1297 898 1309 .
914 1254 1047 1312 nascitur
1065 1272 1156 1330 supra
1174 1254 1281 1313 Forum

135 1331 242 1414 Appi’;
264 1336 483 1397 MartialXHI
504 1340 565 1397 112
586 1330 643 1419 (IV
664 1340 719 1415 64,
740 1332 796 1420 33)
825 1335 970 1400 ‘Pendula
999 1341 1174 1418 Pomptinos
1207 1362 1283 1418 quae

135 1429 251 1503 spectat
269 1425 353 1486 Setia
370 1422 510 1503 campos'.
553 1428 629 1488 Foro
648 1429 741 1506 Appii
759 1429 903 1490 Horatius
922 1448 1007 1489 serm.
1026 1430 1041 1489 I
1061 1432 1090 1505 5,
1111 1434 1129 1491 7
1150 1427 1284 1510 ‘propter

134 1534 243 1592 aquam
267 1515 346 1592 quod
369 1519 435 1576 erat
457 1516 618 1577 deterrima
636 1519 735 1576 uentri
752 1518 867 1579 indicat
884 1515 1021 1579 bellum':
1045 1519 1096 1579 ubi
1114 1519 1282 1599 Porphyrio

134 1604 259 1665 adnotat
285 1600 442 1682 ‘hodieque
469 1605 546 1665 Foro
573 1608 656 1684 Appi
681 1609 812 1667 uiatores
840 1611 963 1686 propter
992 1628 1102 1685 aquam
1131 1628 1208 1687 quae
1239 1610 1282 1670 ibi

134 1694 294 1754 deterrima
323 1696 369 1755 est
400 1713 518 1754 manere
550 1692 671 1756 uitant'.
716 1696 793 1757 Item
822 1697 955 1758 Lucilius
987 1700 1086 1759 uitans
1118 1699 1281 1778 hospitium

133 1783 283 1844 insalubre
306 1784 467 1860 pendulam
490 1783 604 1845 Setiam
632 1788 757 1846 accessit
783 1786 835 1846 ubi
861 1792 996 1847 maneret
1017 1791 1143 1847 noctem.
1189 1789 1281 1849 Porro

133 1891 207 1951 opus
235 1875 330 1952 magis
359 1874 485 1934 arduum
513 1877 544 1935 et
570 1875 677 1934 durum
704 1876 796 1936 fuisse
823 1876 984 1953 pendulam
1007 1877 1144 1938 accedere
1168 1878 1229 1938 Set'

133 1982 223 2039 quam
255 1964 367 2023 cliuum
398 1963 554 2023 Aricinum
586 1982 726 2041 superare
757 1965 891 2025 uersibus
928 1966 1127 2042 lepidissimus
1160 1969 1282 2045 exponit

132 2053 238 2112 uiator.
284 2052 432 2113 Postridie
458 2055 490 2112 in
518 2054 600 2113 uiam
625 2053 758 2132 Appiam
784 2074 920 2115 reuersus
949 2056 1008 2114 iter
1033 2056 1165 2132 perrexit
1191 2057 1280 2117 sicuti

132 2141 264 2202 Rutilius
286 2142 526 2203 Namat1560
552 2146 657 2203 narrat
683 2161 746 2204 sese
773 2145 806 2203 in
833 2146 922 2221 portu
950 2146 1046 2222 puppi
1068 2146 1173 2207 relicta
1196 2146 1280 2206 Pisas

132 2233 251 2292 uectum
273 2250 346 2307 ease,
368 2234 433 2291 tum
455 2251 608 2292 reuersum
631 2224 726 2314 (615)
745 2236 803 2293 iter
820 2234 1004 2293 maritimum
1023 2235 1219 2295 continuasse.
1236 2267 1280 2277 —

132 2320 219 2381 ludus
246 2320 289 2380 ibi
316 2339 424 2398 susque
451 2322 553 2381 omnia
579 2322 675 2398 deque
701 2324 783 2382 fuere
810 2342 919 2400 susque
947 2325 977 2382 et
1004 2323 1100 2400 deque
1129 2326 1212 2384 fuere
1234 2327 1279 2384 in·

131 2431 222 2487 quam
254 2414 355 2471 omnia
381 2411 469 2471 ludus
500 2406 655 2491 iocusque]
684 2411 837 2472 rhetorum
865 2415 896 2472 et
922 2412 1045 2473 Homeri
1072 2414 1209 2473 imitator
1235 2418 1281 2475 est

131 2500 270 2561 hocloco
288 2503 378 2578 poeta
395 2502 448 2578 qui
467 2501 592 2561 climaoa
614 2500 786 2561 laudauerit
808 2501 910 2561 incert.
925 2522 953 2560 u.
971 2503 1064 2562 1133.
1111 2501 1280 2563 Alexander

131 2588 189 2649 RG
206 2589 281 2650 VIII
299 2610 328 2666 p.
343 2591 407 2649 445
427 2590 466 2647 W
480 2590 526 2650 ΠΙ
544 2611 573 2667 p.
590 2592 632 2650 20
651 2589 692 2667 Sp
721 2591 857 2651 Tiberius
880 2592 898 2650 l.
914 2608 934 2650 s
950 2611 978 2667 p.
995 2592 1058 2651 555
1074 2591 1113 2649 W
1131 2612 1159 2668 p.
1176 2594 1215 2652 71
1237 2591 1279 2669 Sp

131 2679 276 2740 eiusmodi
299 2679 426 2758 figuram
449 2680 672 2758 epanalempsin
695 2682 852 2740 nominant
873 2679 1035 2741 Caecilium
1057 2683 1152 2741 secuti
1174 2680 1278 2741 addito

131 2769 265 2845 exemplo
287 2768 410 2829 Homeri
428 2769 455 2828 Y
475 2771 537 2830 371
562 2776 616 2829 τοῦ
639 2763 668 2829 δ’
684 2765 740 2849 ἐγὼ
762 2766 863 2841 ἀντίος
885 2761 944 2847 εἶμι
965 2766 1016 2828 καλ
1038 2767 1066 2828 εἰ
1086 2766 1159 2848 aopi
1182 2773 1279 2849 χεῖρας

130 2855 240 2935 έοιιτεν,
266 2856 295 2917 ελ
315 2855 388 2937 πυρὶ
410 2861 508 2938 χεῖρας
530 2856 617 2936 ἔοικε,
640 2855 728 2936 μένος
751 2850 781 2916 d’
797 2856 909 2918 αἴθωνι
932 2856 1057 2943 οιδήρροε
1080 2859 1194 2918 ooan
1214 2861 1277 2918 197

130 2950 170 3030 τῷ
190 2942 383 3026 ὀαριζέμεναι,
396 2945 416 3006 ἅ
429 2968 458 3007 τε
473 2944 624 3027 παρθένος
638 2944 743 3026 ἠίθεός
755 2968 795 3022 τε,
813 2943 965 3026 παρθένος
979 2943 1083 3025 phasor
1096 2940 1118 3006 τ’
1130 2943 1279 3027 ὀαρίζετον

130 3033 288 3114 ἀλλήλοιιν.
335 3036 450 3113 Susque
473 3036 567 3114 deque
590 3038 672 3097 fuere
695 3038 829 3116 uulgaris
853 3037 964 3097 locutio
988 3037 1154 3114 comparari
1178 3040 1278 3114 potest

132 3125 261 3186 Graecae
284 3126 330 3186 illi
355 3145 430 3202 quae
454 3130 500 3186 est
523 3126 603 3204 apud
620 3126 777 3187 Platonem
796 3126 917 3187 Theaet.
932 3147 960 3204 p.
977 3128 1040 3186 153
1059 3126 1087 3184 Ι)
1105 3123 1155 3187 aul
1173 3120 1275 3206 γένοιτ’

129 3211 168 3275 ἂν
181 3212 214 3274 τὸ
227 3213 385 3294 λεγόμενον
397 3212 461 3276 ἅνω
474 3214 553 3277 κάτω
566 3215 663 3276 πάντα
676 3216 728 3277 uhi
742 3216 902 3278 scholiasta
916 3215 1072 3276 Menandri
1085 3216 1177 3276 uerba
1190 3217 1278 3277 affert

130 3303 206 3364 CAF
225 3305 272 3363 III
290 3325 318 3382 p.
336 3307 408 3380 147,
428 3304 537 3365 51411.
579 3304 766 3384 Quamquam
790 3304 895 3366 Graeci
917 3305 1108 3383 prouerbium
1136 3306 1279 3366 adhibent

128 3391 177 3454 ε’ττλ
189 3402 250 3454 τῶν
263 3392 319 3472 τὴν
331 3393 415 3467 τάξιν
429 3393 686 3475 μεταστρεφόντων
698 3389 847 3477 (Naberus
857 3395 1039 3472 Mnemosyn.
1049 3395 1178 3455 XXVII]
1191 3398 1276 3456 1900

129 3503 157 3559 p.
174 3485 236 3544 357
253 3475 359 3563 seqq),
386 3483 489 3543 Latini
515 3484 552 3545 de
575 3485 627 3560 eis,
650 3504 727 3562 quae
750 3486 821 3562 quia
842 3505 949 3562 parum
972 3485 1065 3545 refert
1086 3504 1193 3562 susque
1216 3485 1278 3545 sint

129 3590 168 3631 an
190 3573 285 3650 deque
308 3573 450 3650 nulloque
473 3574 651 3635 detrimento
674 3576 791 3652 possint
809 3576 925 3635 misceri
943 3578 974 3634 et
992 3576 1170 3634 commutari
1187 3575 1277 3650 parui

129 3662 190 3721 sint
212 3661 368 3738 pendenda
390 3663 439 3721 uel
461 3663 563 3723 nihiliz
591 3662 772 3724 Graecorum
799 3663 869 3724 usui
894 3664 1017 3741 propius
1041 3664 1087 3723 est
1109 3663 1276 3739 exemplum

129 3771 164 3810 er
187 3751 289 3812 Plauti
311 3751 530 3829 Amphitruone
552 3752 571 3811 l.
586 3772 608 3812 s.
623 3772 645 3813 s.
665 3753 799 3814 allatum.
845 3752 961 3829 Susque
988 3752 1084 3829 deque
1111 3751 1275 3828 asyndeton

129 3842 175 3900 est
197 3843 231 3901 nt
253 3836 316 3902 door
338 3840 417 3902 κάτω
440 3860 535 3918 neque
558 3839 661 3902 eodem
682 3843 772 3902 modo
795 3841 1000 3919 accipiendum
1019 3859 1078 3917 quc
1092 3841 1277 3916 populusque

124 3935 297 4005 putresque:
327 3950 388 4007 qua
419 3932 451 3991 in
484 3931 633 3992 locutione
662 3949 717 4006 ριιο
747 3931 826 3991 idem
859 3935 905 3991 est
936 3934 1027 4008 atque
1058 3947 1112 4003 que
1140 3929 1216 3988 illud
1243 3931 1274 3988 in

129 4021 251 4095 quisque
279 4022 401 4096 uterque
428 4020 549 4095 absque,
575 4022 621 4079 ita
648 4022 683 4079 ut
705 4019 838 4080 Lucilius
867 4021 1000 4096 potuerit
1022 4018 1148 4078 scribere
1170 4035 1276 4093 stoque

129 4113 155 4169 ct
180 4110 270 4183 deque
297 4110 386 4169 sicuti
411 4110 549 4184 hodieque
575 4109 644 4168 inde
672 4127 691 4169 a
720 4109 818 4168 Vellei
846 4111 945 4168 aetate
972 4101 1131 4188 (Draegeri
1158 4110 1274 4184 syntax.

129 4198 148 4256 l.
158 4198 192 4257 L.
201 4198 270 4259 hist.
281 4191 325 4257 11¹
342 4219 371 4276 p.
382 4191 439 4278 46)
456 4200 619 4274 usurpatur
636 4199 814 4274 scripsitque
832 4197 948 4257 Plinius
962 4199 1024 4257 nat
1037 4197 1106 4255 hist.
1121 4196 1195 4256 VIII
1211 4198 1273 4256 176

130 4282 340 4366 ‘praegrandes
352 4290 456 4365 itaque
470 4288 553 4347 fuere
568 4288 598 4346 et
610 4286 757 4363 hodieque
770 4287 915 4362 reliquiae
929 4287 1069 4363 stirpium
1086 4281 1216 4346 durant’.
1230 4318 1275 4328 —

131 4379 202 4436 111.
226 4377 315 4439 lndus
342 4372 497 4457 iocusque]
520 4376 619 4435 Plaut.
638 4375 726 4435 Mero.
746 4377 810 4436 846
839 4393 944 4436 uersus
972 4376 1033 4436 exit
1058 4375 1090 4434 in
1115 4371 1274 4437 ‘laetitiam

128 4465 232 4526 ludum
259 4469 357 4528 iocum
384 4458 484 4550 (capt
506 4456 599 4547 770);
627 4465 744 4526 Terent
764 4466 840 4525 Eun.
863 4466 926 4525 999
956 4461 1016 4525 ‘hic
1043 4467 1144 4526 nerost
1170 4466 1223 4542 qui
1249 4464 1274 4525 si
