3060 5010
217 321 281 388 110
655 319 705 373 vn
724 338 750 374 u.
771 297 921 378 eor-asa.

215 493 387 553 Notandum
406 495 452 550 est
469 490 617 550 Lucilium
636 491 752 549 caldum
772 490 924 566 scripsisse
943 510 977 549 er
996 490 1206 549 consuetudine
1220 492 1364 551 sermonis

216 581 373 643 cottidiani
409 598 512 639 uersus
542 581 673 638 numeris
709 579 830 638 minime
858 579 1032 659 cogentibus
1060 579 1148 640 sicuti
1179 581 1286 640 ardum
1313 580 1364 640 lib.

215 671 330 731 XXVII
353 691 381 729 u.
398 672 460 729 733
480 669 597 728 lardum
614 669 646 728 Π
664 688 693 728 6.
711 671 762 744 79,
780 669 908 728 calidum
926 670 1035 746 ubique
1054 669 1218 729 Lucretius.
1256 669 1366 748 Agitur

216 760 252 820 de
280 763 358 821 ferro
388 759 516 818 feruenti
544 757 623 834 quod
651 759 740 818 sicuti
763 758 813 816 lib.
828 758 874 816 111
893 779 921 817 u.
939 761 1001 818 145
1035 760 1137 818 incert.
1157 780 1184 817 6.
1208 761 1291 819 1165
1312 765 1366 819 aut

217 851 334 909 malleis
357 848 496 908 tunditur
524 851 577 907 aut
603 850 635 907 in
663 848 761 907 lacum
784 847 953 907 demittitur
975 851 1009 907 ut
1031 847 1148 908 Lucret.
1169 848 1211 907 VI
1233 851 1294 908 146
1321 845 1366 908 ‘ut

216 939 320 1001 calidis
348 937 475 998 candens
504 937 615 996 ferrum
642 957 658 996 e
685 937 854 998 fornacibus
878 939 950 996 olim
973 937 1075 997 stridit
1099 930 1199 1018 (Ouid.
1219 942 1288 997 met.
1306 939 1365 997 XII

217 1031 279 1089 276
300 1021 411 1109 seqq.);
439 1023 561 1086 ‘ferrum
589 1046 604 1084 6
633 1021 815 1086 furnacibus’
845 1026 957 1086 dictum
989 1029 1034 1086 est
1056 1029 1091 1085 61
1113 1025 1163 1084 lib.
1182 1027 1237 1084 XV
1256 1047 1284 1085 ιι.
1300 1029 1363 1086 483

218 1115 325 1177 ‘malus
352 1119 423 1176 naui
452 1136 468 1176 e
496 1111 630 1177 corbita'.
676 1117 763 1190 sulpit
789 1116 968 1175 uocabulum
994 1115 1031 1175 de
1059 1119 1140 1175 astro
1169 1115 1248 1191 quod
1269 1118 1366 1176 instar

216 1210 257 1268 sit
283 1206 398 1286 μύδρυυ
426 1205 575 1284 διαπύρου
602 1205 667 1264 fieri
694 1206 947 1281 comparationem
975 1205 1097 1265 indicat.
1145 1205 1188 1263 De
1216 1206 1288 1265 luna
1315 1207 1365 1285 agi

216 1316 292 1374 quae
314 1300 437 1356 uentum
460 1297 590 1373 primum
612 1294 727 1354 indicat
749 1295 865 1363 rubore,
888 1313 955 1355 mox
979 1295 1107 1373 caligine
1130 1296 1276 1372 mergitur
1297 1294 1365 1355 ideo

215 1386 369 1463 probabile
399 1388 458 1459 est,
489 1383 568 1461 quod
592 1381 718 1443 Ouidius
740 1384 760 1443 1.
775 1402 796 1442 s.
816 1383 921 1444 scribit
950 1379 1072 1443 ‘ferrum
1095 1386 1165 1461 igne
1187 1384 1295 1444 rubens

218 1475 298 1552 quod
327 1474 439 1550 forcipe
467 1492 559 1534 curua
587 1493 653 1533 cum
683 1473 767 1533 faber
789 1469 902 1532 adurit'
927 1494 950 1532 e.
965 1494 992 1550 q.
1007 1493 1039 1548 s,
1062 1472 1213 1551 Vergilius
1236 1474 1365 1551 georgi

216 1566 290 1625 430.
314 1567 376 1623 431
408 1559 453 1622 ‘at
479 1564 504 1623 si
531 1563 700 1640 uirgineum
727 1561 883 1622 suffuderit
915 1581 965 1623 ore
994 1563 1132 1623 ruborem
1160 1566 1266 1623 uentus
1296 1564 1365 1623 erit:

217 1656 308 1712 uento
332 1671 447 1730 semper
468 1651 555 1711 rubet
577 1671 667 1710 aurea
691 1647 817 1710 Phoebe'
842 1643 966 1733 (Lucan.
982 1652 1010 1707 V
1029 1645 1116 1734 549).

306 1734 389 1803 292.
421 1740 537 1799 Nonius
571 1760 600 1816 p.
622 1742 700 1816 395,
728 1743 769 1800 28
808 1737 957 1818 ‘Segetcm
994 1741 1085 1801 etiam
1120 1743 1218 1818 ipsam
1254 1744 1366 1801 terram

218 1832 351 1891 dicimus.
377 1876 427 1889 ...
446 1829 579 1889 Lucilius
608 1833 779 1906 satyrarum
801 1829 851 1890 lib.
867 1830 926 1889 VH
950 1826 1067 1891 “solem
1087 1826 1364 1904 ...statumquc'’.'

217 1920 358 1989 Queritur
381 1919 521 1995 querulus
544 1921 677 1998 agricola
697 1920 790 1980 solem
809 1922 840 1980 et
858 1939 962 1979 auram
981 1919 1137 1980 aduersam
1156 1938 1238 1996 spem
1257 1922 1365 1998 segetis

217 2012 390 2069 immutasse
427 2012 458 2069 61
493 2009 631 2068 fortunae
667 2009 756 2068 fidem
797 2009 984 2070 domesticae.
1044 2009 1089 2069 De
1131 2028 1205 2068 aura
1241 2009 1366 2070 aduersa

216 2100 350 2175 loquitur
381 2102 416 2158 ut
448 2101 542 2159 nauta
574 2097 610 2158 de
642 2117 715 2158 aura
748 2098 876 2158 secunda
908 2091 1009 2180 (Ouid.
1034 2119 1070 2159 ex
1097 2098 1183 2158 Pont.
1206 2098 1238 2157 Π
1263 2100 1296 2174 3,
1323 2100 1364 2157 26

219 2184 301 2247 ‘dum
324 2188 410 2247 flauit
432 2188 508 2247 uelis
531 2207 605 2246 aura
627 2187 756 2247 secunda
778 2182 894 2268 meis’):
917 2188 985 2248 uide
1004 2188 1044 2248 ad
1061 2187 1112 2248 lib.
1126 2187 1226 2246 XXVI
1244 2208 1272 2246 u.
1293 2189 1365 2247 666.

215 2277 329 2337 Statum
366 2279 481 2337 mutare
518 2296 578 2337 non
614 2276 708 2337 audeo
744 2276 923 2337 uocabulum
959 2278 1039 2354 quod
1079 2280 1125 2336 ita
1162 2278 1366 2353 accipiendum

217 2366 345 2426 arbitror
372 2370 407 2426 ut
435 2367 510 2426 iuris
536 2367 666 2426 consulti
692 2367 795 2427 dicunt
822 2368 904 2427 statu
931 2366 1031 2443 liberi,
1058 2366 1191 2426 Velleius
1214 2366 1245 2424 H
1272 2368 1326 2443 72,
1347 2368 1364 2425 5

218 2452 236 2518 ‘.
256 2503 289 2514 ..
318 2457 478 2533 proscripti
514 2455 714 2516 confluebant:
747 2458 857 2533 quippe
888 2457 1005 2515 nullum
1040 2455 1218 2515 habentibus
1254 2458 1367 2515 statum

219 2546 345 2622 quilibet
381 2545 439 2605 dur
477 2548 542 2605 erat
577 2541 721 2606 idoneus'.
781 2545 902 2605 Tacitus
939 2564 1007 2604 ann.
1030 2545 1076 2603 III
1101 2546 1141 2605 28
1181 2541 1244 2605 ‘sed
1274 2545 1366 2604 altius

217 2635 414 2712 penetrabant
440 2635 603 2710 urbemque
630 2638 661 2694 et
688 2635 809 2693 ltaliam
837 2638 868 2693 et
890 2635 969 2710 quod
992 2653 1118 2711 usquam
1142 2634 1252 2695 ciuium
1277 2637 1365 2694 corri-

216 2728 357 2801 puerant,
394 2726 614 2800 multorumque
653 2724 742 2784 excisi
774 2719 891 2784 status'.
945 2723 1051 2784 Exitus
1082 2742 1186 2784 uersus
1219 2723 1288 2783 talis
1321 2728 1367 2784 est

217 2815 337 2890 qualem
355 2815 499 2874 Horatius
522 2816 552 2872 in
576 2814 686 2874 saturis
709 2832 797 2890 saepe
821 2813 943 2873 admisit
962 2813 1112 2873 Lucilium
1134 2817 1251 2874 secutus
1270 2814 1365 2872 ueluti

216 2905 281 2979 12,
300 2907 343 2963 30
368 2900 491 2963 ‘fornice
520 2898 661 2963 stantem’
692 2896 913 2983 (tumueras
941 2902 978 2961 de
1000 2923 1023 2961 r.
1042 2895 1096 2961 m?
1113 2925 1142 2981 p.
1158 2896 1246 2986 386).
1289 2902 1366 2963 Scri·

219 2997 337 3068 pturam
362 3012 451 3070 quam
474 2994 554 3054 solus
578 2993 631 3052 cod
654 2991 807 3052 Leidensis
829 2990 952 3068 praebet
975 2995 1046 3051 ml
1072 2993 1165 3052 solem
1183 3012 1286 3052 ueram
1304 3012 1366 3053 esse

217 3082 354 3141 arbitror.
395 3082 505 3158 Orepat
531 3085 608 3143 enim
634 3082 766 3160 agricola
789 3082 869 3158 apud
891 3081 1064 3141 Petronium
1088 3084 1129 3140 44
1155 3077 1197 3142 ‘et
1220 3082 1367 3158 quomodo

217 3173 335 3230 siccitas
358 3174 536 3246 perseuerat.
560 3172 622 3230 iam
645 3191 757 3230 annum
777 3173 899 3231 esumtio
919 3165 999 3246 fuit',
1021 3174 1230 3247 tempestatem
1248 3173 1367 3231 incusat

217 3260 446 3336 6116161646.
493 3259 604 3338 Vergil.
624 3259 698 3318 Aen.
713 3260 759 3318 ΙΠ
781 3262 841 3318 141
873 3256 948 3319 ‘tum
977 3261 1093 3320 steriles
1122 3280 1241 3320 exurere
1270 3261 1366 3321 Sirius

216 3367 317 3426 agros3
341 3348 466 3408 arebant
490 3348 598 3408 herbae
622 3352 652 3408 et
674 3352 788 3408 uictum
811 3368 895 3427 seges
919 3369 1010 3428 aegra
1032 3346 1182 3429 negabat'.

307 3430 389 3499 293.
413 3438 527 3497 Nonius
551 3459 578 3515 p.
595 3441 669 3517 496,
690 3440 730 3498 18
756 3433 931 3498 ‘Genetiuus
954 3458 1039 3498 casus
1062 3442 1177 3517 positus
1202 3459 1258 3517 pro
1281 3458 1366 3500 accu-

219 3528 324 3588 satiuo.
443 3526 576 3587 Lucilius
609 3530 777 3604 satyrarum
805 3527 856 3586 lib.
870 3527 930 3587 VII
954 3523 1074 3588 “tristis
1174 3525 1364 3590 bonorum'’.'

217 3616 343 3676 Videtur
370 3617 502 3676 Lucilius
530 3636 618 3676 senex
645 3637 749 3678 senum
771 3619 907 3677 incusare
931 3620 1087 3678 tristitiam
1110 3620 1199 3678 sicuti
1222 3618 1365 3678 Horatius

217 3707 273 3765 ΑΡ
298 3709 359 3766 172
389 3702 511 3766 ‘dilator
538 3724 590 3783 spe
617 3707 738 3784 longus,
769 3708 861 3782 iners,
893 3707 1057 3784 aridusque
1087 3708 1195 3784 futuri,
1226 3707 1367 3784 difficilis,

218 3792 383 3872 quemlus’:
401 3795 574 3856 fastidiosus
592 3795 737 3856 bonorum
756 3800 802 3856 est
820 3815 907 3856 senex
927 3797 1006 3874 apud
1024 3797 1184 3857 Horatium
1198 3798 1217 3856 l.
1232 3816 1255 3858 s.
1270 3791 1366 3880 (170)

218 3889 270 3962 qui
303 3881 433 3962 ‘quaerit
469 3888 499 3945 et
535 3888 666 3946 inuentis
700 3889 791 3947 miser
822 3885 953 3946 abstinet
985 3906 1019 3947 ao
1051 3888 1139 3947 timet
1170 3883 1237 3946 uti'.
1291 3887 1370 3947 Oonf

216 3977 336 4034 Afranii
363 3975 521 4035 625211
549 3971 664 4036 ‘uixisti
694 3978 790 4037 tristis
818 3976 909 4036 durus
936 3974 1067 4036 difficilia
1097 3972 1209 4037 tenar’.
1258 3977 1365 4053 Itaque

216 4085 244 4124 u.
266 4067 329 4125 294
353 4066 405 4142 qui
423 4068 558 4141 sequitur
575 4085 674 4127 senem
693 4066 859 4141 dilatorem,
881 4066 934 4142 qui
952 4065 1103 4125 antecedit
1122 4067 1185 4125 292
1209 4066 1365 4142 querulum

216 4153 365 4213 describit.
408 4152 579 4231 Genetiuus‚
601 4157 635 4215 ut
658 4144 793 4216 fastidire
811 4154 1045 4232 Agamemnonis
1063 4154 1115 4213 lib.
1129 4155 1228 4215 XXVI
1246 4176 1274 4214 u.
1291 4157 1364 4217 654.

216 4241 337 4320 Pugnat
367 4245 398 4301 in
430 4244 486 4304 hac
525 4249 675 4304 structura
706 4245 864 4304 uerborum
903 4245 1070 4319 antiquitus
1107 4246 1262 4321 genetiuus
1299 4264 1366 4304 cum

217 4331 363 4390 ablatiuo:
400 4334 489 4392 sicuti
524 4335 557 4392 in
593 4335 661 4395 aliis
696 4336 793 4394 uictor
829 4332 933 4393 euadit
968 4333 1127 4394 ablaticus.
1187 4332 1366 4394 Genetiuum

218 4420 387 4480 absolutum
417 4424 583 4498 antiquitus
610 4442 758 4502 pugnasse
786 4443 852 4482 cum
887 4422 1020 4482 ablatiuo
1048 4427 1178 4483 testatur
1204 4425 1285 4483 locus
1308 4424 1366 4483 XII
