3030 5002
626 352 652 406 Π
670 369 696 406 0.
715 356 830 406 6741.
1248 350 1292 416 33

147 540 206 580 000
238 538 372 596 occasus,
404 519 456 580 sed
488 538 627 596 praesens
657 519 864 580 tantummodo
896 519 941 580 sol
973 518 1080 579 obduci
1103 518 1219 596 ‘potest'
1240 522 1294 579 aut

147 611 275 690 caligine
298 612 352 669 aut
374 609 516 669 tenebris:
544 612 608 669 tum
631 611 844 688 grammaticus
871 610 1036 669 ablatiuum
1064 607 1240 684 addidisset,
1267 608 1293 667 si

147 718 181 760 eo
204 717 278 777 opus
299 699 398 758 fuerat
420 698 458 759 ad
481 700 660 759 sententiam
683 699 867 777 explendam.
902 698 1013 777 Agitur
1035 697 1071 756 de
1089 699 1178 758 furtis
1197 700 1228 757 et
1244 715 1292 757 ra·

146 791 224 867 pinis
248 788 325 849 olam
348 791 437 848 noctu
460 789 594 849 allucio
617 789 649 847 in
671 791 826 866 prouincia
845 789 940 848 iactis.
978 786 1165 848 structuram
1188 786 1292 846 duram

147 882 178 938 et
203 879 272 937 inde
300 898 318 936 0
342 876 476 938 (laeseris
504 881 636 955 tempore
662 877 851 956 repudiatam
877 879 936 937 sole
961 895 1061 938 000000
1088 878 1196 952 quarto
1224 879 1294 952 post

147 966 297 1026 Christum
324 967 441 1027 saeculo
469 967 549 1042 apud
576 967 738 1026 Paulinum
764 966 916 1027 Nolanum
943 985 1032 1026 carm.
1051 965 1120 1024 XIX
1141 966 1205 1024 160
1230 960 1292 1024 ‘no-

146 1056 228 1116 mina
250 1056 332 1115 mille
355 1055 477 1115 deorum
499 1074 576 1132 quae
593 1059 694 1115 tamen
712 1075 748 1116 ex
766 1055 856 1116 obitis
883 1055 1060 1116 mortalibus
1083 1057 1114 1114 et
1135 1053 1192 1113 sibi
1215 1073 1293 1114 sum·

146 1140 217 1222 psit’
241 1143 355 1204 XXVII
374 1146 438 1204 568
463 1141 545 1223 ‘ergo
573 1143 701 1222 probant
724 1144 799 1204 obiti
822 1144 901 1222 quod
934 1144 1111 1204 damnauere
1142 1139 1291 1222 magistri'

147 1235 249 1295 docuit
280 1232 313 1292 L.
333 1234 494 1295 Muellerus
517 1234 544 1294 d
567 1255 591 1294 r.
614 1226 668 1293 m.²
694 1255 722 1312 p.
742 1236 816 1294 432.
870 1233 936 1294 Sole
972 1252 1071 1294 occaso
1108 1253 1143 1292 ex
1177 1231 1293 1292 Lucilio

149 1324 276 1401 sumpsit
299 1322 400 1383 Claud.
425 1323 568 1401 Quadrig.
592 1343 638 1400 ap.
663 1322 737 1383 Gell.
756 1323 843 1383 XVII
864 1325 892 1398 2,
913 1327 954 1383 10
977 1324 1083 1401 fragm.
1103 1321 1240 1382 3Peteri.

235 1405 295 1472 69.
313 1412 428 1472 Nonius
442 1433 470 1491 p.
488 1415 561 1489 102,
576 1414 618 1473 20
638 1408 814 1489 ‘Exculpere
833 1416 879 1474 001
897 1415 1100 1489 extorquere..
1117 1458 1122 1469 .
1139 1457 1145 1469 .
1160 1411 1293 1471 Lucilius

147 1505 315 1580 satyrarum
338 1501 422 1561 lihl
463 1497 566 1562 “nunc
587 1518 692 1562 nomen
713 1505 831 1576 1000000
856 1521 891 1561 ex
918 1502 1044 1561 testibus
1070 1503 1134 1578 ipse
1161 1500 1294 1579 rogando

148 1593 271 1669 exculpe
293 1591 367 1651 haee
388 1586 529 1651 dicam''.'
566 1591 756 1651 Accusateris
775 1591 868 1651 uerba
885 1594 956 1651 sunt
974 1591 1027 1667 qui
1044 1593 1135 1651 testes
1154 1609 1184 1651 se
1203 1593 1294 1649 inter-

147 1684 322 1760 rogaturum
353 1698 416 1741 esse
447 1679 636 1758 pronuntiat:
668 1681 739 1740 oeni
764 1678 823 1740 (lic.
851 1680 888 1739 de
915 1683 990 1739 orat
1009 1679 1040 1738 II
1059 1682 1123 1739 244
1152 1675 1294 1739 ‘Pusillus

148 1769 232 1831 testis
250 1771 402 1847 processit.
436 1765 553 1844 “Licet,
569 1770 678 1844 inquit,
696 1765 845 1849 rogare?”
881 1768 1048 1846 Philippus.
1081 1769 1159 1828 Tum
1178 1770 1293 1846 quaesi·

147 1861 195 1921 tor
218 1852 291 1942 (quo
315 1858 350 1918 de
373 1858 445 1918 coni
464 1859 640 1919 Mommseni
662 1858 699 1918 de
724 1861 789 1918 iure
811 1859 940 1936 publp.
960 1857 1045 1918 1:11
1065 1850 1099 1918 1⁸
1120 1878 1149 1935 p.
1171 1859 1244 1932 223,
1259 1850 1294 1938 4)

148 1966 322 2026 properans:
356 1944 469 2008 “Modo
499 1943 663 2007 breuiter''.
713 1948 772 2009 Hie
798 1949 863 2009 ille:
896 1944 988 2008 “Non
1016 1948 1175 2008 accusabis.
1225 1947 1295 2006 Per·

148 2038 289 2115 pusillum
316 2032 473 2117 rogabo'':'
507 2038 579 2097 conf
602 2040 635 2096 in
657 2036 859 2114 Verrvbil,
881 2040 942 2097 155
971 2057 1025 2114 pro
1049 2037 1145 2098 sicca
1167 2039 1222 2112 10,
1244 2037 1294 2096 23.

148 2127 251 2189 Testes
278 2145 345 2189 cum
372 2126 409 2187 de
435 2128 569 2204 pecuniis
597 2128 768 2203 repetundis
800 2127 977 2204 respondere
1009 2129 1159 2203 oporteat,
1190 2143 1296 2186 nomen

148 2216 327 2278 uocabulum
349 2216 387 2275 ad
410 2217 555 2292 pecuniae
576 2234 684 2276 nomen
706 2218 738 2275 in
762 2216 880 2277 1000100
902 2216 1038 2294 publicas
1061 2217 1190 2276 relatum
1217 2214 1296 2275 arbi·

148 2309 245 2366 tratis
271 2323 338 2364 sum
363 2307 512 2382 pertinere
540 2305 663 2382 qua-de
690 2325 722 2366 re
749 2305 971 2383 disputauimus
1000 2307 1133 2385 prolegg.
1156 2325 1185 2382 p.
1204 2303 1294 2364 XLII.

148 2395 364 2455 Numerianum
389 2413 477 2471 quem
504 2398 535 2454 01
561 2395 617 2454 hoc
644 2394 709 2455 loco
736 2397 879 2455 01056
908 2394 1125 2473 deprehendere
1153 2394 1210 2454 sibi
1236 2393 1296 2454 uisi

149 2488 219 2546 sunt
242 2486 273 2543 et
294 2483 414 2544 Horatii
436 2487 468 2543 in
491 2484 601 2544 saturis
624 2484 677 2559 qui
699 2484 842 2561 laeditur,
869 2485 994 2545 eundem
1017 2486 1109 2543 etiam
1137 2482 1295 2544 aLucilio

148 2575 287 2634 notatum
309 2591 372 2634 esse
395 2591 481 2633 nemo
504 2572 601 2633 adhuc
622 2576 723 2649 potuit
740 2574 950 2633 demonstrare.
965 2605 1008 2615 ·-
1023 2593 1099 2650 quae
1117 2591 1152 2631 ex
1171 2571 1296 2632 testibus

150 2709 202 2722 ...
221 2656 359 2743 exculpe]
382 2666 499 2723 secuisse
523 2665 568 2723 est
585 2659 718 2722 Lucilius
737 2661 909 2722 Terentium
928 2664 981 2739 qui
998 2662 1118 2740 scripsit
1135 2661 1211 2720 Eun.
1232 2663 1295 2720 712

151 2749 320 2830 ‘possumne
342 2770 397 2832 ego
415 2751 502 2812 hodie
526 2770 560 2811 ex
582 2754 613 2810 te
636 2752 789 2829 exculpere
811 2748 946 2811 uerum?
980 2750 1137 2812 Terentius
1153 2749 1297 2811 Plautum

150 2840 304 2903 ,6101541
335 2837 379 2900 ‘in
406 2842 587 2918 quaestione.
619 2840 671 2900 uix
698 2840 830 2918 exculpsi
857 2843 893 2899 ut
918 2835 1052 2915 diceret',
1082 2859 1172 2917 quem
1198 2839 1297 2899 locum

149 2930 267 2991 Nonius
284 2930 303 2989 l.
323 2949 344 2991 0.
364 2950 386 2991 0.
410 2932 604 3009 comparauit.
625 2962 666 2971 -
685 2933 826 2991 00001000
848 2929 1026 3008 trisyllabon
1050 2929 1132 3006 quod
1154 2931 1199 2989 est
1218 2929 1297 3006 apud

150 3021 280 3082 comicos
319 3022 409 3097 pocta
449 3021 614 3098 separauit:
656 3020 727 3080 conf
764 3019 880 3080 Bittius
916 3019 991 3079 Mus.
1020 3019 1112 3078 Rhen.
1140 3016 1181 3077 LI
1211 3019 1295 3079 1806

150 3131 178 3187 p.
199 3110 330 3186 seseqq.
353 3111 386 3169 10
409 3108 524 3168 addidi:
547 3110 630 3169 cuius
653 3128 724 3169 usus
747 3110 882 3187 exempla
904 3108 1046 3168 adferunt
1062 3108 1240 3185 interpretes
1259 3108 1298 3168 ad

150 3197 211 3258 010.
229 3198 313 3259 Brut
335 3200 500 3259 160164.
524 3230 568 3240 -
590 3200 653 3259 iam
676 3197 780 3275 001010
802 3201 892 3260 00100
914 3201 1058 3276 preposui
1082 3196 1162 3275 quod
1184 3198 1299 3276 placuit

150 3286 312 3364 Lindsayio
335 3306 382 3364 ap.
405 3288 537 3349 Nonium
555 3289 574 3346 l.
594 3306 616 3347 0.
635 3305 658 3348 0.

242 3367 300 3438 ll.
322 3376 438 3437 Nouius
460 3397 488 3455 p.
509 3379 584 3453 539,
605 3380 643 3437 17
675 3372 763 3438 ‘seca
785 3381 831 3437 est
857 3376 938 3452 quod
964 3394 1019 3437 nos
1046 3375 1200 3436 sudarium
1226 3374 1298 3436 dici·

151 3483 217 3526 mus
315 3464 448 3526 Lucilius
478 3469 648 3544 satyrarum
675 3466 725 3526 lib.
744 3465 776 3526 11
808 3462 953 3542 “hrodpiy
986 3467 1085 3525 aurati
1116 3469 1299 3527 01000100αοὶ0

152 3551 304 3615 mitrae’'.'
352 3555 572 3615 Enumerantur
594 3558 693 3616 uestes
715 3555 888 3616 muliebres:
911 3555 1014 3616 eodem
1036 3556 1068 3614 in
1091 3555 1183 3616 simili
1205 3556 1299 3616 nomi-

152 3664 223 3703 num
242 3645 378 3722 congerie
397 3645 542 3705 uoeahulo
560 3648 668 3704 mitrae
686 3646 747 3705 exit
765 3662 868 3704 uersus
887 3643 972 3703 Lucr.
990 3643 1035 3703 IV
1055 3646 1140 3704 1129
1166 3640 1208 3704 ‘et
1225 3644 1299 3704 bene

152 3736 240 3810 perte
266 3737 386 3812 patrum
414 3732 491 3794 11001
517 3734 707 3808 anademata,
736 3730 854 3793 mitree’
878 3732 991 3813 Vergil.
1009 3733 1083 3791 Aen.
1102 3732 1145 3791 IX
1164 3734 1228 3792 616
1258 3728 1300 3793 ‘et

152 3823 271 3882 tunicae
293 3823 424 3884 manicas
447 3826 478 3882 et
498 3822 611 3884 hahent
632 3821 809 3883 redimicula
830 3819 959 3882 mitrae'.
996 3822 1161 3882 Manicatas
1181 3822 1299 3882 tunicas

153 3910 208 3972 hoo
230 3912 296 3974 loco
318 3915 398 3972 recte
420 3913 545 3990 agnouit
567 3912 792 3972 Bouterwehius
816 3916 929 3988 quaest.
952 3910 1046 3971 Lucil.
1069 3931 1098 3986 p.
1119 3912 1136 3969 7
1161 3910 1299 3988 idemque

152 4003 261 4062 statrit
288 4001 433 4062 Graecum
459 4000 637 4063 uocabulum
665 4000 831 4082 χειριδωτός
856 4002 950 4061 latere
977 4002 1008 4060 10
1036 4000 1147 4060 litteris
1176 4000 1300 4078 brodyty

153 4091 312 4168 corruptis:
345 4091 424 4168 quod
450 4091 629 4151 uocabulum
657 4093 780 4151 mutatis
806 4089 933 4150 barbare
965 4088 1148 4166 syllabarum
1181 4092 1299 4166 quanti-

153 4181 266 4241 tatibus
298 4180 467 4241 adhibuisse
498 4179 648 4240 Lucilium
679 4180 850 4239 erbitratur.
904 4179 948 4238 At
982 4182 1137 4239 mutarunt
1173 4179 1299 4240 Romani

153 4268 262 4330 Lucilii
285 4273 383 4330 aetate
402 4289 462 4330 000
485 4268 669 4348 syllabarum
691 4271 902 4347 quantitatem,
925 4268 976 4328 sed
997 4270 1094 4328 tetum
1112 4267 1298 4329 uocabulum.

153 4358 232 4419 Nam
249 4359 366 4419 Neuius
384 4350 490 4442 (0οΡ
506 4378 535 4435 p.
551 4360 614 4418 322
634 4350 728 4440 IVR)
751 4377 818 4418 cum
840 4357 993 4435 scripserit
1009 4360 1085 4419 teste
1103 4357 1202 4419 Nonio
1216 4359 1235 4416 l.
1246 4377 1268 4417 0.
1277 4377 1299 4418 s.

155 4441 350 4510 ‘millicinam
376 4441 527 4510 erocdtam
554 4441 738 4509 cheriddtam
763 4448 856 4507 ricam
882 4442 1021 4507 ricinum’
1049 4449 1183 4528 tunicam
1213 4447 1299 4507 chiri-

207 4557 294 4604 lauessit
307 4559 356 4599 reli
370 4558 404 4599 ed
419 4557 501 4600 lm.
522 4558 552 4598 11.
1070 4551 1086 4602 0
