3030 5002
215 336 258 400 24
694 335 752 390 Iu.
771 339 886 391 48-49.

214 497 302 588 reip.)
328 509 344 564 1
377 508 462 580 quasi
484 510 698 580 percuterem
719 505 881 566 collectum:
900 495 958 582 ⁴qui
982 522 1082 565 omnes
1105 507 1191 580 88881
1217 505 1266 565 881
1290 510 1363 566 tam

214 613 303 669 queen
335 594 514 654 addiderunt
545 595 624 655 sicut
659 594 820 655 Sallustius
857 594 977 655 fecerat.
1033 594 1112 653 Nam
1150 594 1190 652 sd
1226 593 1364 656 Sallustii

215 703 301 744 usum
332 704 390 745 non
423 684 554 761 pertinet
585 683 665 760 quod
701 686 821 762 scripsit
851 682 1030 744 Pescennius
1060 683 1166 743 Festus
1197 685 1274 744 teste
1306 684 1363 744 La-

215 774 328 834 ctantio
350 775 444 834 instit.
464 774 550 848 121,
572 775 611 833 13
639 773 778 851 ποικίλην
800 772 932 849 ἱστορίαν
959 792 1049 850 quam
1076 773 1245 833 nominauit
1270 774 1361 835 libros

213 865 404 924 hommem
429 881 487 939 per
518 867 652 923 sueram
684 856 771 944 (conf
794 865 925 943 prolegg.
944 883 973 939 p.
993 854 1091 943 ΧΠ),
1123 881 1204 923 more
1237 864 1362 941 antiquo

215 953 325 1012 Promo
349 973 377 1030 p.
399 955 462 1012 212
487 955 559 1012 extr.
583 952 620 1012 N.
664 948 710 1011 ‘ut
752 971 788 1011 ea
829 971 906 1029 quae
941 971 995 1028 per
1032 952 1166 1011 saturam
1206 949 1363 1013 feruntur'.

214 1040 347 1102 Aedilem
378 1045 490 1117 factam
521 1061 540 1101 a
570 1042 682 1119 populo
714 1041 789 1101 dicit
819 1041 965 1115 Lucilius,
996 1041 1015 1098 i.
1040 1058 1063 1099 e.
1092 1042 1237 1116 creatum,
1274 1043 1363 1102 sicuti

214 1133 247 1190 in
278 1131 443 1208 perietibus
480 1129 668 1207 Pompeianis
701 1132 811 1209 legitur
834 1129 897 1195 (lIL
920 1129 964 1189 IV
990 1131 1029 1189 61
1058 1130 1132 1190 alibi
1163 1131 1208 1190 M.
1226 1132 1364 1191 Marium

215 1220 366 1296 aediles)
388 1218 543 1296 foedatis).
589 1220 689 1280 Verba
716 1223 766 1294 qai
794 1221 902 1295 lepitus
928 1221 1024 1280 soluat
1053 1219 1194 1279 uidentur
1214 1221 1364 1297 pertinere

215 1310 254 1369 ad
277 1311 414 1370 senatum
437 1309 520 1370 cuius
542 1310 679 1387 princeps
702 1311 758 1370 hec
781 1312 884 1371 satura
905 1308 1043 1369 laeditur.
1085 1308 1229 1370 Senatum
1249 1309 1364 1390 legibus

215 1400 347 1476 potuisse
375 1400 488 1460 soluere
516 1402 565 1459 set
590 1400 709 1459 constet
735 1400 789 1459 illo
817 1401 964 1476 tempore:
992 1400 1063 1458 conf
1083 1397 1141 1458 (lic.
1162 1399 1198 1458 de
1219 1401 1290 1475 imp.
1311 1398 1363 1458 Cn.

215 1488 318 1565 Pomp.
334 1490 376 1548 62
405 1492 509 1549 auctor
532 1488 571 1548 ad
592 1488 662 1551 Her.
677 1488 724 1548 111
743 1492 777 1562 2,
797 1491 815 1547 2
839 1489 914 1548 med.
962 1483 1006 1547 ‘ue
1031 1489 1058 1548 si
1085 1489 1219 1549 deliberet
1245 1494 1364 1550 senatus

214 1579 347 1638 solentne
369 1580 479 1654 tepibus
501 1578 707 1653 Scipionem..
724 1574 742 1634 .’
767 1577 873 1638 Ascon.
887 1598 916 1654 p.
933 1579 983 1652 51,
995 1577 1056 1636 211.
1068 1576 1134 1636 Sch.
1156 1573 1199 1638 Ὃ.
1213 1576 1364 1639 Cornelius

216 1659 309 1749 (anno
343 1659 1111 1748 887187)...8888888888...8888...88
1141 1668 1192 1742 qui
1222 1670 1282 1728 nisi
1307 1686 1364 1743 per

210 1757 356 1832 88881888
375 1757 484 1831 lepibcs
502 1758 671 1817 solueretur.
710 1757 793 1833 Quod
811 1759 931 1831 antiquo
949 1772 1060 1831 qaoque
1076 1759 1142 1816 iaec
1156 1762 1218 1818 erat
1232 1760 1365 1817 cautem:

215 1849 312 1920 itaque
343 1849 376 1904 in
407 1847 541 1906 88888888
567 1845 598 1906 S.
615 1846 660 1917 0„
692 1848 796 1921 888888
828 1847 954 1920 aliquem
985 1846 1095 1919 lepibus
1121 1847 1198 1906 solui
1219 1847 1365 1921 placebat,

216 1936 295 1995 edici
317 1940 380 1995 erat
401 1936 527 2004 solitusve,
550 1941 582 1994 at
604 1937 640 1995 de
658 1954 692 1996 ee
710 1954 742 1996 re
759 1937 800 1996 od
812 1936 959 2011 poputum
976 1937 1118 2009 sendus:
1139 1937 1190 1995 sed
1202 1936 1365 2011 pacdlatim

215 2026 289 2099 ferri
316 2030 379 2085 erat
405 2020 540 2085 desimm'
569 2044 590 2086 e.
605 2045 631 2100 p.
645 2044 667 2084 s.
693 2018 906 2107 (Mommsenus
934 2024 1047 2100 ephem.
1066 2025 1158 2104 epigr.
1178 2025 1253 2085 VIII
1279 2028 1363 2087 1899

216 2135 244 2191 p.
261 2114 324 2173 248
348 2113 384 2174 de
407 2115 471 2174 iure
493 2135 520 2191 p.
536 2114 570 2174 It.
584 2115 632 2175 111
653 2119 668 2174 1
691 2107 809 2197 (1887)
827 2135 855 2191 p.
872 2106 965 2194 337);
989 2113 1054 2173 Liu.
1069 2134 1129 2190 per.
1146 2116 1188 2174 50
1212 2110 1257 2173 ‘P.
1267 2115 1365 2192 Scipio

215 2202 401 2264 Aemilianus
420 2223 486 2263 cum
504 2205 680 2265 aedilitatem
693 2208 802 2280 peteret
819 2205 920 2264 consul
934 2223 954 2263 a
962 2203 1075 2279 popolo
1088 2204 1190 2264 dicius.
1220 2205 1366 2280 Quoniam

211 2311 268 2368 per
291 2310 386 2353 annos
408 2295 519 2354 consati
541 2296 608 2366 fieri
628 2312 688 2354 888
710 2295 825 2362 licebat,
852 2312 919 2353 8888
945 2310 1052 2368 macno
1079 2296 1234 2354 certamine
1255 2296 1365 2370 suffra-

214 2384 352 2458 pcmtilms
379 2383 490 2459 plebeis
522 2388 548 2443 et
574 2384 804 2459 repupnaeeioes
831 2385 857 2443 ei
884 2383 1069 2457 aliquandiu
1090 2384 1229 2458 pacibus
1256 2384 1366 2460 lepibua

215 2473 327 2532 8818888
350 2477 376 2533 et
398 2474 498 2533 conecti
515 2477 644 2533 meatus:
665 2473 794 2550 Appian.
809 2471 884 2533 Iber.
900 2473 950 2533 84.
972 2471 1030 2531 (lic.
1046 2470 1082 2529 de
1100 2492 1160 2549 rep.
1176 2471 1223 2532 ΙΠ
1242 2475 1294 2549 22,
1314 2474 1364 2533 33.

216 2561 378 2638 vituperat
403 2564 498 2640 igitur
520 2563 592 2622 deus
620 2565 755 2622 sonetum
779 2557 844 2637 ‘per
871 2563 1004 2621 saturam
1028 2560 1153 2620 aedilem
1176 2562 1290 2622 factum
1314 2565 1366 2639 qui

216 2650 332 2730 legibus
356 2647 474 2712 soluat’.
516 2650 625 2730 Agitur
648 2651 684 2710 de
707 2651 827 2710 homine
850 2650 978 2726 quodam
997 2650 1136 2728 populari
1159 2652 1211 2728 qui
1235 2671 1269 2711 eo
1288 2670 1365 2710 anno

219 2760 277 2818 quo
301 2741 430 2818 scriptus
454 2744 500 2800 est
521 2740 597 2800 liber
619 2741 634 2799 Ι
658 2760 726 2801 cum
757 2743 845 2801 antea
868 2740 1041 2800 turbulente
1064 2741 1095 2797 et
1117 2740 1227 2802 uitiosa
1249 2742 1366 2800 ratione

215 2830 320 2890 aedilis
353 2831 450 2890 factus
483 2832 572 2905 esset,
609 2833 772 2907 antequem
810 2832 953 2908 praetura
982 2832 1024 2890 sit
1062 2829 1181 2890 functus
1220 2830 1364 2909 legitime,

217 2919 333 2998 legibus
356 2920 471 2979 solutus
494 2922 540 2980 est
563 2923 718 2995 asenatu,
741 2939 799 2997 quo
823 2921 919 2998 magis
941 2919 1129 2979 consulatum
1152 2919 1366 2995 adipisceretur

217 3008 384 3068 aedilicius:
422 2999 508 3089 (cons
536 3009 734 3081 Mommsenus
770 3008 807 3068 de
838 3011 902 3068 iure
934 3029 962 3085 p.
982 3008 1050 3067 Itl
1079 3000 1197 3090 (1887)
1224 3029 1252 3085 p.
1273 3005 1365 3086 539):

217 3099 356 3158 similiter
380 3096 438 3158 cio.
453 3098 582 3176 Philipp.
601 3098 644 3156 XI
664 3100 693 3173 5,
714 3102 752 3158 11
780 3094 869 3158 ‘sltsr
888 3097 997 3158 Caesar
1015 3098 1161 3175 Vopiscus
1178 3098 1230 3157 ille
1248 3117 1365 3158 summo

216 3188 351 3264 ingenio,
387 3205 503 3247 summe
534 3187 683 3264 potentia,
720 3187 771 3264 qui
803 3207 839 3246 ex
871 3187 1025 3247 aedilitate
1062 3188 1249 3247 consulatum
1279 3189 1366 3264 petit,

217 3276 353 3336 soluetur
379 3271 507 3354 legibus’
536 3268 658 3357 (Asson.
678 3297 706 3354 p.
723 3279 773 3352 22,
795 3268 992 3358 13118818).
1044 3275 1115 3346 Quis
1143 3277 1236 3336 fuerit
1262 3277 1365 3337 consul

217 3365 278 3439 ille,
300 3367 423 3442 propter
445 3384 533 3441 quem
555 3368 646 3442 poete
669 3369 805 3426 senatum
828 3368 949 3444 carpsit,
967 3367 1074 3426 nescio.

307 3446 366 3515 49.
396 3455 512 3514 Nonius
535 3477 563 3532 p.
582 3457 658 3530 159,
678 3459 720 3515 24
750 3452 853 3516 ‘Priua
880 3455 1029 3535 significat
1055 3455 1182 3534 singule.
1233 3455 1365 3517 Lucilius

217 3546 387 3620 satyrarum
405 3543 486 3603 lib.I
506 3539 567 3604 “ad
587 3547 850 3606 caenam...iece
868 3546 1039 3606 8881888888
1056 3541 1364 3622 hymni...dsbo”.’

217 3634 300 3694 Idem
327 3653 356 3711 p.
372 3633 429 3706 35,
448 3636 487 3692 21
519 3629 653 3695 ‘Priuum
681 3639 726 3696 est
754 3638 908 3712 proprium
940 3637 1028 3695 unius
1055 3634 1263 3711 cuiusque...
1286 3634 1365 3694 idem

219 3718 403 3783 “abdomina
430 3725 514 3781 tenni
541 3726 629 3801 prius
656 3720 779 3784 debo''.'
830 3724 944 3786 Gellius
965 3724 993 3783 X
1014 3726 1108 3798 20,4
1137 3718 1222 3800 ‘quis
1250 3727 1365 3783 ueteres

218 3812 305 3889 priua
327 3812 468 3871 diremnt
490 3831 566 3889 quae
590 3832 643 3874 nos
666 3815 785 3893 singula
807 3814 946 3887 dicimus3
974 3832 1033 3890 quo
1063 3812 1154 3872 uerbo
1177 3811 1309 3871 Lucilius
1333 3816 1365 3873 in

216 3904 313 3978 primo
341 3903 501 3962 satinrum
528 3902 604 3962 libro
634 3922 704 3965 usus
732 3906 790 3978 est,
814 3899 999 3963 “abdomina
1024 3903 1126 3977 ttyemi
1141 3947 1147 3958 .
1163 3947 1168 3958 .
1186 3947 1191 3958 .
1211 3897 1364 3962 acerne'’.'

218 3992 320 4052 Multis
353 3990 472 4050 ferculis
504 4011 608 4052 cenam
634 3993 734 4069 parari
762 3994 848 4069 patet
874 4006 909 4052 ex
938 3991 1084 4052 uocabulo
1107 3993 1253 4066 primum,
1286 3992 1365 4067 quod

218 4082 419 4158 gestationem
451 4081 616 4158 significet:
649 4083 720 4142 conl
748 4083 877 4142 Martial.
901 4081 928 4139 X
952 4082 1007 4157 48,
1036 4083 1090 4140 128
1128 4074 1181 4138 ‘Et
1210 4079 1366 4140 madidum

218 4171 320 4245 thynni
351 4169 387 4228 de
420 4170 482 4229 sule
513 4180 615 4232 eumen
644 4173 708 4230 erit.
738 4169 850 4230 Gustus
877 4170 908 4228 in
935 4171 995 4230 his:
1027 4189 1088 4229 una
1109 4172 1238 4246 ponetur
1261 4170 1366 4230 cenula

218 4253 330 4320 mensa'
347 4278 370 4316 e.
382 4278 409 4335 q.
420 4277 441 4318 s.
478 4259 648 4320 Abdomiua
665 4262 773 4319 thunni
791 4260 895 4321 dicunt
914 4257 1019 4319 Graeci
1037 4255 1218 4338 ὑπογάστρια
1232 4257 1366 4319 θύννους

218 4349 287 4408 coni
299 4347 408 4408 Athen.
422 4347 482 4407 VH
495 4369 523 4425 p.
539 4351 602 4410 302
618 4350 645 4408 D
664 4349 741 4408 Plin.
760 4353 821 4409 nat.
835 4349 904 4408 hist.
919 4348 961 4406 IX
976 4350 1032 4407 48:
1051 4350 1082 4406 et
1099 4349 1200 4426 potuit
1217 4348 1366 4408 Martialis

218 4439 237 4496 l.
253 4457 274 4497 8.
289 4456 311 4497 s.
344 4439 409 4496 iure
441 4457 494 4498 suo
527 4438 687 4498 abdomina
718 4439 826 4514 thynni
857 4438 953 4496 dicere
985 4437 1092 4515 thynni
1125 4455 1229 4497 sumen
1262 4458 1297 4498 oa
1330 4437 1365 4497 de
