3036 5004
211 308 278 371 280
621 304 735 359 xxvm
752 321 779 357 n.
802 308 949 358 ros-soc.

212 480 296 537 linuo
320 476 473 551 ponuntur
495 476 593 533 ornato
618 477 648 532 et
671 492 716 533 rea
738 476 840 533 omnis.
877 475 942 553 Ilgo
966 474 1062 551 magis
1085 471 1124 531 ad
1146 471 1259 531 tradita
1280 488 1362 531 acca·

214 566 282 625 dere
301 564 430 624 arbitror
443 583 520 638 proc
537 581 583 623 se:
601 565 637 623 ut
648 581 725 637 prce
744 581 774 622 se
787 567 909 637 portium
926 562 977 622 lib.
991 562 1034 621 IV
1049 582 1078 620 u.
1095 562 1223 620 166-
1238 559 1363 620 uincatis

213 654 363 714 manibust
389 651 460 730 ἰξοί,
488 649 706 732 ῥνποτόνδολοι
730 652 856 710 audiunt
879 652 963 711 anari
986 654 1016 710 et
1039 649 1152 711 sordidi
1174 668 1224 727 ap.
1245 649 1363 709 Aristo·

212 746 341 822 phanem
361 741 437 802 OAF
455 741 471 800 I
490 762 518 818 p.
539 742 612 815 566,
633 740 747 801 718K:
772 740 879 801 catull.
899 741 982 800 XXV
1002 743 1019 800 9
1041 736 1129 817 ‘quae
1147 758 1227 798 nunc
1243 739 1305 798 tuis
1324 739 1364 798 ab

214 833 333 912 ungulis
356 832 507 909 reglutina
528 834 559 890 et
576 825 706 890 remitte’
726 829 777 889 ubi
797 831 872 890 editt
891 832 1019 891 afferunt
1036 829 1166 889 Martial.
1185 828 1260 887 VIII
1274 829 1327 900 59,
1343 829 1364 887 4

216 919 286 982 ‘non
304 923 364 981 luit
382 920 525 997 Autolyci
544 923 607 980 tam
625 920 762 996 piperata
780 916 908 980 manus'.
941 919 1076 980 Contulit
1093 918 1253 978 Muellerus
1269 917 1365 976 Rutil.

214 1013 334 1071 Namat
353 1011 368 1069 I
388 1012 452 1070 610
477 1012 529 1086 qui
552 1009 589 1069 de
611 1008 742 1087 Harpyis
767 1003 855 1085 ‘qnae
878 1010 952 1086 pede
975 1009 1110 1087 glutineo
1134 1007 1214 1084 quod
1238 1009 1366 1086 tetigere

216 1095 360 1162 trahunt'.

307 1182 388 1250 798.
412 1189 528 1248 Nonius
551 1209 580 1265 p.
601 1190 675 1263 394,
695 1191 736 1247 24
762 1184 921 1265 ‘Spurcum
945 1190 1036 1248 etiam
1064 1187 1199 1247 fetidum.
1221 1185 1366 1245 ...idem

216 1280 266 1339 lib.
280 1277 410 1338 XXVIII
426 1272 584 1355 “quaeque
601 1323 606 1335 .
623 1326 629 1338 .
645 1323 651 1335 .
667 1273 801 1337 odore''.’
832 1276 910 1337 Sunt
924 1296 959 1337 ea
973 1295 1034 1354 qua
1051 1276 1218 1355 appellauit
1231 1275 1367 1351 Xenoph.

216 1370 338 1429 Memor.
356 1367 372 1426 I
391 1371 421 1441 4,
441 1369 459 1426 6
479 1364 513 1426 τὰ
532 1366 668 1447 δυσχερῆ,
690 1368 710 1426 i.
730 1387 754 1425 e.
773 1364 808 1427 τὰ
827 1366 948 1446 δυσειδῆ
968 1363 1018 1426 καὶ
1036 1363 1170 1444 δυσώδης
1193 1361 1255 1424 ’καὶ
1273 1361 1368 1441 στόμα

217 1456 284 1536 μέν,
313 1449 349 1517 δι’
374 1447 410 1517 οὗ
434 1446 477 1516 ὧν
499 1452 644 1534 ἐπιθυμεῖ
666 1453 701 1516 τὰ
729 1457 788 1540 ζῷα
815 1452 1016 1534 εἰσπέμπεται,
1043 1454 1169 1533 πλησίον
1197 1450 1368 1532 ὀφθαλμῶν

217 1545 266 1607 καὶ
285 1547 377 1627 ῥινῶν
395 1549 582 1606 καταθεῖναι·
606 1542 668 1606 irtel
686 1541 718 1606 δὲ
736 1543 771 1605 τὰ
789 1539 1000 1653 drogmandum
1024 1544 1160 1625 δυσχερῆ,
1182 1539 1369 1623 ἀποστρέψαι

217 1635 287 1708 τοὺς
310 1634 422 1696 τούτων
444 1630 562 1714 ὀχετοὺς
584 1631 634 1694 καὶ
656 1631 827 1714 ἀπενεγκεῖν
850 1658 870 1720 ῃ
889 1632 1017 1696 δυνατὸν
1035 1631 1212 1714 προσωτάτω
1230 1629 1289 1693 ἀπὸ
1308 1638 1369 1693 τῶν

218 1718 411 1801 αἰσθήσεων’τ
434 1724 505 1783 conf
519 1722 571 1783 lib.
590 1722 650 1782 VII
668 1742 695 1782 n.
717 1725 790 1783 267.

309 1805 391 1874 799.
423 1811 538 1872 Nonius
568 1833 596 1889 p.
617 1815 730 1887 407,3
759 1807 888 1873 ‘Tollere
923 1817 969 1872 est
996 1814 1121 1873 eleuare.
1150 1811 1370 1872 ...Lucilius

218 1903 269 1963 lib.
288 1901 417 1962 XXVIII
445 1897 549 1961 “tanti
578 1921 609 1962 se
632 1905 768 1976 narboris
790 1906 905 1963 montes
929 1907 954 1962 et
976 1904 1089 1976 fodero
1110 1896 1263 1962 tollent''.’
1310 1901 1370 1961 Pro

220 1994 356 2067 tenporie
378 1991 498 2067 scripsit
519 1991 673 2066 Fmporr'is
695 1991 869 2067 Palmarius,
892 1992 971 2052 idem
994 1993 1035 2052 acl
1056 1992 1156 2052 sidero
1178 1991 1295 2065 tollent,
1317 1991 1369 2051 ubi

220 2085 261 2142 eia
283 2081 399 2142 odberc
428 2080 537 2141 tollent
557 2080 667 2140 maluit
689 2080 856 2155 Vahlenus‚
881 2076 985 2141 ‘tantis
1008 2102 1023 2141 e
1047 2080 1176 2140 tenebris
1200 2083 1315 2140 montes
1338 2099 1371 2139 se

219 2173 251 2230 in
266 2170 387 2230 aethere
400 2164 518 2229 tollent'
529 2170 737 2231 Lachmannus
751 2172 849 2231 nescio
864 2189 902 2230 an
916 2190 1030 2231 memor
1038 2189 1142 2231 uersus
1151 2170 1283 2229 Lucretii
1291 2169 1367 2229 1111

221 2255 249 2320 ‘e
286 2259 415 2320 tenebris
451 2261 545 2319 tantis
581 2261 645 2319 tam
680 2261 794 2319 clamm
831 2260 972 2320 extollere
1012 2256 1139 2320 lumen’:
1175 2259 1227 2336 qui
1253 2259 1369 2318 11325

221 2343 333 2426 ‘fulgor
350 2348 394 2410 ibi
412 2349 450 2408 ad
469 2347 585 2409 caelum
603 2365 635 2409 se
652 2349 734 2410 tollIt
753 2394 760 2408 .
776 2396 781 2407 .
797 2395 803 2406 .
821 2350 1008 2427 clamoreque
1025 2353 1141 2410 montes
1159 2347 1212 2408 icti
1225 2348 1372 2408 reiectant

221 2456 308 2500 uoces
336 2438 375 2498 ad
401 2438 499 2498 sidera
524 2434 649 2499 mundi'.
700 2439 783 2499 Idem
814 2458 919 2500 uersus
951 2438 1106 2499 character
1137 2440 1228 2516 atque
1253 2437 1304 2497 lib.
1323 2437 1372 2498 111

220 2548 249 2588 u.
271 2529 342 2589 113.

312 2610 395 2679 800.
414 2617 531 2677 Nonius
548 2637 577 2694 p.
594 2619 645 2693 26,
662 2618 702 2677 15
723 2613 854 2678 ‘Valrcr
871 2620 902 2676 et
915 2620 1085 2688 octricosrcs,
1103 2617 1228 2696 pedibus
1242 2616 1371 2677 ultiosis.

223 2707 355 2767 Lucilius
386 2707 437 2766 lib.
455 2706 587 2766 XXVIII
619 2702 678 2766 “ut
709 2709 735 2768 si
761 2754 766 2766 .
788 2754 793 2764 .
814 2753 820 2764 .
845 2709 967 2783 qulntue
998 2725 1096 2768 uacca
1126 2726 1185 2782 quc
1218 2708 1373 2767 αονὶσοιιις

222 2791 359 2856 αα1αα”.’
406 2796 498 2856 Nonii
524 2796 668 2856 lemmata
694 2799 774 2856 recte
802 2799 957 2875 corrigunt
986 2796 1114 2856 editores
1146 2796 1185 2856 ad
1217 2795 1308 2855 uerba
1338 2797 1373 2855 in

222 2885 333 2945 Lucilii
356 2903 444 2944 uersu
462 2887 595 2945 seruata:
618 2885 746 2945 uaricosi
766 2886 846 2945 enim
862 2886 1002 2946 dicuntur
1019 2889 1099 2945 recte
1117 2887 1304 2946 centuriones
1323 2903 1372 2962 ap.

223 2975 302 3036 Pera.
322 2973 349 3030 V
367 2976 439 3051 189,
458 2975 510 3050 qui
527 2973 656 3034 multum
675 2974 782 3035 stando
801 2977 832 3035 et
850 2975 1042 3035 commeando
1061 2977 1177 3035 uarices
1194 2975 1227 3034 in
1245 2973 1373 3051 pedibus

223 3057 281 3124 sibi
314 3065 529 3138 mntraxerInt,
560 3068 653 3124 uotae
685 3084 744 3141 quo
777 3065 953 3142 explicetur,
990 3066 1052 3124 iam
1083 3064 1233 3125 Merccrns
1267 3063 1375 3123 ambit

230 3155 319 3214 Vatia
336 3171 499 3231 cognomen
517 3152 554 3211 de
573 3172 632 3230 quo
651 3152 747 3213 Varro
766 3155 802 3214 de
821 3155 894 3233 ling.
912 3154 979 3214 Lat.
998 3154 1040 3213 IX
1061 3156 1110 3214 10.
1147 3153 1233 3214 Adde
1251 3153 1372 3231 leian.

223 3243 292 3321 DIg.
312 3241 381 3302 XXI
403 3246 435 3316 1,
456 3244 496 3302 10
513 3245 586 3301 extr.
604 3243 736 3303 Martial.
755 3243 814 3303 XII
834 3246 889 3322 70,
911 3248 926 3303 l
953 3243 1038 3304 Varr.
1063 3263 1119 3303 rer.
1142 3246 1215 3304 rust.
1239 3242 1270 3303 II
1294 3245 1327 3318 9,
1353 3245 1372 3302 4

194 3357 195 3362 ’
224 3331 277 3391 ubi
298 3333 398 3391 uetitas
421 3331 599 3392 uocabulum
621 3333 776 3393 inuenItur
802 3332 838 3393 de
867 3353 927 3410 quo
950 3333 1067 3393 Keilius
1095 3333 1158 3412 egit
1185 3331 1224 3393 ad
1246 3331 1373 3392 Varron.

225 3423 374 3481 comment
399 3440 428 3497 p.
449 3422 526 3480 201ε
550 3424 596 3481 est
618 3424 710 3481 uatax
732 3426 762 3482 et
780 3425 889 3496 uatius,
912 3423 964 3500 qui
983 3441 1070 3482 cmra
1087 3421 1178 3483 babet
1195 3424 1227 3482 in
1246 3421 1374 3482 formam

225 3510 252 3569 X
273 3510 392 3570 litterae
420 3509 556 3570 distorta.
602 3510 751 3572 Maximus
774 3510 902 3582 Quintus
929 3530 989 3573 non
1015 3515 1117 3591 potest
1142 3530 1208 3572 esse
1234 3510 1293 3572 nlai
1321 3513 1375 3588 qui

224 3601 285 3660 fuit
307 3598 508 3660 nobilIssimus
529 3618 608 3660 anno
627 3601 688 3659 fere
708 3594 850 3680 6241130
869 3602 982 3662 Romae
999 3600 1057 3663 boo
1074 3601 1193 3663 nomine
1211 3600 1374 3677 praeditus.

225 3689 332 3765 Itaque
360 3707 427 3749 cum
456 3690 549 3749 frater
572 3689 722 3766 Scipionis
743 3690 907 3751 Aemiliani
930 3689 963 3761 Q.
978 3691 1089 3751 Fabius
1106 3691 1255 3751 Maximus
1273 3689 1374 3749 Aemi·

225 3779 324 3840 lianns
357 3796 414 3840 cos.
435 3773 583 3857 6091145
619 3777 699 3839 bello
728 3780 916 3841 Numantino
948 3781 1089 3858 Appiano
1124 3783 1245 3841 auctore
1282 3771 1375 3860 (Iber.

226 3888 289 3946 cap.
310 3870 353 3929 90
366 3860 447 3949 init.)
475 3868 577 3929 fratris
605 3868 698 3928 suerit
724 3868 855 3948 legatus,
884 3874 930 3932 est
952 3869 1032 3947 quod
1054 3868 1091 3930 de
1118 3869 1175 3932 hoo
1201 3869 1266 3929 uiro
1295 3871 1375 3949 cogi-

226 3959 331 4017 temus.
379 3956 491 4017 Tamen
515 3957 548 4028 Q.
562 3955 690 4018 Fabium
708 3958 871 4021 Maximum
893 3959 1119 4039 Allobrogicum
1147 3960 1262 4021 cohorti
1289 3977 1375 4037 praa·

226 4048 321 4107 toriae
353 4045 431 4107 bello
462 4047 649 4107 Numantino
682 4050 735 4124 qni
765 4053 905 4125 praeerat
940 4051 1043 4111 eodem
1077 4048 1217 4126 Appiano
1245 4051 1375 4109 auctora

227 4127 261 4215 (l.
281 4154 302 4193 s.
323 4153 385 4212 cap.
406 4136 448 4194 84
459 4127 546 4217 extr.)
569 4135 654 4196 illius
676 4135 772 4198 filium
795 4131 868 4219 (cos.
889 4131 1044 4220 6331121)
1067 4139 1123 4198 hac
1147 4138 1184 4198 de
1207 4156 1297 4198 causa
1320 4138 1376 4198 boo

227 4225 292 4284 loco
333 4223 462 4284 arbitror
502 4244 565 4286 esse
602 4226 801 4304 appellatum,
840 4228 917 4305 quod
954 4227 1005 4287 lib.
1030 4228 1113 4288 XXX
1145 4248 1173 4286 u.
1200 4229 1284 4288 1063
1323 4228 1376 4304 qui

226 4316 362 4373 mortuus
390 4331 452 4373 esse
482 4315 656 4391 perbIbetur
682 4334 760 4376 anno
787 4318 849 4378 fere
874 4310 1020 4396 6231131
1047 4309 1197 4396 6241130
1220 4319 1377 4377 Mariccus

227 4421 287 4461 non
310 4403 410 4480 potuit
433 4420 494 4465 erse
519 4406 577 4466 nIsi
600 4404 651 4465 ille
674 4408 769 4483 pater,
793 4408 887 4468 frater
909 4406 1069 4485 Scipionis:
1095 4405 1173 4468 liber
1194 4407 1273 4467 enim
1291 4407 1376 4467 XXX
