3060 5010
103 336 110 350 “
219 363 262 428 68
676 362 715 418 111
732 380 759 418 u.
782 367 930 418 nno-144.

217 534 286 610 ptat
307 526 443 592 flumina'
463 530 542 592 Ouid
565 551 623 593 am.
641 530 674 591 H
693 533 722 606 2,
741 533 783 591 43
809 527 945 601 ‘Quaerit
964 549 1057 608 aquas
1074 530 1107 590 in
1125 530 1212 610 aquis
1231 535 1262 591 et
1280 532 1370 610 poma

218 623 339 701 fugacia
370 624 474 700 captat
506 618 679 698 Tantalus’3
708 622 779 680 Hor.
804 620 889 699 epod
907 620 995 680 XVII
1014 622 1055 680 66
1090 615 1191 699 ‘egens
1223 622 1370 702 benignae

218 712 364 772 Tantalus
383 730 500 790 semper
517 707 614 789 dapis'
634 705 734 793 (Telos
751 731 780 788 p.
801 713 842 772 25
853 704 988 792 Hensei).
1019 710 1160 772 Forsitan
1179 713 1262 772 salax
1280 715 1371 790 pocta

218 801 382 878 expectarit
400 802 594 862 stultissimus
612 800 785 861 mendacem
803 801 935 879 puellam
953 800 1043 860 sicuti
1060 800 1124 860 eius
1142 803 1174 861 in
1192 802 1249 861 hac
1267 804 1370 862 satura

217 893 353 951 imitator
366 890 510 952 Horatius
529 909 615 951 serm.
633 892 649 951 I
669 892 698 967 5,
717 891 773 949 82:
792 891 864 950 conf
874 891 977 950 insert
992 909 1020 948 u.
1037 890 1122 950 1248
1137 889 1232 950 APV
1243 892 1306 950 235
1322 888 1370 950 ἐπλ

217 978 291 1063 κόρρ
306 976 430 1041 ἀπειθεῖ
430 1002 437 1040 :
452 978 516 1041 Nol
530 979 602 1061 τάχα
619 973 954 1060 ΤανταλὲηςἈχερόντια
968 977 1089 1057 πήματα
1102 988 1210 1058 ποινῆς
1222 975 1370 1059 ἡμετέρων

217 1067 312 1150 ἀχέων
334 1067 413 1131 ἐστὶν
435 1068 623 1152 ἐλαφρότερα.
665 1068 702 1131 od
724 1067 781 1150 γὰρ
805 1066 878 1129 ἰδὼν
901 1066 950 1129 σέο
972 1067 1078 1141 κάλλος
1100 1066 1252 1149 ἀπελργετο
1276 1069 1369 1149 χείλεα

218 1161 300 1238 μῖξαι
322 1159 410 1239 χείλεϊ
431 1164 471 1243 σῷ
491 1157 603 1241 postue
626 1156 774 1244 ἆβροτὲρῳ
802 1158 939 1218 καλύκων
967 1157 1114 1232 Τάνταλος
1141 1156 1368 1239 ἇκρετόδακρυς·

217 1246 428 1330 ὑπερτέλλοντα
451 1245 484 1310 δὲ
506 1246 614 1330 πέτρον
636 1248 754 1327 delirae,
777 1244 851 1308 ἀλλὰ
873 1251 982 1308 θανεῖν
1005 1247 1143 1328 δεύτερον
1171 1245 1208 1309 οὐ
1236 1247 1369 1310 δύναται.

217 1335 310 1419 αὐτὰρ
332 1334 389 1418 ἐγὼ
412 1337 486 1411 ζωὸς
509 1335 563 1417 μὲν
585 1335 643 1399 ἐὼν
668 1335 867 1417 κατατήκομαι
894 1337 1014 1422 οἴστρῳ·
1043 1334 1076 1397 ἐκ
1103 1329 1132 1396 δ’
1162 1333 1369 1419 ὀλιγοδρανίης

217 1424 267 1487 καλ
291 1425 384 1507 μόρον
406 1425 494 1509 ἐγγὺς
515 1426 570 1507 ἔχω
590 1429 654 1487 245
678 1424 728 1487 καλ
754 1427 799 1500 τίς
825 1424 986 1505 ὑποτλαίης
1014 1425 1086 1506 τάχα
1107 1448 1161 1503 τις,
1188 1427 1260 1508 τάχα
1281 1435 1368 1488 τοῦτο

218 1515 362 1588 ταλάσσας
385 1515 480 1593 δίψαν
506 1514 675 1594 Τανταλέην
698 1515 829 1595 τλήσεται
851 1513 1009 1596 εὐμαρέως.

308 1597 390 1666 142.
415 1605 572 1667 Diomedes
590 1604 671 1666 GLI
688 1626 717 1682 p.
734 1607 807 1681 376,
823 1605 901 1665 121(
916 1602 986 1665 ‘Sed
1004 1607 1176 1685 expergitus
1190 1605 1301 1666 dicitur
1314 1608 1366 1683 qui

218 1695 347 1755 satiatus
370 1712 473 1755 somno
497 1697 602 1773 sponte
630 1695 763 1774 euigilst.
808 1695 886 1755 unde
915 1698 945 1756 et
967 1695 1099 1755 Lucilius
1128 1697 1173 1755 ait
1201 1691 1275 1771 “epo
1298 1742 1305 1754 .
1330 1741 1336 1754 .
1361 1741 1367 1753 .

217 1779 359 1845 clamo''.'
406 1784 576 1845 Priscianus
604 1783 655 1844 GL
673 1785 705 1844 11
727 1806 756 1862 p.
777 1786 851 1860 512,
871 1785 948 1844 241(
986 1781 1143 1856 ‘Quamuis
1172 1786 1368 1846 uetustissimi

217 1874 310 1934 etiam
327 1875 498 1953 expergitus
516 1873 663 1934 dicebant.
700 1874 834 1934 Lucilius
852 1873 883 1932 in
902 1875 949 1934 111
968 1870 1008 1933 “e
1027 1892 1131 1935 sonmo
1146 1921 1152 1933 .
1167 1921 1174 1934 .
1190 1920 1196 1932 .
1211 1870 1367 1935 domos”.'

216 1964 364 2024 Delerunt
381 1965 470 2024 multi
489 1962 621 2023 Keilium
639 1965 734 2024 secuti
752 1982 801 2040 epo
821 1966 907 2040 quasi
925 1966 1030 2023 natum
1048 1963 1240 2040 sequentibus
1259 1964 1368 2025 litteris

218 2069 370 2113 esomno:
391 2053 470 2113 unde
492 2054 606 2113 iactum
629 2072 693 2114 esse
715 2056 751 2113 ut
774 2053 894 2121 clamos,
919 2053 999 2131 quod
1021 2056 1101 2114 recte
1121 2054 1224 2115 tradat
1241 2053 1367 2114 Priscia-

216 2160 281 2218 nus,
304 2141 384 2219 apud
407 2142 582 2202 Diomedem
604 2145 755 2202 mutatum
778 2144 818 2203 sit
840 2144 872 2202 in
900 2143 1001 2203 clamo.
1046 2142 1089 2202 At
1115 2144 1214 2220 prima
1240 2161 1367 2221 persona

216 2234 336 2292 tantum
358 2251 417 2291 non
440 2232 609 2310 flagitatur:
633 2234 700 2309 quis
723 2233 803 2292 enim
825 2234 945 2310 poterat
967 2251 1074 2310 pueros
1098 2252 1114 2293 e
1136 2252 1240 2294 somno
1265 2252 1367 2311 exper-

216 2323 314 2381 rectus
336 2340 424 2382 mane
447 2323 577 2382 clamare
599 2323 658 2382 nisi
684 2325 737 2399 qui
764 2322 822 2383 iter
849 2340 938 2382 suum
965 2324 1060 2382 facete
1088 2324 1224 2383 narrauit
1250 2324 1283 2382 in
1312 2323 1368 2383 hoc

215 2408 315 2470 libro?
350 2410 484 2472 Alterius
507 2431 652 2489 personae
673 2432 711 2471 ne
734 2413 833 2472 locum
856 2411 976 2488 quidem
999 2430 1062 2472 esse
1085 2413 1170 2489 patet
1195 2430 1290 2489 neque
1318 2430 1368 2487 epo

217 2499 424 2580 dittographia
446 2504 551 2561 natum
575 2519 637 2562 esse
660 2501 846 2578 probabilius
870 2504 916 2561 est
938 2521 1028 2579 quam
1052 2519 1118 2577 copo
1136 2502 1286 2578 particula
1304 2520 1368 2561 cor-

216 2593 315 2667 rupta.
351 2591 463 2651 Pueros
486 2591 598 2653 clamat
616 2594 708 2669 poeta
725 2611 812 2651 mane
829 2592 864 2650 ut
882 2591 994 2669 Vergil.
1013 2591 1105 2670 eclog.
1124 2591 1168 2650 VI
1187 2593 1228 2652 43
1248 2591 1368 2667 scripsit

218 2675 331 2757 ‘Hylan
353 2684 465 2741 nautae
488 2700 547 2757 quo
566 2682 649 2741 fonte
667 2682 805 2741 relictum
824 2681 1011 2756 clamassent,
1034 2684 1070 2741 ut
1087 2682 1160 2741 litus
1178 2681 1268 2759 Hyla
1286 2681 1368 2758 Hyle

215 2788 303 2830 omne
325 2765 456 2830 soneret’
480 2770 636 2848 lepideque
660 2771 738 2831 hunc
760 2791 788 2830 u.
809 2769 920 2830 Lucilii
942 2772 1105 2847 explanant
1126 2771 1254 2831 Ausonii
1278 2771 1364 2847 ephe-

215 2859 336 2919 meridis
354 2861 488 2920 carmina
505 2863 605 2937 prima
622 2852 665 2942 (p.
682 2859 848 2920 3Scbenkl.
868 2880 896 2937 p.
913 2853 1040 2942 5Peip.)
1065 2856 1164 2921 ‘Mane
1177 2861 1240 2921 iam
1253 2862 1367 2921 clarum

215 2951 328 3008 reserat
350 2949 503 3024 fenestras,
525 2951 588 3009 iam
611 2950 719 3027 strepit
740 2949 819 3010 nidis
841 2949 956 3028 uigilax
978 2949 1120 3012 hinmdo:
1142 2954 1177 3009 tu
1199 2950 1284 3010 uelut
1306 2952 1366 3026 pri·

215 3057 295 3097 mam
327 3038 514 3115 mediamque
550 3042 669 3099 noctem
703 3039 848 3099 Parmeno
885 3039 997 3100 dormis
1022 3086 1027 3097 .
1053 3085 1059 3097 .
1084 3084 1090 3098 .
1114 3059 1201 3118 smge
1238 3042 1367 3116 nugator

215 3127 371 3187 lacerande
395 3128 503 3207 uirgis,
530 3146 630 3206 surge,
658 3148 695 3188 ne
717 3128 825 3208 longus
852 3128 909 3187 tibi
938 3147 1058 3189 somnus
1085 3129 1164 3187 unde
1191 3147 1250 3187 non
1278 3130 1366 3187 times

216 3215 311 3293 detur,
334 3235 406 3295 rape
429 3216 562 3276 membra
585 3217 670 3276 molli
691 3217 838 3278 Parmeno
861 3217 939 3278 lecto
963 3264 970 3277 .
991 3265 996 3277 .
1017 3263 1023 3275 .
1047 3218 1125 3277 Puer
1147 3219 1195 3276 eie
1218 3236 1306 3295 surge
1336 3219 1367 3276 et

215 3305 329 3366 calceos
356 3309 388 3366 et
414 3305 538 3365 linteam
567 3304 605 3366 da
632 3303 798 3367 sindonem’
823 3327 846 3368 e.
866 3326 895 3383 q.
914 3326 935 3367 s.
981 3306 1092 3386 Magno
1120 3326 1188 3366 cum
1220 3308 1365 3367 comitatu

215 3412 369 3455 seruorum
395 3398 603 3473 armatumque
629 3397 689 3455 iter
715 3397 818 3458 fecisse
845 3398 966 3474 poetam
994 3415 1086 3473 supra
1113 3398 1235 3472 exposui
1262 3416 1290 3473 p.
1311 3398 1362 3455 46.

306 3476 388 3546 144.
412 3485 529 3546 Nonius
546 3505 576 3562 p.
593 3487 700 3562 21,15
722 3482 899 3547 ‘Stricturae
918 3486 1058 3546 dicuntur
1075 3487 1195 3563 proprie
1216 3486 1366 3546 scintillae

215 3593 292 3650 quae
323 3573 360 3634 de
395 3575 474 3634 ferro
512 3575 641 3636 sementi
678 3578 757 3635 eunt.
786 3622 792 3634 .
817 3621 824 3635 .
849 3624 855 3636 .
879 3575 1011 3636 Lucilius
1047 3579 1218 3654 satyrarum
1249 3575 1301 3636 lib.
1319 3575 1366 3634 111
1434 3642 1437 3650 Ι

216 3658 360 3724 “crebrae
381 3709 386 3722 .
407 3710 414 3724 .
433 3710 439 3722 .
460 3659 585 3724 terro”.'
633 3665 768 3725 Similem
791 3666 1019 3743 explicationem
1046 3665 1186 3725 uocabuli
1212 3668 1367 3726 stricturae

215 3752 334 3813 exbibet
355 3753 483 3814 secundo
506 3755 571 3814 loco
596 3753 671 3814 GGL
689 3755 721 3814 H
743 3775 771 3831 p.
793 3756 866 3831 189,
888 3756 927 3814 16
953 3751 1124 3816 ‘stricturae
1142 3751 1366 3835 talimpptvov,

215 3839 235 3921 ἢ
263 3841 295 3904 τὸ
322 3839 382 3906 ἀπὸ
410 3852 462 3904 τοῦ
490 3842 616 3925 σιδήρου
643 3849 753 3905 πῖπτον
781 3843 877 3924 ὥσπερ
907 3842 1093 3925 σπινθῆρεςζ
1125 3865 1192 3905 cum
1224 3849 1367 3922 sequetur

214 3933 314 4008 glossa
338 3928 508 3993 ‘stricturae
531 3929 682 4011 μέταλλον’
707 3952 785 4010 quae
807 3935 915 3994 similis
938 3937 984 3993 est
1003 3934 1195 4012 explicationi
1214 3936 1302 3995 alteri
1319 3935 1365 3993 illi

214 4024 313 4096 priore
340 4023 405 4082 loco
438 4023 581 4098 prolatae.
632 4022 760 4101 Vergilii
790 4024 889 4083 locum
916 4023 990 4085 Aen.
1008 4023 1084 4083 Vm
1104 4027 1166 4084 419
1201 4019 1364 4099 ‘ualidique

214 4110 371 4170 incudibus
389 4112 466 4172 ictus
485 4111 581 4171 auditi
599 4112 733 4172 referunt
756 4114 900 4190 gemitum
923 4112 1114 4190 striduntque
1140 4115 1275 4173 cauernis
1296 4111 1363 4172 stri·

215 4201 317 4259 cturae
336 4198 503 4279 (lhslybnm
521 4204 552 4261 et
569 4201 740 4262 fornacibus
758 4204 838 4280 ignis
860 4197 991 4262 anhelet'
1011 4203 1127 4262 Nonius
1141 4202 1160 4261 l.
1181 4220 1240 4261 ss.
1260 4201 1365 4260 attulit

214 4287 292 4349 unde
319 4291 457 4349 strictos
484 4291 558 4368 quid
585 4293 626 4352 sit
652 4293 813 4352 seeundum
840 4291 966 4369 Vergilii
995 4294 1173 4351 sententiam
1202 4291 1289 4348 facile
1319 4291 1364 4348 est

213 4378 368 4437 intellectu
396 4382 576 4455 comparatis
604 4401 653 4441 uu,
673 4383 738 4440 449
749 4400 830 4457 seqq.
861 4376 925 4438 ‘elii
955 4382 1087 4440 uentosis
1120 4377 1242 4438 follibus
1275 4397 1363 4437 auras

214 4467 366 4544 accipiunt
388 4466 584 4544 redduntque,
608 4470 662 4529 alii
684 4469 843 4531 stridentia
864 4469 987 4544 tingunt
1009 4487 1079 4528 aera
1096 4469 1174 4543 lacu,
1197 4469 1291 4545 gemit
1308 4467 1363 4526 im·
