3036 5004
217 342 282 406 264
639 339 740 393 xxvi]
758 358 784 391 u.
804 343 887 393 ‘134-
895 344 954 391 7359.

218 513 268 571 lib.
289 511 386 570 xm
405 532 432 568 ιι.
453 511 526 569 659.
551 513 705 584 proficiam
734 509 912 587 bladuigius.
937 508 1230 581 crepitibus?
1256 505 1371 585 ‘itaque

217 601 305 660 bodie
328 600 493 676 perficiam,
522 604 557 658 nt
589 601 759 678 intellegat,
792 607 937 675 quantum
969 618 988 657 a
1019 620 1066 657 me
1097 598 1272 657 beneficium
1304 603 1370 657 tum

218 685 388 768 aeceperit'.
425 689 574 765 Loquitur
596 690 769 749 adulesmns
792 709 892 748 amore
915 688 1050 765 perditus
1072 692 1124 764 qui
1144 707 1262 747 summa
1280 708 1370 765 opum

218 781 407 840 contentione
444 780 570 838 enititur
606 786 639 837 ut
675 782 815 837 meretrix
851 778 937 837 donis
974 779 1194 855 commodisque
1233 779 1373 854 capiatur

219 870 338 929 oblatis.

309 950 392 1019 735.
415 958 531 1017 Nonius
554 978 582 1034 p.
603 960 678 1030 253,
698 960 738 1017 23
763 953 899 1034 ‘Capera
921 957 1066 1033 decipere,
1089 957 1372 1016 circumuenire

219 1049 353 1109 Lucilius
376 1048 427 1107 lib.
446 1047 560 1107 xxvll
588 1043 644 1106 “at
664 1095 669 1103 .
691 1095 697 1105 .
718 1095 725 1104 .
744 1043 885 1106 altera''.'
931 1047 1035 1105 Altera
1062 1050 1089 1106 si
1115 1052 1196 1106 recte
1225 1047 1372 1106 traditum

219 1144 273 1212 est,
292 1158 326 1197 er
346 1137 534 1215 praecedenti
553 1156 688 1196 sermone
706 1137 779 1196 olim
797 1139 897 1214 potuit
916 1137 1063 1215 intellegi:
1087 1136 1289 1213 supplendum
1306 1156 1372 1196 esse

219 1228 302 1286 dicas
325 1228 419 1286 ueluti
444 1228 499 1286 die.
543 1226 723 1304 Corrnptnm
747 1246 810 1285 esse
832 1246 935 1284 uersus
959 1228 1072 1285 exitum
1100 1231 1200 1286 censet
1225 1225 1373 1286 Dziatzlro

220 1318 297 1378 blus.
316 1317 409 1376 Bben.
428 1316 557 1376 XXXIII
579 1319 663 1375 187⁸
683 1337 713 1392 p.
737 1317 778 1374 94
803 1319 855 1392 qui
876 1315 979 1374 scribit
998 1320 1104 1391 capiar
1121 1317 1238 1375 alterae.
1269 1315 1373 1376 blonet

220 1406 347 1482 deniqne
366 1407 563 1466 Baehrensius
582 1406 663 1482 apud
682 1406 871 1481 Propertium
889 1425 1104 1481 saepenumero
1124 1409 1221 1479 sonae
1240 1406 1374 1482 positum

220 1515 283 1555 esse
306 1515 361 1572 pro
383 1495 507 1554 muliere
531 1496 674 1555 formosa:
697 1498 774 1555 atsi
793 1496 836 1554 ita
855 1497 965 1554 statuis
983 1501 1099 1568 aspectu
1118 1495 1240 1554 tolerari
1259 1497 1373 1571 nequit

221 1585 403 1645 Adulescens
427 1585 559 1644 remedia
581 1587 700 1661 quaerit
723 1587 846 1644 amoris:
869 1603 973 1644 seruus
996 1604 1064 1643 eum
1083 1585 1256 1661 alloquitur,
1279 1585 1374 1644 simili

220 1675 309 1735 modo
328 1677 418 1750 atque
437 1673 583 1734 Parmeno
602 1674 778 1734 Phaedriam
797 1677 829 1733 in
847 1676 946 1751 prima
964 1693 1071 1733 smena
1088 1674 1225 1732 Eunuchi
1239 1675 1374 1733 Terentii

222 1763 274 1823 ubi
297 1763 469 1823 adulescens
488 1784 516 1821 ιι
537 1764 578 1822 83
603 1759 705 1838 totus,
728 1764 884 1837 Parmeno,
906 1767 1002 1823 memo
1025 1765 1189 1840 horreoque
1211 1768 1374 1841 postquam

222 1871 324 1928 aspexi
345 1848 444 1912 banc’.

313 1934 396 2002 736.
419 1941 536 2002 Nonius
557 1961 587 2018 p.
607 1944 681 2017 271,
701 1944 743 2001 29
768 1938 900 2015 ‘Cedere
922 1942 1064 2002 excidere.
1088 1989 1095 1999 .
1115 1991 1122 2000 .
1142 1989 1148 2000 .
1168 1943 1302 2002 Lucilius
1320 1944 1374 2002 lib.

222 2031 337 2091 xxvn
360 2025 474 2112 (XXVI
494 2024 536 2113 G)
561 2026 700 2109 “lignum
724 2031 811 2092 cedat
833 2052 959 2108 pensum
976 2033 1069 2092 iaciat
1087 2033 1151 2093 edis
1170 2037 1272 2092 uertat
1290 2025 1375 2113 (uar-

222 2124 272 2181 rat
286 2115 329 2201 θ)
348 2116 517 2198 uapulet''.'
552 2120 636 2179 Idem
655 2141 683 2197 p.
703 2123 777 2195 420,
797 2123 816 2180 8
837 2118 983 2197 ‘Venere
1002 2122 1153 2182 mundare.
1173 2123 1375 2182 ...Lucilius

222 2211 274 2271 lib.
292 2209 408 2270 XXVII
430 2202 604 2289 (XXVIII
611 2203 653 2291 G)
678 2206 818 2288 “lignum
840 2212 946 2271 caedat
968 2212 1051 2272 aedis
1074 2216 1175 2272 uenat
1198 2205 1375 2293 (uarratG)

223 2319 258 2359 oc
285 2295 453 2378 uapulet'’.'
502 2299 618 2359 Codicis
641 2299 666 2358 L
692 2303 879 2377 praestantia
906 2301 962 2361 boc
989 2302 1055 2361 loeo
1082 2304 1201 2379 egregie
1234 2302 1376 2377 cernitur,

223 2391 276 2466 qui
289 2387 418 2466 utroque
432 2389 524 2449 Nonii
543 2389 608 2449 loeo
626 2391 658 2448 in
677 2409 799 2450 numero
818 2390 889 2450 libri
907 2390 964 2450 sibi
979 2394 1103 2465 constet,
1117 2411 1184 2450 cum
1198 2392 1323 2451 fluctuet
1334 2391 1375 2450 G:

224 2481 276 2556 qui
313 2478 393 2556 quod
430 2482 556 2556 auoque
592 2478 658 2539 loco
694 2480 785 2540 habet
816 2485 935 2555 uenat,
971 2480 1049 2539 unde
1080 2481 1240 2541 Muellerus
1271 2487 1376 2540 uorrat

223 2570 332 2630 maluit
355 2568 491 2644 scribere,
513 2571 631 2628 mirum-
646 2588 717 2629 sane
741 2573 794 2629 est
840 2570 940 2629 Plauti
963 2589 1082 2630 uersum
1100 2571 1222 2630 Marcet
1243 2572 1304 2630 397
1324 2571 1377 2630 bic

224 2662 365 2738 posuerat
391 2662 493 2736 poeta:
526 2678 623 2736 neque
655 2662 701 2719 est
733 2660 813 2735 quod
843 2661 973 2736 utroque
1004 2660 1070 2720 loco
1098 2661 1228 2719 Nonium
1261 2679 1376 2720 errasse

226 2748 338 2815 credas,
362 2766 429 2807 cum
453 2751 484 2809 et
503 2748 604 2809 Plauti
623 2753 654 2807 et
672 2749 804 2808 Terentii
827 2753 857 2809 et
877 2748 998 2809 Caecilii
1016 2768 1119 2810 uersus
1138 2752 1250 2828 passim
1268 2753 1378 2829 tangat

225 2836 365 2898 Lucilius.
411 2838 522 2915 Agitur
544 2837 581 2897 de
604 2838 723 2913 ancilla,
747 2858 823 2915 quae
846 2839 935 2898 sicuti
959 2840 1038 2916 apud
1057 2839 1199 2900 Plautum
1217 2841 1377 2916 exponitur

225 2927 243 2985 l
264 2946 286 2987 s.
306 2945 327 2986 s.
347 2925 495 3003 pluribus,
527 2946 586 2986 non
614 2927 655 2988 sit
681 2928 825 3002 formosa,
852 2928 903 2987 sed
931 2928 1015 2988 cuius
1041 2929 1172 2988 officium
1200 2932 1241 2988 sit
1268 2929 1374 3006 πτῆξαι

224 3015 368 3093 ταπεινην
377 3010 587 3094 προσπεσεινι
599 3014 672 3095 μον
680 3038 754 3096 γονυ
765 3017 877 3096 σαίρειν
887 3039 915 3077 τε
931 3017 1015 3096 δῶμα
1029 3019 1132 3094 Eurip.
1143 3018 1284 3078 Androm
1298 3020 1376 3077 166:

225 3104 304 3165 idem
322 3104 433 3164 Heoub.
454 3106 517 3165 362
542 3104 685 3209 τμοσθεὶς
709 3098 737 3165 δ’
762 3103 897 3186 ἀνάγκην
920 3106 1071 3168 σιτοποιὸν
1089 3105 1255 3217 ξ’νδόμοις
1262 3108 1377 3186 σαίρειν

225 3214 253 3253 ιε
283 3193 366 3271 δῶμα
394 3186 572 3275 κερκίσιν’
550 3216 565 3253 τ
601 3192 759 3273 ἐφεστάναι
786 3194 901 3277 λυπρὰν
928 3193 1061 3276 c’iyovouv
1088 3193 1201 3277 ἡμέραν
1228 3191 1255 3275 μ’
1282 3194 1376 3276 ἀναγ-

226 3281 315 3342 κάσει.
361 3282 429 3360 Ipse
447 3282 546 3344 Plaut
565 3285 654 3344 llere.
671 3287 777 3363 postea
794 3306 823 3343 u.
843 3281 946 3344 416
949 3305 985 3346 ea
1012 3287 1116 3364 molet,
1149 3290 1269 3364 coquet,
1305 3306 1375 3346 con-

225 3371 306 3432 ficiet
328 3391 462 3448 pensum,
484 3375 620 3451 pinsetur
643 3369 758 3453 flagro'.

317 3453 399 3523 737.
421 3463 584 3574 Noniusp.
606 3467 680 3540 420,
699 3467 718 3524 5
744 3460 889 3538 ‘‚Verrere
911 3423 1009 3539 ferire,
1036 3469 1269 3542 peruertere..
1290 3465 1376 3524 .-Lu

226 3551 313 3611 cilius
335 3550 386 3610 lib
405 3549 569 3611 xwi
573 3573 715 3629 quam..
737 3549 964 3613 .''.’deuerrere
1017 3555 1112 3629 Quam
1139 3560 1184 3614 est
1212 3574 1375 3632 pronomen

226 3640 399 3700 relatiuum·
424 3644 524 3719 agitur
543 3643 578 3701 dc
597 3644 751 3703 meretrice
771 3643 872 3702 ueraci
891 3648 921 3702 et
939 3647 1054 3719 rapaci.
1080 3641 1182 3721 ‘quam
1200 3664 1259 3705 non
1279 3645 1377 3703 solum

227 3730 369 3791 deuorare
392 3750 423 3791 se
446 3731 545 3791 omnia
565 3752 599 3792 ae
618 3734 912 3809 deuerrers1mpuue
931 3752 1017 3810 posse
1036 3735 1177 3793 arbitrari
1196 3735 1279 3795 uides
1298 3754 1376 3809 quae

226 3823 260 3879 tu
283 3820 387 3895 habes,
415 3821 466 3882 sed
494 3823 583 3881 etiam
608 3823 736 3883 aliorum
757 3841 819 3881 rem
848 3823 1028 3882 familiarem
1056 3844 1116 3883 una
1143 3824 1265 3899 perdere
1293 3843 1377 3883 ama·

226 3913 333 3971 torum.

319 3990 398 4060 738.
422 3999 539 4059 Nonius
557 4020 584 4076 p.
606 4002 678 4074 275,
700 4003 739 4060 12
766 3996 962 4062 ‘Gonmodare
989 4005 1035 4062 est
1062 4002 1201 4063 mutuari.
1240 4001 1377 4063 Lucilius

227 4086 278 4146 lib.
298 4087 411 4147 XXVII
440 4084 547 4149 “certa
644 4086 867 4150 conmodent”.'
913 4092 1051 4152 Panaetii
1079 4092 1164 4151 audis
1193 4091 1377 4152 doctrinam:

228 4175 370 4237 consilio.
390 4177 426 4237 de
443 4177 518 4238 offic.
532 4179 548 4237 I
563 4181 601 4237 51
625 4174 776 4238 ‘Omnium
796 4185 896 4239 autem
914 4182 1082 4242 communia
1100 4181 1254 4242 hominum
1272 4179 1376 4242 uiden-

228 4266 278 4323 tur
300 4283 344 4337 ea,
367 4285 444 4340 quae
468 4271 537 4327 sunt
560 4270 676 4345 generis
700 4271 771 4345 eius,
795 4270 874 4347 quod
893 4271 930 4329 ab
949 4271 1046 4331 Ennio
1065 4273 1196 4348 positum
1214 4273 1246 4330 in
1264 4290 1326 4330 una
1343 4293 1377 4331 re

228 4354 384 4413 transferri
406 4356 437 4413 in
460 4359 624 4433 permultas
647 4361 758 4433 potest:
788 4354 909 4419 “Homo
934 4361 986 4437 qui
1009 4363 1123 4420 erranti
1145 4362 1270 4421 comiter
1292 4380 1377 4421 mon·

228 4444 305 4503 strat
332 4444 426 4518 uiam,
454 4446 540 4522 quasi
571 4448 671 4505 lumen
699 4447 735 4507 de
762 4468 815 4508 suo
843 4449 956 4510 lumine
983 4449 1138 4525 accendat,
1166 4450 1252 4510 iacit:
1280 4450 1377 4511 nihilo
