3030 5002
603 363 641 416 ΙΠ
658 381 685 416 u.
707 368 855 420 117-120.
1254 363 1295 427 57

150 534 262 594 bestiae
280 531 485 613 Aegyptiacae
499 533 611 594 Romae
629 535 708 593 inter
721 532 831 593 Lucilii
849 534 961 594 amicos
979 534 1134 592 innotuere
1150 531 1298 610 Scipionis

151 623 314 683 Aemiliani
335 623 443 682 itinere
464 622 651 702 Aegyptiace
674 623 711 683 de
734 643 793 700 quo
817 623 931 702 egimus
955 622 993 682 ad
1016 621 1066 681 lib.
1085 621 1157 682 XIV
1176 643 1203 680 u.
1224 623 1297 681 464.

151 714 310 773 Praeterea
331 712 524 773 memorabile
547 716 593 772 est
612 711 723 772 Lucilii
745 714 806 773 fere
828 715 961 789 tempore
980 711 1148 789 (lampenes
1166 713 1298 788 picturas

150 803 361 862 Africanarum
392 803 522 862 multum
553 802 691 862 habuisse
723 803 755 861 in
786 802 902 862 deliciis
934 803 1023 862 sicuti
1054 820 1090 861 ex
1117 801 1297 862 lithostrotis

150 891 255 953 domus
278 891 377 952 Fauni
404 890 603 968 Pompeianae
629 892 824 970 intellegitur.
870 891 906 950 In
934 889 1041 967 quibus
1068 889 1203 968 Aegypti
1231 911 1298 967 por·

150 983 235 1041 tenta
257 980 376 1058 depicta
399 983 518 1041 exstant
540 980 773 1058 hippopotamus
796 981 961 1042 crocodilus
984 981 1161 1040 ichneumon
1180 981 1298 1040 aelurus

151 1072 224 1131 alia:
247 1071 443 1130 rhinocerotis
465 1071 565 1149 imago
589 1072 686 1130 exstat
708 1072 741 1129 in
763 1070 934 1150 anaglypho
953 1069 1034 1147 quod
1051 1069 1206 1130 exhibetur
1223 1069 1298 1130 Mus.

151 1160 278 1221 Borbon.
298 1160 373 1219 XIII
394 1159 456 1219 tab.
475 1160 561 1219 XXII
583 1161 669 1220 etin
691 1179 812 1219 nummo
835 1160 1003 1220 Domitiani
1026 1159 1147 1219 Imhoof
1166 1160 1300 1219 Blumeri

152 1248 185 1310 0.
200 1249 313 1309 Kelleri
336 1250 418 1309 Tier-
441 1249 503 1310 und
524 1249 760 1309 Pflanzenbilder
787 1249 843 1308 auf
862 1249 1006 1309 Mueuzen
1030 1248 1090 1308 tab.
1110 1249 1154 1308 IV
1173 1251 1192 1308 8
1217 1241 1303 1330 (conf

151 1339 221 1398 XIX
236 1331 302 1421 46),
321 1338 448 1415 denique
467 1339 766 1416 elephantocamellos
785 1343 1033 1399 commemoratur
1050 1341 1153 1398 incert.
1169 1359 1196 1397 ιι.
1214 1341 1297 1398 1126

152 1428 371 1506 cercopithecos
393 1431 486 1488 1321.
502 1461 544 1470 -
559 1428 607 1488 hic
626 1427 683 1506 est]
702 1429 781 1488 idem
799 1429 883 1489 heroi
901 1431 997 1489 exitus
1015 1428 1095 1488 Pers.
1114 1428 1130 1488 I
1147 1429 1188 1487 28
1208 1428 1301 1488 dicier

153 1514 213 1577 ‘hic
236 1513 302 1578 est’:
324 1518 453 1578 hominis
476 1518 646 1578 istiusmodi
668 1518 798 1597 effigiem
821 1518 940 1578 exhibet
962 1520 1064 1578 statua
1086 1517 1168 1595 apud
1188 1518 1299 1577 Wiese·

152 1608 248 1668 lerum
269 1627 399 1668 monum
425 1608 533 1668 111111
556 1607 617 1667 tab
636 1609 695 1668 XII
716 1610 765 1667 11.

243 1689 325 1759 119.
348 1697 464 1758 Nonius
491 1718 520 1775 p
541 1699 676 1771 217,14
710 1692 872 1758 Postioam
908 1698 1052 1757 feminino
1089 1716 1195 1775 genere
1232 1716 1300 1757 con-

152 1787 308 1890 suetudine
344 1787 538 1864 appellamus
593 1742 726 1847 Lucilius
763 1789 934 1863 satyrarum
970 1786 1020 1846 lib.
1039 1782 1132 1846 ΙΠ
1136 1781 1237 1846 non.

301 1871 551 1952 ..precandum
577 1869 748 1980 (profundit
774 1877 941 1952 doteriores,
970 1875 1106 1954 proludit
1128 1832 1299 1955 Reatinus).

152 1967 243 2026 Recte
274 1923 352 2027 hunc
379 1987 408 2025 u.
437 1984 506 2025 cum
537 1967 689 2045 superiore
722 1966 856 2027 conuicio
889 1985 1007 2026 scurrae
1040 1964 1180 2026 attribuit
1206 1963 1300 2025 Lach-

152 2075 277 2117 mannus
300 2057 514 2133 comparatque
536 2055 639 2117 Dousa
659 2054 810 2133 Sulpiciae
829 2076 857 2115 u.
878 2056 918 2115 36
939 2054 990 2131 qui
1009 2057 1055 2116 est
1072 2055 1109 2115 de
1126 2055 1301 2115 Domitiano

154 2140 224 2206 ‘non
246 2144 332 2205 trabe
355 2145 407 2206 sed
429 2148 514 2224 tergo
541 2141 720 2222 prolapsus’z
748 2146 886 2205 similiter
908 2144 1045 2205 Eubulus
1072 2146 1105 2204 in
1132 2147 1301 2224 aenigmate

154 2232 230 2295 OAF
247 2235 280 2294 Π
301 2256 330 2312 p.
351 2234 452 2296 2021(
474 2231 658 2313 ἀνθρώπους
680 2234 778 2295 τίκτον
801 2231 875 2294 κατὰ
897 2232 952 2311 τὴν
974 2232 1076 2314 πυγὴν
1098 2228 1142 2294 ἕν’
1170 2230 1301 2294 ἕκαστον.

152 2323 333 2385 Profundere
357 2324 482 2384 uerbum
504 2326 566 2384 ism
587 2325 620 2382 11
643 2324 718 2385 codd
740 2324 892 2385 nonnullis
910 2324 1003 2384 Nonii
1024 2325 1104 2384 recte
1128 2325 1302 2384 restitutum

153 2414 284 2492 explicat
306 2414 388 2474 Seru.
411 2412 677 2474 Aeavm1ss:
704 2409 795 2474 ‘fudit
817 2417 917 2474 autem
940 2433 1000 2472 non
1022 2414 1165 2474 iniuriose
1188 2414 1302 2473 dietum

153 2506 211 2578 est,
239 2506 274 2564 ut
260 2505 332 2564 tin
359 2504 498 2565 Pisonem
526 2499 627 2580 “quae
654 2505 685 2564 te
712 2504 831 2564 beluam
863 2522 898 2563 ex
930 2506 1029 2579 utero,
1060 2522 1120 2563 non
1151 2504 1302 2562 hominem

153 2549 243 2653 fudit’
269 2586 376 2674 ((111.Ι
367 2614 400 2654 ι1
418 2593 477 2654 Pis.
496 2593 603 2673 fragm
625 2595 723 2653 14..
744 2597 870 2653 .mater
896 2592 1040 2670 pecudem
1067 2611 1102 2652 ex
1130 2592 1214 2667 aluo,
1241 2611 1300 2651 non

153 2683 302 2743 hominem
316 2673 477 2763 effuderit),
491 2682 542 2743 sed
554 2683 892 2760 celeritatemparientis
902 2677 1065 2743 ostendit”.
1069 2677 1188 2741 ’Lucr
1198 2680 1226 2737 V
1236 2682 1300 2741 225

31 2823 40 2834 .
155 2767 234 2832 ‘cum
260 2774 392 2850 primum
422 2773 455 2832 in
487 2771 609 2833 luminis
641 2791 708 2833 oras
739 2771 858 2832 nixibus
887 2790 922 2831 ex
955 2773 1024 2831 aluo
1056 2771 1161 2831 metris
1193 2773 1303 2831 natura

153 2856 297 2938 proludit’
301 2909 307 2920 .

246 2943 327 3013 120.
355 2951 526 3012 Priscianus
557 2950 609 3011 GL
627 2952 659 3011 H
681 2972 708 3028 p.
730 2953 809 3026 501,
829 2950 908 3011 1οΗ
940 2945 1141 3026 ‘Deponentia
1171 2950 1204 3008 in
1240 2950 1303 3009 rior

154 3040 333 3117 desinentia,
361 3043 442 3101 orior
464 3044 494 3101 et
516 3042 640 3116 morior,
667 3043 731 3101 tarn
754 3040 915 3101 secuudum
937 3040 1060 3100 tertiam
1083 3058 1173 3116 quam
1198 3057 1302 3100 secun-

154 3130 225 3191 dum
248 3132 388 3207 quartam
410 3131 651 3210 coniugationem
673 3130 899 3191 declinauerunt
926 3133 1070 3190 auctores.
1169 3128 1302 3189 Lucilius

154 3221 186 3278 in
208 3219 256 3279 111
289 3215 489 3280 “conturbare
514 3267 519 3278 .
545 3268 550 3279 .
576 3267 581 3279 .
610 3216 790 3281 adoritur'’.'
847 3219 983 3280 Contulit
1019 3239 1087 3280 cum
1122 3219 1178 3278 hoc
1214 3238 1301 3278 uersu

155 3307 328 3369 Gerlachius
346 3308 478 3370 Lucretii
491 3310 616 3370 111515
637 3306 833 3371 ‘commutare
852 3312 986 3370 animum
1004 3311 1184 3386 quicumque
1206 3307 1302 3368 adori-

155 3400 204 3457 tur
227 3400 258 3459 et
280 3395 357 3458 inlit’
377 3418 473 3476 neque
491 3402 592 3460 tamen
610 3403 690 3460 reete
708 3399 742 3459 L.
757 3400 918 3461 Muellerus
936 3400 1016 3459 hunc
1033 3397 1167 3459 Lucretii
1184 3417 1302 3458 uersum

155 3487 235 3564 apud
258 3488 444 3548 Prisciunum
467 3491 567 3550 censet
589 3491 704 3550 exstare
727 3490 806 3549 male
829 3509 847 3548 a
873 3488 1006 3549 librariis
1033 3491 1187 3549 uexatum:
1215 3488 1303 3566 longe

155 3576 234 3637 enim
256 3579 336 3638 inter
358 3596 389 3639 se
410 3578 552 3639 differunt
570 3574 661 3656 ‘potis
679 3574 735 3640 est’
754 3577 831 3639 illud
849 3582 880 3638 et
896 3579 953 3639 hoc
972 3574 1015 3638 ‘et
1032 3574 1119 3637 inlit’.
1156 3576 1302 3637 Audimus

155 3667 284 3726 alterum
306 3667 507 3746 gladiatorum
529 3667 745 3728 uociferantem
769 3664 836 3746 ‘ego
858 3668 1010 3746 incipiam,
1032 3687 1103 3728 nam
1124 3666 1303 3743 quicumque

155 3756 303 3831 aderitum,
329 3758 356 3817 is
382 3759 495 3835 potest,
524 3757 595 3817 dum
622 3776 654 3818 se
680 3759 778 3818 minus
805 3757 945 3817 timidum
971 3758 1106 3835 praestat
1133 3773 1223 3831 quam
1251 3754 1302 3814 ad·

155 3847 304 3906 uersarius
323 3847 376 3923 qui
393 3848 543 3924 exspectet
560 3866 679 3926 pugnae
698 3847 851 3908 exordium
870 3847 997 3925 segnior,
1018 3846 1107 3906 facile
1126 3842 1303 3904 conturbare

156 3934 287 3996 animam
318 3937 433 3995 inimici
464 3936 579 4013 impetu
610 3935 720 3996 ualido.
775 3932 987 3997 ‘Conturbatus
1019 3936 1136 3994 animus
1168 3951 1228 3991 non
1258 3935 1304 3993 est

156 4026 244 4101 aptus
268 4023 304 4084 ed
329 4026 548 4102 exsequendum
574 4043 682 4085 munus
709 4021 806 4085 suum’
832 4024 891 4085 Oic.
915 4023 1000 4084 Tusc.
1019 4023 1066 4083 HI
1086 4022 1141 4082 15:
1163 4020 1243 4081 idem
1265 4020 1302 4083 de

156 4113 232 4176 offic.
251 4113 298 4173 HI
317 4115 359 4174 40
384 4110 536 4174 ‘Incidunt
557 4114 671 4174 multae
694 4133 782 4190 saepe
805 4131 922 4186 causae,
945 4131 1021 4190 quae
1044 4109 1221 4172 conturbent
1239 4112 1302 4170 ani-

157 4198 230 4264 mos’
255 4202 373 4263 Lucret.
390 4203 438 4263 111
457 4205 521 4263 499
546 4199 736 4279 ‘desipientia
757 4202 792 4264 fit
814 4222 874 4279 qua
897 4202 943 4262 uis
966 4201 1060 4262 animi
1081 4203 1172 4277 etque
1191 4201 1303 4262 animai

157 4291 352 4352 conturbatur
375 4285 432 4374 (IV
452 4285 552 4375 943)’.
597 4291 737 4351 Imitatus
760 4291 887 4368 denique
914 4308 977 4350 esse
1004 4290 1123 4351 uidetur
1144 4289 1303 4351 Lucretius

157 4381 286 4442 111483
309 4382 531 4443 hemistichium
553 4380 663 4441 Lucilii
684 4380 731 4440 his
755 4400 805 4440 uu.
829 4375 961 4440 ‘uemens
984 4379 1130 4443 uiolentia
1152 4382 1216 4443 uiui
1234 4399 1303 4444 111·

157 4469 277 4532 turbare
300 4473 433 4532 animam
455 4471 611 4533 consueuit
633 4482 755 4551 corpere
777 4470 810 4534 in
832 4464 920 4551 ipso’.
