3000 5002
221 348 287 418 354
594 351 692 409 15551.
711 350 769 409 sed.
788 371 816 408 u.
838 355 1022 407 rua-1119.

220 524 323 583 dicunt
341 522 505 599 oportebat.
537 522 627 582 Libro
641 522 689 581 ΙΠ
707 522 814 582 tribuit
827 522 989 600 Vargesius
1007 521 1044 583 de
1063 521 1138 582 libro
1152 521 1199 581 III
1215 544 1244 600 p.
1262 526 1314 582 11.
1333 525 1376 582 24

220 613 270 689 qui
299 613 377 672 male
405 611 537 672 defendit
570 613 725 671 lectionem
757 608 872 692 ἄγκυρα
903 614 936 670 15
968 630 1057 671 uersu
1084 610 1207 686 Lucilii,
1239 612 1376 672 Nonium

220 720 332 761 errasse
350 704 459 761 statuit
477 701 508 759 in
530 702 737 778 explicatione,
760 703 915 777 comparat
932 700 1046 779 Vergil.
1065 699 1140 761 Aen.
1155 700 1198 760 IV
1213 703 1277 760 575
1289 720 1375 778 seqq.

220 790 346 850 Clauum
373 790 493 851 uidetur
513 791 682 868 perdidisse
712 795 836 867 mptum
867 789 1011 867 procella,
1044 794 1230 849 armamenta
1261 793 1376 868 omnia,

220 881 315 940 ueluti
364 881 432 939 uela
478 872 590 961 (uelum
635 880 744 939 maluit
789 879 915 940 scribere
960 872 1137 962 Muellerus)
1183 882 1214 939 51
1258 881 1377 940 malum

220 987 418 1120 somaeltilb.
438 1059 573 1119 Donatus
594 1059 632 1118 ad
650 1057 783 1118 Terentii
801 1057 978 1117 Eunuchum
992 1057 1036 1116 IV
1051 1058 1080 1132 4,
1099 1059 1142 1117 20
1160 1057 1175 1117 I
1194 1078 1222 1135 p.
1239 1059 1315 1134 415,
1331 1060 1376 1120 20

219 1148 370 1208 Wessneri
393 1143 475 1207 ‘uere
498 1149 623 1226 pulchra
646 1152 691 1207 est
713 1149 799 1208 cuius
821 1147 919 1206 forma
936 1165 991 1206 nec
1009 1146 1110 1206 odium
1129 1166 1184 1207 nec
1202 1148 1376 1208 conuicium

220 1240 402 1297 commeruit.
440 1237 586 1298 Lucilius:
611 1233 790 1312 “athynmiii
809 1239 889 1296 sacri
907 1255 943 1294 er
960 1236 1037 1299 facie
1057 1236 1159 1297 dorem
1178 1233 1372 1315 delegeris''.’

219 1327 268 1386 Ita
287 1326 376 1387 codar
395 1327 432 1401 V,
451 1328 600 1403 othyoatdt
622 1329 703 1386 55115
723 1326 754 1401 O,
778 1326 893 1386 aibnidi
914 1328 990 1386 satri
1011 1327 1043 1399 T,
1066 1327 1194 1385 51155111
1218 1329 1299 1387 sacri
1324 1327 1375 1386 de·

219 1417 355 1490 tenores,
384 1418 435 1492 qui
463 1435 530 1476 cum
556 1417 582 1475 V
607 1417 668 1476 fere
697 1417 870 1493 congruant.
921 1414 1082 1492 Hymnidis
1114 1434 1222 1475 nomen
1250 1415 1283 1474 in
1316 1417 1375 1477 hoc

220 1525 308 1565 uersu
330 1509 410 1566 recte
433 1510 621 1584 agnouerunt
644 1504 779 1565 editores.
825 1505 975 1564 Numerus
1004 1509 1049 1565 est
1076 1504 1251 1581 dactylicus.
1296 1504 1375 1583 Agit

220 1598 309 1671 poeta
333 1594 369 1653 de
392 1594 613 1672 pulchritudine
636 1595 800 1654 meretricis
823 1612 891 1653 oum
914 1593 988 1652 dicit
1007 1589 1052 1654 ‘at
1069 1593 1229 1671 Hymnidis
1248 1598 1375 1655 strenua

220 1704 254 1743 en
286 1684 361 1743 facie
394 1684 494 1743 florem
524 1685 668 1762 delegeris
696 1686 817 1743 aetatis:
849 1686 950 1743 tamen
982 1683 1115 1742 manebit
1148 1681 1374 1761 pulcherrIma'.

220 1776 310 1846 factes
333 1777 368 1832 ut
390 1773 499 1850 ubique
523 1773 603 1849 apud
626 1772 775 1833 Lucilium
799 1773 837 1831 51
859 1776 956 1832 totam
983 1774 1116 1849 corporis
1138 1773 1269 1849 pertinet
1295 1773 1373 1853 figu-

220 1881 292 1921 ram.
329 1865 469 1921 5551555
489 1880 578 1922 ausus
596 1881 662 1922 sum
681 1866 806 1937 mutare,
830 1858 941 1937 ‘nosne
961 1863 1058 1922 acrior
1078 1864 1170 1938 aetas,
1193 1882 1211 1922 o
1234 1859 1372 1923 iuuenes'

120 1951 124 1960 '
220 1950 558 2026 05115151Π1540,
586 1953 725 2012 similiter
748 1950 861 2011 1151551
888 1971 1023 2012 sermone
1050 1954 1194 2012 castrensi
1221 1954 1256 2011 ut
1282 1952 1374 2012 fortis

219 2040 256 2099 5
283 2040 389 2116 parea
422 2042 552 2119 uirgine:
584 2041 653 2101 55
685 2041 724 2100 aa
747 2041 797 2100 55.
816 2040 860 2099 vr
878 2061 906 2099 u.
927 2043 1000 2099 241.
1046 2042 1176 2102 Mareu.
1196 2041 1254 2100 xn
1273 2042 1372 2117 aar

221 2124 281 2188 ‘An
303 2129 493 2189 Baeticarum
517 2130 633 2208 pondus
656 2150 723 2191 acre
746 2125 904 2190 lanarum'.

311 2211 418 2281 1117.
450 2219 585 2280 Donatus
618 2220 657 2280 ad
689 2221 821 2280 Terentii
853 2219 1079 2279 EunuchumII
1099 2221 1133 2294 3,
1153 2223 1192 2279 11
1219 2218 1281 2297 lp.
1301 2221 1368 2280 333

219 2308 370 2368 Wessneri
393 2303 491 2369 ‘senex
516 2310 554 2370 ad
577 2314 706 2370 aetatem
735 2309 875 2384 refertur,
903 2311 1017 2368 senium
1047 2308 1086 2368 ad
1113 2309 1288 2369 conuicium.
1327 2308 1372 2369 515

218 2397 352 2458 Lucilius
381 2392 455 2458 “aes
482 2400 525 2459 ait
552 2392 610 2481 (ita
634 2400 662 2459 V
682 2402 714 2459 at
736 2401 796 2460 sait
813 2399 844 2458 B
867 2402 900 2457 at
922 2398 967 2458 ait
988 2393 1056 2480 To)
1084 2399 1206 2475 quidam
1233 2388 1372 2481 (quidem

225 2488 253 2546 V
267 2506 305 2546 m.
325 2491 347 2547 2
369 2492 400 2548 et
421 2479 458 2568 T)
482 2490 527 2548 the
549 2481 595 2570 (15
620 2490 647 2548 V
662 2491 694 2547 be
712 2480 778 2569 ras)
806 2488 921 2549 senium
949 2490 1039 2564 atque
1067 2480 1167 2569 (atqui
1186 2479 1230 2570 Β)
1258 2489 1373 2548 1555155

219 2571 275 2659 (dc
297 2578 333 2636 V:
352 2579 449 2638 insule
462 2574 561 2659 ΒΤΟ)
575 2579 710 2655 sophista
725 2571 782 2660 (115
798 2578 830 2652 0,
849 2579 956 2637 sosista
970 2578 1001 2637 B
1019 2578 1182 2653 sophistica
1198 2578 1230 2653 T,
1249 2577 1373 2653 hospita

219 2669 251 2726 15
268 2685 320 2726 ros
344 2667 373 2726 V
386 2686 425 2726 m.
444 2659 526 2749 2)''.'
541 2700 585 2707 -
600 2667 738 2742 medante
760 2686 815 2745 pro
836 2667 957 2740 quidam
974 2667 1094 2726 uidetur
1111 2666 1249 2727 habuisse
1268 2667 1372 2727 arche·

218 2758 322 2832 typus:
347 2756 449 2816 eadem
472 2757 642 2835 corruptela
664 2757 715 2817 lib.
734 2756 865 2815 XXVIII
882 2777 910 2815 u.
932 2758 1004 2815 742.
1041 2757 1226 2830 5115515555
1252 2775 1371 2817 conser-

219 2845 356 2922 uabimus
374 2833 518 2906 memores
537 2846 641 2907 Horat.
661 2846 821 2921 serm.13,
837 2847 876 2904 21
899 2841 1046 2905 ‘Maenius
1064 2844 1217 2906 absentem
1234 2845 1372 2906 Nouium

220 2954 286 2994 cum
309 2940 444 3012 carperet
466 2929 582 3010 “Heus,
605 2932 673 3010 tu'',
697 2934 821 3012 qnidam
844 2937 897 3008 ait,
921 2929 1065 3013 “ignoras
1088 2930 1185 2995 te?''.’

311 3016 417 3086 1118.
441 3025 537 3084 Varro
565 3026 602 3084 de
628 3026 732 3104 lingua
754 3023 866 3084 Latina
892 3023 969 3084 libro
988 3024 1048 3084 VH
1068 3026 1109 3084 94
1134 3020 1372 3101 ’1155115555-

219 3117 291 3172 11555
315 3106 479 3195 (Lucilium
496 3114 625 3191 Scottyer
647 3107 715 3196 5111)
740 3109 855 3190 “atque
878 3113 995 3189 aliquos
1015 3113 1059 3173 ibi
1077 3113 1114 3173 cb
1132 3115 1219 3174 rebus
1237 3114 1371 3191 clepsere

220 3205 285 3262 foro
310 3196 386 3279 qui’'
410 3203 540 3280 clepsere
564 3203 640 3263 dixit
662 3203 740 3264 unde
763 3204 855 3264 etiam
877 3203 931 3262 alii
949 3203 1073 3279 clepere,
1097 3203 1129 3261 id
1147 3206 1193 3263 est
1206 3203 1371 3280 corripere.

219 3312 346 3369 quorum
369 3293 452 3372 origo
476 3311 495 3352 a
518 3294 603 3368 clam,
627 3297 662 3353 ut
679 3294 720 3354 sit
738 3294 850 3353 dictum
868 3293 995 3370 clepere,
1018 3293 1095 3352 unde
1114 3294 1237 3371 clepere,
1262 3311 1331 3352 eex
1350 3312 1372 3354 a

221 3374 424 3463 (Florentium
448 3387 473 3442 51
496 3400 530 3443 cc
553 3375 601 3463 55)
626 3385 809 3444 commutato
831 3375 1028 3463 (5555551515
1046 3374 1192 3464 Floreat.)
1211 3385 1245 3440 51
1262 3382 1370 3442 multa.

218 3475 317 3548 potest
340 3472 388 3531 uel
412 3491 430 3531 a
453 3470 564 3532 Graeco
588 3471 700 3531 dictum
724 3472 835 3550 cleptIn
863 3466 998 3549 clepere’.
1040 3471 1166 3532 Versum
1193 3474 1372 3547 corruptum

219 3579 282 3620 esse
305 3561 418 3621 euincit
440 3561 541 3620 hiatus
564 3579 652 3636 quem
675 3562 798 3620 sustulit
816 3560 949 3639 Scaliger
968 3560 1122 3620 scribendo
1140 3562 1207 3620 ibas
1225 3562 1262 3620 ab
1280 3563 1371 3622 rebus

220 3664 278 3726 quo
301 3669 404 3710 sensus
427 3669 487 3710 non
509 3649 604 3709 bonus
627 3651 738 3710 euadit.
774 3649 1002 3729 aspergetur
1026 3645 1128 3727 ‘atque
1151 3651 1252 3727 aliquo
1271 3669 1302 3710 se
1321 3651 1372 3710 1111

220 3739 257 3798 ab
273 3740 361 3799 rebus
381 3740 509 3817 clepsere
528 3734 674 3814 foroque’,
692 3742 804 3799 exitum
822 3758 925 3800 uersus
940 3740 1043 3800 eodem
1057 3739 1145 3800 modo
1158 3741 1220 3799 iam
1235 3739 1372 3819 Scaliger

219 3830 424 3889 constituerat.
466 3827 559 3898 Quem
582 3830 695 3888 exitum
717 3833 796 3889 recte
819 3830 965 3889 traditum
988 3848 1050 3889 esse
1070 3847 1173 3889 censeo
1192 3834 1369 3906 comparato

219 3918 270 3977 lib.
290 3917 349 3977 VII
368 3938 396 3976 u.
417 3919 479 3976 266
501 3912 549 3976 ‘ne
567 3918 724 3977 uermiouli
741 3915 816 3996 qui':
835 3921 906 3980 conf
920 3940 948 3978 u.
970 3920 1042 3979 263.
1076 3919 1371 3989 Quod-indefinitum

219 4008 326 4067 suadet
348 4012 382 4065 ut
405 4009 432 4066 ai
453 4008 616 4068 inieramus
639 4010 709 4085 post
734 4009 789 4069 ibt:
816 4009 854 4068 ab
881 4010 967 4069 rebus
994 4011 1168 4085 corruptum
1196 4026 1259 4068 esse
1287 4013 1370 4070 recte

219 4096 383 4156 arbitratur
409 4096 621 4156 Baehrensius:
651 4098 784 4172 abreptos
810 4100 924 4174 scripsi.
960 4100 1024 4172 soro
1053 4097 1203 4157 ablatiuus
1232 4100 1278 4159 est
1308 4100 1371 4159 loci

218 4186 254 4245 15
278 4205 336 4260 quo
360 4185 428 4245 uide
450 4185 510 4246 ind.
529 4205 653 4265 gramm.
673 4206 695 4246 s.
714 4208 742 4245 u.
762 4188 918 4247 51151555.

310 4266 416 4335 Illi).
449 4274 618 4336 Scholiasta
649 4275 800 4336 quenalis
818 4276 834 4335 I
855 4278 916 4337 106
956 4272 1046 4347 ‘Quid
1083 4278 1199 4339 confert
1234 4296 1371 4354 purpura

218 4365 314 4422 maior
341 4364 515 4440 optandum.
559 4364 691 4426 Lucilius
720 4361 850 4425 “aurum
878 4368 969 4442 atque
996 4365 1189 4426 ambitiosam
1218 4368 1371 4443 specimen

217 4447 387 4531 uirtutis''.'
433 4454 517 4514 Idem
540 4455 579 4514 ad
596 4454 643 4514 ΠΙ
663 4456 726 4514 143
752 4450 916 4524 ‘Quantum
943 4456 1070 4533 quisque
1097 4475 1151 4515 sua
1177 4473 1371 4517 nummorum
