3036 5004
564 322 679 379 xxvm
696 338 724 378 6.
744 326 894 379 sos-sse.
1239 323 1304 390 279

156 494 304 554 desiderat
326 497 442 553 6161666.
489 493 609 554 Corruit
631 496 732 553 autem
755 496 822 553 tcta
846 492 905 553 ista
932 494 1010 553 ratio
1038 493 1088 551 uel
1114 492 1196 566 ideo,
1225 494 1304 570 quod

155 587 251 644 666166
269 581 489 642 substantiuum
508 575 595 663 (conf
609 582 660 642 lib.
680 581 754 641 VIII
772 602 800 640 6.
822 579 900 663 292)
923 601 942 641 6
965 581 1110 658 producta
1132 601 1218 642 nemo
1237 602 1303 642 um-

155 693 246 750 quam
272 671 374 748 posuit
400 672 488 734 homo
515 671 641 731 Latinus
669 671 780 752 (Plani.
801 671 863 730 llil.
886 672 970 730 1389
990 665 1176 753 oonuptus):
1208 690 1303 747 neque

155 762 234 839 quod
256 762 373 822 Nonius
391 782 420 839 p.
440 763 504 823 393
528 762 614 822 docet
636 764 735 821 statim
756 779 774 820 a
792 760 939 838 producta
957 761 1018 821 dici
1036 778 1054 819 a
1072 760 1223 821 ueteribus
1241 761 1303 821 6116

154 852 239 911 firmo
271 852 379 911 nititur
408 854 591 930 argumento.
645 851 689 909 De
721 854 836 910 6166666
869 850 955 910 credo
989 849 1175 910 Priscianum
1199 849 1253 911 (IL
1272 850 1303 909 11

153 962 182 1018 p.
204 943 276 1014 124,
299 940 376 1000 1911
398 944 477 1001 recte
503 941 615 1001 docere.
660 940 767 1018 Itaque
790 940 882 1000 Nonii
910 940 1003 1000 uerba
1030 939 1074 999 ita
1103 939 1303 1018 relinquemus

154 1031 314 1092 immutata
336 1033 485 1107 utsupra
508 1031 620 1107 scripta
643 1034 725 1104 sunt,
753 1029 863 1090 Lucilii
887 1029 979 1089 uerba
1004 1024 1108 1105 ‘quare
1135 1049 1190 1106 pro
1217 1030 1303 1103 facie,

152 1139 207 1198 pro
230 1123 347 1180 statura
369 1115 489 1180 Acoius'
514 1123 593 1180 recte
616 1137 679 1179 esse
697 1119 811 1179 tradita
830 1118 1034 1178 iudicabimus.
1067 1118 1184 1178 Ludere
1203 1122 1303 1179 autem

153 1212 273 1285 poetam
296 1209 327 1266 in
350 1208 434 1269 Accii
457 1208 578 1270 breuem
601 1228 661 1286 qua
684 1211 742 1268 fuit
765 1211 883 1268 statura
905 1210 1097 1268 manifestum
1126 1210 1179 1267 est.
1225 1209 1303 1267 Nam

153 1298 229 1357 Plin.
248 1302 309 1357 nat.
328 1297 397 1357 hist.
416 1298 542 1358 xxxlv
564 1302 603 1358 19
627 1297 723 1358 tradit
745 1293 790 1357 ‘L
805 1297 928 1358 Accium
957 1300 1077 1375 poetam
1104 1298 1136 1357 iu
1161 1295 1302 1357 Camena-

152 1407 220 1447 rum
244 1386 315 1448 aede
339 1389 469 1449 maxima
492 1388 587 1448 forma
610 1391 742 1448 statuam
769 1387 827 1446 sibi
854 1387 1000 1463 posuisse,
1029 1405 1097 1445 cum
1125 1386 1224 1446 breuis
1252 1386 1302 1446 ad-

153 1477 274 1537 modum
301 1473 428 1536 fuisset'.
449 1508 489 1518 -
505 1495 563 1552 pro
585 1480 714 1545 statura,
743 1478 779 1536 ut
802 1474 892 1535 Ouid.¹
908 1479 1026 1536 metam.
1046 1475 1089 1534 lV
1109 1478 1173 1535 412
1204 1471 1302 1535 ‘mini-

153 1584 232 1626 mam
253 1586 307 1644 pro
332 1580 453 1644 corpore
480 1578 583 1626 uocem
612 1561 775 1627 emittunt’:
802 1565 931 1625 666166
955 1565 1057 1625 iucert
1077 1566 1212 1624 61666
1238 1560 1302 1642 ‘pro

152 1656 259 1717 obtuso
282 1651 354 1716 ore'.
392 1656 552 1732 Vituperat
574 1659 664 1734 poeta
687 1655 875 1716 acerbissime
898 1655 1035 1714 Accium:
1059 1648 1235 1733 ‘Ingenium'
1257 1656 1302 1713 in—

152 1746 221 1822 quit
246 1741 322 1805 ‘eius
349 1745 502 1824 exiguum,
530 1746 618 1805 sicuti
646 1748 763 1805 statura
789 1747 821 1802 et
847 1739 982 1821 corpus’·
1010 1744 1082 1803 conf
1098 1742 1157 1804 (lic.
1171 1743 1252 1804 Phil.
1272 1744 1302 1803 Π

155 1835 205 1908 16,
225 1837 264 1894 41
292 1830 403 1894 ‘Velim
425 1834 501 1895 mihi
523 1833 652 1895 dicas..
668 1834 726 1893 ‚L
742 1833 893 1893 'lirrselius
919 1853 979 1910 qua
1005 1833 1082 1892 facie
1111 1834 1215 1908 fuerit,
1243 1853 1303 1909 qua

152 1919 288 1984 statura'.
340 1921 398 1994 Qui
424 1923 569 1984 Prisciani
598 1925 802 1984 testimonium
832 1924 916 1999 sequi
948 1922 1077 1982 uoluerit
1109 1921 1144 1982 de
1176 1925 1303 1997 sutum,

152 2013 232 2114 quod
259 2016 375 2073 ratione
402 2013 572 2074 defenditur
599 2033 665 2073 cum
693 2013 888 2090 participium
915 2012 1010 2071 futuri
1041 2013 1162 2116 longam
1194 2012 1301 2072 habere

150 2102 278 2180 primam
306 2103 455 2179 syllabam
482 2111 595 2164 certum
623 2103 663 2163 sit
685 2103 800 2162 Lucani
827 2100 975 2178 uersibus,
1002 2102 1029 2161 is
1056 2103 1206 2161 senarium
1234 2121 1301 2162 con·

152 2194 260 2252 stituat
282 2187 407 2252 talem‘
410 2210 502 2268 quare
524 2212 580 2271 pro
603 2194 678 2252 facie
701 2211 756 2271 pro
779 2194 923 2252 staturast
944 2185 1074 2251 Accius’.
1168 2208 1171 2214 ·

242 2274 323 2344 796.
342 2281 459 2343 Nonius
473 2303 501 2361 p.
518 2283 592 2357 308,
608 2282 648 2341 28
665 2277 813 2361 ‘Fingere
826 2298 941 2358 parare.
964 2280 1097 2340 Lucilius
1110 2279 1300 2341 6611111111

153 2366 228 2431 “sed
255 2370 329 2450 iuga
357 2370 482 2450 fingitur
510 2371 617 2431 timido
639 2370 725 2431 uadit
749 2369 824 2447 pede
851 2363 1029 2446 percitus'’.'
1075 2369 1222 2440 Numeros
1239 2369 1300 2430 ‘da-

151 2460 275 2538 ctylicos
302 2459 427 2540 agnouit
450 2460 604 2521 Acidalius
632 2459 726 2520 diuin.
759 2461 790 2520 et
816 2459 970 2536 interpret
998 2460 1039 2518 16
1057 2457 1154 2519 Ρ1666.
1184 2457 1300 2537 (laptiu.

152 2569 216 2628 cap.
235 2549 281 2609 111
308 2550 339 2609 in
370 2547 490 2609 Gruteri
517 2549 660 2627 Lampad.
678 2549 722 2607 VI
741 2569 769 2624 p.
790 2550 830 2608 93
860 2548 971 2608 allatus
998 2565 1016 2606 a
1040 2546 1168 2624 Corpeto
1184 2567 1219 2625 p.
1237 2550 1299 2607 172

152 2639 204 2716 qui
227 2641 348 2716 scripsit
367 2634 431 2700 ‘ssd
448 2639 521 2718 iuga
539 2639 664 2718 fingitur
682 2657 717 2698 ac
734 2637 841 2698 timido
860 2637 933 2714 pede
952 2638 1084 2714 percitus
1102 2630 1198 2696 uadit’
1218 2639 1300 2697 cuius

150 2728 296 2789 rationem
325 2729 419 2790 secuti
446 2732 516 2789 6666
542 2728 703 2788 Muellerus
728 2727 789 2788 alii.
835 2727 926 2786 Recte
948 2725 1079 2786 Nonium
1107 2727 1300 2804 interpretari

151 2817 336 2880 demonstrat
353 2817 450 2878 Plaut
466 2818 550 2896 (lapi.
567 2819 630 2878 208
650 2816 702 2877 ubi
719 2816 847 2878 lorarius
867 2809 921 2875 ‘At
938 2815 1041 2894 fugam
1059 2814 1186 2895 fingitis:
1205 2818 1300 2876 sentio

152 2925 241 2987 quam
269 2928 332 2968 rem
362 2903 464 2987 agitis’
498 2907 550 2967 ubi
582 2909 684 2985 aperte
716 2909 762 2967 est
795 2900 987 2984 ‘comparatis
1019 2900 1142 2984 fugsm'.
1192 2905 1300 2982 Itaque

151 2999 254 3077 agitur
276 2998 313 3057 dc
335 3015 421 3058 seruo
437 3016 529 3074 quem
549 2997 663 3057 occulte
682 2995 780 3057 nescio
799 2995 866 3073 quis
885 2994 1025 3055 obseruat
1043 2994 1113 3054 dum
1132 2993 1300 3074 ingreditur

150 3087 182 3146 in
204 3087 345 3164 plateam.
382 3092 415 3146 ul
433 3087 518 3147 addit
535 3085 696 3146 Muellerus
714 3105 801 3163 quem
820 3086 913 3144 miror
930 3085 961 3143 in
981 3085 1194 3145 commentario
1212 3086 1298 3160 6696-

151 3181 200 3237 tur
218 3176 409 3254 interpretari
426 3177 592 3236 6666666166.
606 3208 650 3218 -
666 3171 809 3253 ‘percitus
827 3169 884 3233 ira'
900 3173 965 3234 Liu.
980 3173 1039 3232 VII
1058 3175 1088 3252 5,
1108 3176 1127 3233 4
1147 3176 1182 3233 ut
1200 3174 1298 3233 Plaut.

152 3264 216 3327 Cas.
237 3267 316 3342 6183
349 3261 461 3326 ‘animo
488 3265 566 3326 irato
595 3284 629 3327 ao
656 3261 781 3344 percito’
806 3262 867 3324 Cic.
890 3282 945 3339 pro
963 3263 1026 3322 1161.
1046 3264 1102 3339 63,
1133 3258 1298 3342 ‘ingenium

150 3357 296 3432 percitum
319 3374 355 3416 ac
377 3350 471 3417 ferox'
491 3355 557 3416 Liu.
576 3354 646 3415 XXI
666 3356 717 3430 53,
737 3356 770 3415 8:
793 3352 848 3413 hoc
867 3352 976 3413 Lucilii
999 3371 1088 3414 uersu
1105 3356 1235 3428 percitus
1253 3357 1299 3413 est

151 3449 317 3506 commotus
339 3449 420 3506 metu
445 3448 476 3505 66
497 3463 616 3522 pauore.

241 3527 324 3598 796.
349 3534 467 3596 Nonius
489 3556 518 3614 p.
538 3535 617 3608 332,
641 3535 683 3595 30
716 3528 839 3612 ‘Legere
871 3531 1023 3608 subripere
1056 3530 1213 3610 significat.
1238 3578 1243 3589 .
1265 3577 1297 3589 ..

106 3685 111 3696 ,
151 3623 283 3685 Lucilius
300 3624 351 3684 lib.
370 3622 500 3686 XXVIII
519 3619 644 3684 “omnia
663 3670 669 3683 .
685 3670 691 3680 .
708 3669 713 3680 .
732 3617 857 3701 leget'’.'
890 3620 973 3682 idem
991 3641 1020 3698 p.
1040 3620 1147 3695 396‚4
1168 3615 1299 3681 'Sumere

151 3715 196 3772 est
222 3715 370 3790 accipere,
396 3715 510 3774 tollere.
535 3713 738 3774 ...Lucilius
765 3711 816 3772 lib.
836 3710 965 3772 XXVIII
994 3706 1120 3770 “omnia
1139 3754 1145 3767 .
1166 3755 1172 3766 .
1193 3755 1198 3766 .
1218 3708 1298 3787 leget

150 3804 249 3862 omnic
267 3802 353 3863 crede
369 3803 442 3864 mihi
457 3821 560 3880 presse
577 3805 693 3864 auferet
711 3795 840 3861 omnis''.
878 3800 918 3859 116
931 3799 1056 3860 Plautus
1069 3797 1228 3859 Aulularia
1242 3843 1248 3855 .
1260 3843 1267 3856 .
1278 3793 1296 3854 .’

152 3890 239 3952 (lerto
257 3892 361 3953 horum
381 3911 521 3952 uersuum
540 3893 720 3966 testimonio,
739 3890 792 3968 qui
804 3889 851 3952 bis
866 3888 1069 3949 attribuantur
1081 3887 1158 3948 libro
1168 3886 1298 3947 XXVIII

151 3980 230 4059 apud
252 3980 397 4058 Nonium,
416 3985 543 4042 constat
564 3983 678 4061 positos
700 3980 792 4040 fuisse
813 3979 918 4039 heroos
940 3978 1050 4038 661666
1077 3976 1162 4038 libro.
1198 3979 1298 4037 omnic

149 4076 242 4133 sama
265 4069 382 4131 addidit
403 4070 626 4144 Lachmaunus·‚
654 4089 731 4147 qnae
754 4067 917 4129 exciderint
938 4070 1062 4145 propter
1088 4068 1187 4126 mic
1215 4084 1297 4142 repe·

149 4163 250 4236 titum,
268 4165 361 4221 666666
378 4160 518 4222 lemmate
531 4160 623 4220 Nonii
637 4159 800 4239 flagitatur.
834 4153 945 4236 ‘presse
958 4150 1047 4235 <rcs>
1060 4156 1176 4217 auferet
1189 4151 1296 4216 omnis'

150 4250 229 4312 idem
252 4251 373 4327 scripsit
389 4249 532 4328 Popmam
556 4253 686 4311 secutus:
709 4249 773 4308 iure
792 4251 882 4325 negat
899 4246 1096 4307 Buechelsrue
1114 4244 1189 4305 Mus.
1204 4244 1296 4305 Rhen.

150 4340 249 4401 XLIII
270 4341 486 4419 mespres
509 4355 612 4415 presse
638 4339 710 4399 ferri
736 4354 837 4415 posse,
869 4335 1056 4397 commendat
1088 4330 1220 4412 ‘proeesse
1251 4354 1298 4396 res

150 4430 267 4491 auferet
280 4425 408 4506 .omnis'‚
430 4448 520 4507 quam
543 4429 724 4508 particulam
745 4426 813 4488 ideo
833 4425 907 4500 addi
929 4427 1105 4505 suspicatur,
1127 4425 1208 4504 quod
1229 4444 1297 4487 666-
