3060 5010
545 390 596 443 Vll
613 408 640 444 ιι.
661 396 811 447 266-268.
1231 396 1292 460 101

143 577 258 619 uermes
286 561 345 619 orti
372 563 455 635 sunt,
482 561 508 619 si
536 561 621 620 iuxta
650 564 733 633 sunt,
764 561 957 637 protrahendi
984 563 1143 622 oriculario
1172 565 1294 640 specillo

143 651 233 709 eunt.
250 696 255 707 .
272 694 278 706 .
293 648 515 725 cauendumque
530 668 566 707 ne
579 652 685 727 postea
702 647 883 711 nascantur’.
907 651 983 710 Plin.
999 654 1060 711 nat.
1075 652 1144 713 hist.
1158 654 1213 711 XX
1228 655 1292 713 256

144 734 243 798 ‘sucus
253 740 283 797 et
292 738 413 798 auribus
423 738 588 798 instillatur
596 740 832 815 uermiculosque
840 740 872 799 in
882 741 929 800 his
940 737 1038 801 necat’
1049 734 1291 824 (259ΧΧΠΙ85

143 828 228 887 XXII
249 829 311 887 147
335 828 434 887 XXIV
455 828 495 888 18
519 828 649 888 XXVIII
670 825 723 905 65)
747 829 802 887 XX
823 831 884 889 146
911 825 1008 891 ‘sucus
1036 831 1158 892 auribus
1185 833 1293 891 uermi·

143 919 224 979 noeis
241 912 426 978 instillatur'.
460 918 553 988 Quem
571 918 709 977 morbum
728 939 794 978 oum
813 921 981 998 grassatum
1000 940 1063 981 esse
1081 920 1162 998 apud
1179 923 1294 982 ueteres

143 1011 289 1084 appareat
311 1006 401 1066 Plinii
430 1010 461 1065 et
482 1006 590 1066 Lucilii
619 1008 691 1068 locis
719 1011 914 1084 comparatis,
941 1010 1011 1069 inde
1041 1011 1091 1086 qui
1115 1010 1227 1070 factum
1253 1012 1294 1070 sit

143 1100 176 1155 ut
199 1096 412 1173 auriscalpium
435 1092 601 1176 ὠιογλοφίς
625 1116 700 1173 quae
719 1096 829 1158 Graece
853 1099 963 1159 dicitur
985 1099 1016 1158 in
1035 1099 1245 1160 uetustissimis
1264 1101 1294 1159 et

142 1186 288 1246 Italorum
312 1189 342 1245 et
364 1186 559 1246 barbarorum
582 1188 725 1263 sepulcris
752 1188 924 1248 inueniatur
950 1188 1135 1268 intellegitur
1158 1181 1293 1270 (Bresso-

142 1276 200 1336 lius
228 1277 330 1335 annali
358 1274 405 1334 dol
432 1275 572 1335 instituto
601 1276 632 1334 di
659 1295 732 1335 corr.
753 1276 832 1335 arch.
854 1278 939 1337 1884
963 1298 991 1353 p.
1012 1279 1084 1337 243.
1111 1269 1203 1358 244)
1234 1298 1293 1355 quo

143 1365 179 1424 de
205 1366 404 1425 instrumento
427 1363 574 1425 Martialis
592 1364 664 1423 XIV
684 1367 725 1425 23
751 1360 787 1425 ‘si
816 1366 874 1425 tibi
901 1385 1019 1427 morosa
1046 1369 1200 1445 prurigine
1227 1387 1292 1428 uor-

144 1545 207 1617 Ι2,
227 1544 278 1603 53.

232 1626 315 1694 207.
343 1633 458 1693 Nouius
486 1654 514 1710 p.
536 1635 613 1706 215,
638 1636 656 1693 3
690 1654 725 1693 ex
757 1637 953 1713 grammatico
985 1632 1094 1696 ‘Nasus
1125 1636 1291 1696 masculini.

143 1724 255 1797 neutri,
281 1723 415 1782 Lucilius
438 1722 489 1781 lib.
509 1723 567 1781 Vll
596 1719 692 1797 “quos
719 1724 798 1783 oculi
825 1744 884 1784 non
912 1728 982 1784 sunt
1009 1744 1104 1801 neque
1132 1745 1238 1786 nasum
1268 1731 1293 1786 et

143 1814 245 1885 qualia
267 1807 381 1872 sunt''.'
427 1812 496 1872 Non
520 1811 621 1890 agitur
643 1813 679 1872 de
702 1813 800 1873 bestia
822 1815 919 1889 qualis
945 1818 991 1873 est
1016 1814 1179 1874 lumbricus
1202 1806 1291 1895 (Pliu.

142 1904 203 1962 nat.
222 1902 291 1961 hist.
310 1901 353 1961 XI
374 1893 453 1983 140)
481 1900 532 1960 sed
560 1902 596 1961 de
624 1906 804 1979 amatorum,
838 1904 889 1979 qui
916 1903 1089 1979 turpissimo
1118 1923 1235 1980 quoquo
1263 1909 1293 1964 et

143 1991 294 2050 immundo
322 1993 420 2051 scorto
448 1991 580 2051 contenti
608 1994 679 2051 sunt
708 1988 897 2075 ἀναισθησία.
949 1993 1073 2053 Dixerat
1104 1994 1292 2055 aduersarius

145 2076 188 2139 ‘at
210 2100 299 2157 saepe
321 2080 492 2140 immundae
516 2082 547 2139 et
564 2082 692 2141 rusticae
711 2083 874 2142 meretricis
892 2083 1026 2142 membra
1043 2083 1193 2143 delectant
1211 2103 1291 2142 ama·

142 2165 241 2230 tores’.
279 2170 450 2247 Respondet
467 2170 599 2246 Phrynee
623 2170 770 2246 discipula
790 2166 902 2242 ‘Quos'l
931 2173 1010 2232 oculi
1030 2192 1090 2232 non
1109 2175 1179 2232 sunt
1196 2191 1292 2249 neque

142 2258 267 2319 nasum?
286 2263 317 2317 et
335 2259 437 2335 quaIIa
456 2255 549 2319 suntl’
574 2261 647 2319 conf
661 2260 712 2319 lib.
732 2260 861 2320 XXVHI
875 2282 903 2319 u.
920 2262 983 2321 798
1005 2258 1150 2338 ‘quaeque
1169 2266 1291 2339 aspectu

143 2351 212 2409 sunt
229 2367 337 2425 spurca
355 2352 385 2408 et
403 2344 503 2408 odore'
525 2344 588 2430 (lib.
608 2350 690 2408 XXX
703 2369 731 2408 ιι.
750 2341 850 2431 1067)
869 2353 900 2408 et
918 2350 1047 2410 Martial.
1061 2352 1109 2410 ΙΠ
1124 2353 1142 2409 8
1164 2347 1292 2411 ‘Thaida

142 2438 269 2508 Quintus
298 2441 388 2499 amat.
430 2439 526 2509 Quam
554 2437 690 2499 Thaida?
728 2437 844 2498 Thaida
874 2440 994 2500 luscam.
1041 2440 1141 2499 Vnum
1173 2443 1292 2501 oculum

142 2527 232 2587 Thais
242 2547 302 2588 non
311 2527 410 2603 habet,
419 2528 471 2588 ille
480 2523 575 2587 duos’.
601 2524 715 2604 ‘qualia
723 2523 803 2588 sunt’
815 2530 992 2589 exclamatio
1002 2533 1037 2589 ut
1045 2529 1161 2590 Lucret.
1172 2529 1216 2588 IV
1227 2532 1292 2590 120

145 2612 302 2693 ‘quantula
324 2611 418 2677 suntl’

234 2700 316 2767 ⁸268.
340 2707 455 2766 Nonius
474 2727 502 2782 p.
518 2709 593 2781 200,
613 2708 653 2765 16
675 2702 787 2767 ‘Collus
806 2706 970 2767 masculino
990 2754 995 2764 .
1012 2755 1017 2766 .
1034 2753 1040 2764 .
1059 2706 1192 2766 Lucilius
1211 2711 1291 2783 saty-

142 2815 242 2856 rarum
266 2796 316 2854 lib.
336 2795 394 2854 VH
419 2790 557 2856 “colduis
574 2815 650 2856 seme
669 2789 727 2878 (ita
745 2795 898 2857 Leidensie
916 2816 954 2855 m.
977 2802 992 2856 1
1014 2798 1178 2856 οοίιίίςοίικο
1196 2817 1234 2854 ιιι.
1256 2789 1291 2877 2)

144 2905 179 2944 ac
201 2886 274 2945 bene
292 2887 396 2959 placui
420 2887 579 2945 iaculorum
601 2889 692 2962 atque
715 2888 827 2946 anseris
856 2881 994 2945 collus’'.'
1041 2886 1194 2945 Vocabula
1223 2887 1292 2945 benc

136 2977 228 3048 plecta
250 2993 337 3035 nemo
361 2978 476 3035 auertet
497 2994 565 3034 cum
588 2975 667 3051 apud
690 2975 863 3035 Lucretium
882 2976 1001 3053 legatur
1018 2975 1046 3031 V
1067 2976 1129 3034 708
1151 2971 1291 3051 ‘donique

143 3084 211 3122 eum
234 3068 337 3123 contra
359 3064 448 3140 pleno
471 3064 545 3124 bene
567 3065 680 3124 lumine
703 3060 810 3139 fulsit',
838 3062 939 3125 Ouidii
961 3082 1110 3125 uersusa.
1130 3064 1206 3123 aH
1226 3065 1286 3123 661

144 3148 202 3213 ‘dic
220 3152 359 3227 habilem,
382 3173 587 3230 quaecumque
605 3155 713 3229 breuis,
731 3174 807 3230 quae
825 3153 955 3232 turgida,
973 3148 1115 3230 plenam’,
1134 3158 1165 3213 et
1181 3154 1290 3214 remed.

142 3262 198 3301 am.
220 3245 283 3303 327
296 3239 450 3321 ·‘turgida,
473 3246 500 3302 si
517 3245 608 3319 plena
626 3247 679 3320 ost,
699 3245 724 3304 si
742 3245 827 3304 fusca
846 3249 899 3318 est,
922 3246 1009 3321 nigra
1028 3238 1161 3304 uocetur'
1181 3245 1290 3303 testen-

142 3335 193 3391 tur
204 3334 297 3407 pleno
316 3333 494 3392 uocabulum
513 3333 551 3392 ad
570 3333 704 3393 mulieris
722 3353 829 3410 corpus
848 3337 917 3411 apto
935 3353 1021 3411 posse
1041 3333 1153 3393 referri.
1185 3333 1291 3410 Neque

141 3423 252 3480 olorum
272 3440 380 3482 nomen
398 3423 417 3480 i.
433 3441 456 3481 e.
475 3421 596 3482 κύκνων
614 3422 840 3502 δουλιχοδείρων
861 3416 1097 3505 (Romuleo)
1116 3423 1289 3484 mendosum

142 3530 204 3571 esse
227 3510 404 3571 credendum
427 3513 473 3570 est
495 3531 587 3589 prope
611 3515 725 3572 umeris
754 3514 844 3572 codas
871 3514 1016 3590 positum,
1044 3532 1111 3572 cum
1140 3515 1231 3573 otiam
1257 3513 1290 3572 in

141 3599 244 3659 Iliadis
272 3619 362 3661 uersu
386 3620 407 3660 a.
432 3619 454 3660 s.
478 3609 578 3680 χηνῶν
604 3598 655 3661 καί
681 3601 814 3683 γεράνων
840 3599 890 3662 καί
917 3601 1038 3662 κύκνων
1065 3601 1290 3681 δουλιχοδείρων

142 3708 201 3749 una
233 3692 435 3751 memorentur
466 3708 585 3750 anseres
617 3694 647 3750 et
678 3692 775 3752 olores
809 3691 845 3750 de
877 3691 986 3768 quibus
1019 3690 1121 3751 (licere
1155 3691 1191 3750 de
1227 3693 1289 3750 nat

141 3779 219 3838 door.
239 3779 270 3838 H
290 3782 351 3838 122
378 3776 466 3855 ‘quae
490 3783 590 3839 autem
613 3781 722 3840 altiora
745 3783 828 3855 sunt,
851 3783 886 3839 ut
908 3800 1040 3855 anseres,
1068 3783 1103 3839 ut
1125 3780 1227 3858 cygni,
1256 3782 1290 3837 ut

141 3887 238 3946 grues,
256 3872 291 3927 ut
308 3870 423 3943 cameli,
442 3868 625 3929 adiuuantnr
643 3872 822 3946 proceritatc
841 3864 1006 3931 collorum'.
1040 3869 1145 3944 Neque
1163 3867 1289 3945 pluralis

141 3978 207 4017 oum
227 3958 374 4036 singulari
391 3978 515 4018 numero
533 3978 587 4019 nos
606 3959 735 4019 offendet
753 3961 947 4020 consociatio:
971 3959 1042 4019 conl
1056 3958 1144 4018 indic.
1163 3974 1288 4035 gramm.

142 4066 163 4106 s.
183 4067 210 4105 u.
235 4048 404 4126 singularis.
441 4047 537 4109 Docet
558 4049 666 4109 mulier
686 4049 723 4108 de
741 4049 913 4122 uirtutibus,
936 4049 1043 4124 quibus
1062 4048 1139 4106 uitia
1157 4048 1289 4123 corporis

141 4139 380 4214 compensentur:
404 4137 491 4197 debet
514 4137 612 4198 calida
635 4157 698 4198 esse
721 4138 821 4198 animo
844 4138 952 4197 mulier
974 4139 1005 4196 et
1025 4136 1100 4195 bene
1118 4136 1207 4212 plena
1226 4155 1288 4196 cor·

108 4239 110 4243 ’
141 4245 227 4301 pore,
254 4227 418 4287 siolorum
441 4229 532 4302 atque
555 4230 668 4288 anseris
696 4229 772 4288 collo
801 4229 846 4287 est
873 4222 1017 4304 praedita.
1065 4225 1151 4296 Quod
1177 4226 1289 4304 legitur

143 4334 190 4391 ap.
208 4314 361 4392 Aristoph.
381 4316 558 4393 Thesmoph.
581 4319 643 4376 735
668 4308 691 4376 δι
714 4314 893 4394 θερμόταται
915 4319 1053 4393 γυναῖκες
1076 4306 1099 4374 δι
1120 4315 1289 4375 ποτίσταται

142 4402 293 4464 diuersum
316 4407 374 4464 estz
397 4405 495 4464 similo
516 4404 632 4481 aliquid
650 4406 739 4466 schol.
758 4405 883 4482 Lysistr.
906 4405 967 4463 723
989 4399 1032 4463 ’τὸ
1051 4400 1157 4483 ὄρνεον
1174 4403 1289 4484 θερμὸν

142 4490 185 4564 εἰς
211 4488 386 4553 σννονσίαν’
415 4493 566 4555 Lucienus
590 4493 667 4555 Gall.
689 4497 729 4554 17
757 4494 903 4554 Helenam
936 4492 1077 4554 describit
1109 4485 1202 4553 ‘abico
1232 4490 1288 4572 γὰρ
