3036 5004
585 390 661 444 XXX
679 408 706 445 u.
726 395 893 446 aee-1000.
1245 392 1311 457 823

160 558 316 619 annalibus
348 549 430 640 (445
442 550 484 639 V)
518 554 597 617 ‘eum
628 561 753 636 spiritus
785 561 955 619 austri
979 559 1140 636 aquiloque
1237 560 1311 620 1363

160 649 238 708 mari
265 666 373 727 magno
400 647 508 708 fluctus
535 649 676 708 extollere
699 644 826 709 certant'
855 650 904 709 cui
926 651 1076 725 praeierat
1097 649 1163 708 Liu.
1177 649 1309 708 Andron.

159 737 236 796 TRF
264 739 305 797 33
321 738 355 795 R.
411 736 525 797 Similis
557 741 697 798 narratur
728 737 831 797 fabula
868 742 958 814 atque
994 738 1049 798 illa
1084 741 1116 797 in
1152 738 1310 799 Herondae

159 829 289 887 carmine
312 828 422 904 primo:
445 827 497 885 ubi
519 826 653 887 Mandris
671 828 830 887 Metriches
852 829 979 888 maritus
1002 847 1069 887 oum
1091 826 1134 899 εἰς
1157 827 1310 907 Αἴγυπτον

160 913 265 993 ἐστάλη
289 907 414 998 (323),
436 919 604 993 temptatur
625 919 725 977 uxoris
747 918 895 993 pudicitia
917 917 1002 977 lenae
1022 916 1218 977 sermonibus:
1241 919 1311 977 uide

160 1005 199 1065 ad
221 1025 249 1063 u.
266 1007 339 1066 997.
364 1005 436 1066 998.

249 1087 334 1155 997.
352 1095 468 1159 Nonius
482 1116 511 1172 p.
527 1096 601 1170 287,
617 1097 658 1155 27
674 1090 801 1170 ‘Dicere
815 1095 942 1155 tradere.
962 1141 984 1154 ..
995 1141 1002 1154 .
1015 1095 1149 1155 Lucilius
1163 1094 1214 1154 lib.
1228 1095 1310 1154 XXX

162 1179 318 1244 “iuratam
346 1203 377 1243 se
403 1185 470 1259 nni,
497 1186 546 1244 cui
569 1186 610 1245 sit
632 1184 704 1244 data
726 1186 878 1259 odoequoe
904 1180 1049 1245 dieata''.'
1096 1186 1186 1259 deque
1212 1185 1310 1244 dicata

161 1272 273 1333 Carrio.
320 1271 499 1352 coniugem,
526 1275 657 1333 iuratam
690 1276 839 1351 conceptis
870 1274 970 1335 uerbis
999 1293 1062 1336 sese
1088 1276 1142 1333 uni
1169 1275 1218 1334 cui
1244 1276 1310 1333 uiro

160 1365 201 1423 sit
224 1362 297 1423 6313
318 1366 349 1422 31
371 1362 517 1437 dedicata,
539 1362 657 1424 fidelem
675 1382 847 1424 mansuram
865 1368 896 1423 et
913 1367 1036 1438 3331331,
1059 1364 1140 1425 domi
1157 1364 1309 1440 relinquit.
1387 1364 1393 1373 ’

160 1452 270 1511 Mulier
292 1453 347 1511 1113
369 1453 402 1511 in
424 1451 535 1512 Lucilii
556 1452 683 1513 historia
706 1455 805 1513 minus
823 1454 943 1513 uidetur
961 1455 1052 1514 fuisse
1071 1454 1161 1514 castis
1179 1452 1311 1512 moribus

161 1559 251 1618 qnam
274 1541 418 1602 Metricbe
441 1542 495 1602 illa
519 1542 599 1618 apud
621 1542 802 1602 Herondam.

249 1623 333 1690 998.
351 1630 467 1690 Nonius
486 1652 514 1708 p.
531 1632 604 1707 297,
620 1634 661 1691 24
682 1627 822 1707 ε11313313,
837 1634 959 1710 erigere,
975 1633 1083 1692 leuare.
1108 1678 1159 1691 ...
1177 1630 1311 1691 Lucilius

159 1719 210 1778 lib.
220 1720 302 1779 XXX
321 1715 487 1780 “continuo
503 1730 545 1779 ..’.
560 1722 649 1781 erest
663 1714 799 1801 (emar
811 1721 884 1781 olim
898 1713 1051 1802 impressi)
1066 1715 1309 1797 extuleritque'’.'

160 1809 259 1868 Primo
296 1813 380 1870 casta
414 1812 517 1869 manet
551 1811 659 1870 mulier
694 1830 808 1870 memor
843 1812 992 1888 coniugis:
1032 1813 1124 1871 immo
1161 1811 1311 1886 continuo,

159 1899 286 1958 simulac
321 1900 412 1976 paulo
448 1899 653 1959 uehementius
690 1919 764 1960 aura
794 1900 924 1975 inflarit,
960 1900 1126 1976 fluctusque
1163 1901 1311 1975 extulerit,

159 1991 262 2048 tremit
285 1991 375 2048 anxia
397 1991 428 2048 et
450 1990 583 2066 suspirat
605 1989 641 2049 de
664 1990 730 2050 uiro
748 1989 879 2050 sollicita
897 1991 1069 2069 nauigante.
1115 1988 1188 2049 Post
1205 1991 1312 2062 1133133

160 2078 236 2137 falso
264 2077 425 2157 distinguit
451 2077 611 2138 Muellerus
639 2079 694 2138 alii
719 2081 752 2137 in
775 2079 868 2139 Nonii
894 2078 965 2138 edit.
984 2080 1003 2138 l.
1018 2098 1040 2138 s.
1056 2097 1092 2139 s.:
1110 2080 1311 2153 1133033113-

159 2168 284 2226 mentias
314 2168 422 2240 inflare
452 2167 563 2228 locutio
596 2187 614 2227 a
643 2167 763 2228 Graecis
793 2168 913 2228 uidetur
939 2186 1001 2229 esse
1028 2172 1158 2245 sumpta.
1209 2166 1312 2228 Cicero

160 2255 196 2314 de
219 2256 296 2334 legg.
314 2254 369 2315 Ι6
393 2257 430 2315 de
459 2255 559 2316 Caelio
592 2257 733 2318 historico
762 2252 935 2334 ‘Antipater
961 2257 1051 2333 paulo
1081 2257 1201 2317 inflauit
1223 2257 1310 2316 uehe-

160 2346 288 2403 mentius
311 2343 528 2420 habuitque
498 2364 578 2406 mres
601 2349 732 2425 agrestes
755 2347 808 2405 ille
826 2347 947 2422 quidem
970 2349 1002 2406 et
1017 2342 1166 2406 horridas'
1186 2345 1311 2422 Dionys.

160 2433 257 2492 Η3113.
286 2434 324 2492 36
350 2434 454 2510 Pomp
473 2453 537 2511 cap.
552 2437 572 2493 4
592 2439 664 2495 extr.
695 2434 732 2494 de
759 2435 954 2512 Xenophonte
985 2431 1043 2494 κᾶν
1074 2455 1143 2495 ττοτε
1175 2434 1312 2515 διεγεῖραι

160 2523 300 2606 βουληθῇ
319 2520 374 2599 τὴν
393 2521 514 2602 φράσιν,
537 2519 636 2603 ὀλίγον
654 2520 820 2601 ἐμπνεύσας
838 2523 934 2604 ὥσπερ
952 2514 1147 2603 ἀπόγειος
1109 2545 1187 2602 eope
1204 2520 1312 2602 ταχέως

160 2609 318 2690 σβέννυται
341 2613 481 2688 antiquit
501 2612 561 2672 VII
581 2614 632 2688 35,
648 2614 666 2672 3
691 2611 820 2685 solbet
821 2612 972 2691 μττνεύσας
995 2621 1030 2696 τῇ
1054 2612 1214 2695 κατηγορίᾳ
1232 2609 1312 2684 τέλος

161 2698 364 2781 dictumst
347 2723 391 2761 οτι
417 2704 476 2761 rol.
501 2659 681 2779 ‘inspirabat
712 2721 822 2779 magno
853 2704 951 2781 magis
982 2721 1074 2779 quam
1105 2703 1168 2762 acri
1199 2697 1311 2762 animo'

163 2790 263 2850 Senee
287 2792 357 2851 cont
357 2810 420 2850 rou.
439 2791 491 2850 lib.
506 2791 537 2850 11
559 2793 652 2868 praef.
673 2793 770 2850 2-
792 2792 899 2853 fluctus
922 2794 1061 2852 erexerit.
1085 2789 1171 2851 Ouid
1191 2795 1311 2850 metam.

161 2880 203 2939 XI
224 2882 287 2939 497
312 2875 463 2940 fluetibus
485 2883 681 2959 erigitur...
701 2877 835 2958 pontus,
859 2881 1012 2942 extulerit.
1040 2880 1147 2941 fluctus
1172 2880 1312 2940 extollere

161 2970 275 3029 Ennius
298 2970 397 3029 33331.
418 2971 481 3029 445
500 2969 536 3029 V.
551 2971 571 3030 l.
585 2990 608 3031 3.
623 2991 645 3031 3.
691 2970 837 3031 Narrasse
864 2970 1017 3047 probabile
1047 2973 1093 3030 est
1113 2973 1234 3047 poetam
1257 2969 1314 3029 hoc

160 3059 226 3119 looo
258 3058 392 3118 fabulam
423 3060 508 3118 illam
536 3060 571 3118 de
600 3059 744 3138 Aegialeo
771 3060 925 3120 Diomedis
953 3079 1044 3119 uxore
1071 3059 1164 3119 infida
1193 3053 1311 3143 (insert.

161 3169 189 3207 u.
207 3141 307 3229 1149)
327 3167 418 3224 (13331
435 3148 560 3208 1136331
577 3148 694 3229 σφόδρα
712 3147 805 3210 αὐτὸν
823 3147 980 3210 {macera
998 3148 1048 3209 aul
1065 3146 1312 3230 ἀπολοφύρτοθαι

162 3236 213 3310 τὰς
235 3236 345 3309 νύκτας
367 3237 457 3298 schol.
480 3240 507 3297 Τ
525 3241 555 3297 31
577 3240 602 3297 B
625 3239 664 3298 ad
686 3239 774 3299 Hom.
787 3242 815 3298 Ε
834 3240 907 3300 412.

255 3319 361 3387 1000.
390 3327 507 3388 Nonius
534 3348 563 3404 p.
579 3329 656 3404 408,
677 3331 696 3388 9
725 3323 912 3404 ε7331116333,
944 3331 1084 3389 metuere.
1109 3327 1312 3388 ...Lucilius

162 3417 214 3475 lib.
233 3417 316 3475 XXX
341 3411 416 3476 “esd
439 3417 512 3494 quid
534 3436 589 3496 ego
612 3418 685 3478 haec
708 3420 807 3477 animo
832 3418 993 3492 trepidante
1015 3418 1097 3478 dicta
1118 3411 1311 3494 profundo''.'

163 3504 278 3565 Ennius
305 3525 373 3565 ann
392 3505 436 3564 VI
456 3507 557 3566 204V
589 3502 651 3566 ‘ssd
678 3526 733 3585 ego
769 3508 818 3568 hic
850 3509 951 3568 animo
982 3502 1141 3566 lamentor'
1174 3507 1226 3566 nbi
1261 3507 1312 3568 sed

163 3594 234 3668 qaid
252 3613 276 3653 e.
287 3614 315 3671 q.
323 3613 345 3655 s.
365 3595 524 3654 deteriores
538 3594 674 3656 coddIX
689 3598 752 3655 314
763 3597 791 3653 V
811 3592 873 3656 ‘sed
892 3596 964 3674 (1316
982 3616 1037 3676 ego
1056 3596 1130 3656 haee
1147 3592 1311 3656 memoro?

162 3683 260 3742 Plaut.
284 3684 371 3744 llere.
398 3686 461 3743 218
505 3679 567 3744 ‘sed
608 3686 681 3760 quid
720 3704 774 3765 ego
809 3687 859 3746 hie
895 3688 927 3745 in
963 3685 1155 3746 lamentando
1191 3681 1310 3761 pereo‘?

163 3772 238 3831 1136.
254 3774 317 3831 472
352 3768 415 3832 ‘sed
447 3777 548 3833 autem
578 3774 650 3849 quid
682 3777 708 3833 si
734 3775 811 3835 hano
837 3775 907 3834 hinc
939 3776 1098 3835 abstulerit
1130 3770 1311 3851 quispiami’

163 3862 249 3920 Truc.
265 3862 328 3920 335
354 3856 425 3920 ‘Sed
454 3862 526 3939 quid
552 3862 626 3921 bace
653 3863 701 3922 hic
730 3867 829 3924 autem
849 3860 1034 3924 ...soutr’
1061 3864 1124 3923 766
1154 3858 1216 3922 ‘sed
1240 3863 1313 3940 quid

163 3970 218 4028 ego
249 3950 298 4009 hic
330 3946 458 4010 clamo?'
510 3951 576 4010 Ter.
594 3952 712 4011 Phorm.
733 3954 794 4013 601
835 3948 898 4013 ‘sed
934 3952 1007 4029 quid
1037 3953 1180 4028 pertimui
1212 3954 1312 4012 autem

162 4035 282 4099 belua?
325 4039 437 4118 Vergil.
452 4039 525 4100 Aen.
539 4040 571 4099 Π
592 4043 651 4101 101
675 4036 738 4102 ‘sed
756 4042 830 4119 quid
847 4061 902 4119 ego
921 4042 994 4102 haec
1013 4045 1113 4101 autom
1131 4043 1312 4118 nequiquam

162 4132 284 4208 ingrata
306 4124 461 4189 reuoluo?’
509 4128 568 4189 Cic.
588 4129 627 4188 36
649 4130 759 4190 Α11.Π
778 4131 807 4204 5,
827 4133 845 4189 2
872 4127 942 4190 ‘Sed
965 4130 1037 4207 quid
1060 4149 1116 4209 ego
1139 4130 1213 4191 haee
1231 4178 1238 4191 .
1254 4177 1260 4189 .
1276 4125 1311 4189 .?'

163 4252 207 4261 -
229 4219 392 4293 trepidante
415 4219 490 4279 falso
509 4220 654 4296 scriptum
672 4223 708 4279 ut
724 4225 851 4280 acuente
873 4219 925 4279 lib.
939 4220 1037 4279 XXIX
1055 4239 1083 4278 u.
1101 4221 1172 4279 745.
1214 4219 1313 4280 Verba

163 4309 304 4368 uidentur
335 4327 398 4369 esse
426 4309 542 4383 mariti,
574 4310 627 4385 qui
657 4309 749 4369 redux
781 4311 851 4369 aute
882 4310 988 4368 limina
1020 4310 1124 4369 domus
1156 4310 1314 4369 cunctatur

162 4399 287 4476 ingredi.
307 4430 349 4440 —
368 4398 447 4458 dieto
459 4399 611 4473 profundo
629 4399 956 4459 1331333311331333131
975 4398 1179 4458 Lucretlllb
1201 4394 1313 4459 ‘omnia

163 4488 295 4547 ueridieo
318 4489 371 4564 qui
393 4487 544 4566 quondam
566 4507 601 4548 ex
624 4506 675 4548 ore
697 4484 852 4565 proludit'.

1045 4588 1100 4642 21*
