3060 5010
608 392 672 448 VIII
689 412 717 450 u.
737 397 887 450 299-303.
1261 397 1326 462 113

174 561 258 622 31Κ
282 557 437 624 ‘Lenteaco
469 563 601 623 euerbo
624 564 726 624 lentet
771 564 904 624 Lucilius
933 560 1052 624 “lentot
1079 560 1201 641 opus''.’
1249 564 1324 626 (lon-

172 651 299 710 trerinm
335 655 381 712 eet
417 651 493 711 illud
525 652 654 732 Vergilii
687 672 786 732 georg.
805 653 848 712 IV
874 655 936 714 169
973 654 1138 714 hexametri
1171 655 1324 715 exordium

173 736 282 800 ‘leniet
305 760 388 818 opus,
411 742 607 819 redolentque
630 743 734 818 thymo
757 743 925 821 frugi-entia
947 739 1058 802 melle'.

262 822 346 891 300.
370 831 486 891 Nonius
509 852 537 908 p.
553 834 633 907 427,
652 833 692 891 26
724 827 852 892 ‘Priores
880 836 911 893 et
937 834 1082 909 primores
1109 833 1187 893 huuc
1214 833 1325 893 habent

172 918 390 980 dinereitetcm.
420 921 637 981 ...Lucilius
664 923 834 998 satyrarum
861 922 912 981 lib.
932 921 1008 981 VIII
1039 917 1248 1000 “gallinaceus

172 1010 392 1069 oneetealclitue
415 1009 526 1088 digitos
553 1012 697 1087 primores
723 1029 798 1085 quae
820 1013 935 1087 criyrmt
958 1002 1055 1091 (cripit
1077 1012 1149 1071 olim
1171 1006 1323 1094 impressi)

171 1093 329 1175 ungnIs’'.'
382 1097 468 1168 Quod
498 1099 531 1157 iu
557 1099 670 1159 Aldine
701 1101 847 1176 scriptum
874 1103 920 1161 eet
945 1101 1063 1161 sadum
1089 1103 1123 1161 in
1150 1102 1268 1176 digc'th
1291 1101 1323 1160 in

171 1186 415 1248 Lechmennieue
440 1189 553 1259 turdi,
584 1192 612 1248 is
637 1189 755 1264 dteitce,
786 1189 915 1249 alterum
941 1188 1080 1266 displicet
1105 1192 1228 1267 propter
1255 1210 1320 1267 per-

170 1276 280 1336 fectum
308 1277 388 1353 quod
416 1281 532 1355 pugnet
560 1295 628 1337 cum
655 1280 739 1353 cripit
766 1281 928 1356 praesenti,
961 1279 1089 1339 alienum
1119 1279 1184 1354 ideo
1212 1280 1322 1340 falsum

171 1370 228 1441 est,
258 1366 338 1443 quod
365 1366 480 1444 gallum
508 1386 568 1428 non
595 1370 696 1444 petest
717 1367 778 1428 dici
801 1369 914 1446 erigere
936 1367 1048 1447 digitos
1072 1371 1102 1428 et
1124 1387 1248 1448 ungnes,
1270 1369 1322 1428 sed

171 1472 202 1512 se
229 1455 342 1534 erigere
370 1458 402 1515 in
430 1455 540 1534 digitos
568 1461 600 1516 et
625 1457 657 1516 in
684 1458 829 1533 primores
858 1475 981 1536 ungues.
1028 1458 1077 1517 Sic
1101 1457 1212 1518 Seneca
1235 1459 1321 1536 epist.

174 1547 250 1618 111,
275 1546 293 1604 3
328 1541 399 1604 ‘nou
431 1548 567 1624 exsurgit
597 1548 630 1605 in
657 1547 777 1624 pientes
809 1565 862 1607 uec
898 1548 1022 1607 summis
1055 1546 1189 1607 embulet
1218 1547 1322 1626 digitis

171 1652 274 1693 corum
297 1653 388 1707 more,
411 1637 465 1711 qui
487 1635 642 1695 mendacio
664 1639 812 1696 staturam
835 1635 982 1696 adiuuent
1003 1637 1212 1715 longioresque
1230 1656 1321 1715 quem

170 1727 241 1781 suut
263 1723 360 1782 uideri
377 1719 504 1784 uolunt’.
551 1723 648 1794 Quare
667 1728 737 1785 ente
758 1726 862 1801 dictiue
884 1725 1002 1800 exedit,
1025 1726 1140 1802 opinor,
1162 1727 1210 1786 irc:
1230 1745 1321 1803 porro

170 1812 258 1872 facile
286 1831 302 1872 e
329 1814 439 1873 fitteris
468 1815 563 1874 telitw
591 1814 702 1874 efficias
729 1815 820 1875 altus
846 1833 914 1874 cum
944 1814 1097 1892 Vergilius
1119 1814 1193 1876 Aen.
1208 1816 1236 1874 V
1255 1817 1320 1875 426

170 1901 252 1960 dicet
276 1897 425 1962 ‘constitit
447 1903 478 1961 in
497 1903 608 1981 digitos
627 1905 775 1981 extemplo
794 1908 926 1964 arrectus
945 1899 1082 1981 uterqne'
1101 1923 1201 1983 georg.
1216 1903 1263 1964 ΠΙ
1278 1906 1319 1964 75

171 1985 324 2052 ‘continuo
347 1993 462 2068 pecoris
485 1993 621 2069 generosi
643 1993 745 2070 pullus
768 1993 799 2052 in
830 1996 911 2054 enne
935 1994 1028 2054 eltins
1051 1989 1230 2072 ingreditnr'
1255 1995 1319 2053 553

170 2075 274 2157 ‘ceput
309 2081 401 2141 altitu
438 2077 544 2156 effert',
577 2078 702 2160 ‘erigere
740 2078 813 2142 elte’
852 2083 970 2143 Lucret.
991 2082 1034 2141 IV
1059 2085 1133 2143 404.
1192 2083 1321 2144 Honeste

169 2170 248 2229 sicut
270 2170 353 2248 epnd
375 2170 515 2230 Pleutum
537 2171 612 2230 llud.
628 2173 692 2231 463
718 2167 777 2231 ‘em
803 2173 847 2232 sic
874 2173 943 2232 uolo
967 2175 998 2232 te
1020 2172 1097 2232 serre
1120 2172 1257 2248 honeste,
1284 2176 1321 2232 nt

169 2277 224 2336 ego
255 2259 332 2335 fero,
368 2263 403 2320 nt
438 2260 557 2336 plecoes
593 2257 687 2320 mihi'.
737 2262 886 2321 Primores
912 2261 1028 2321 Nonius
1055 2263 1074 2319 l.
1093 2280 1116 2320 s.
1135 2280 1158 2322 s.
1189 2262 1321 2339 explicat

170 2343 314 2407 ‘summae
342 2367 476 2426 quaeque
504 2345 574 2425 ree',
602 2350 683 2427 quod
709 2350 891 2410 nocebulum
917 2353 1049 2426 pertinet
1070 2347 1258 2417 derdaccvod
1281 2351 1319 2410 ed

170 2435 282 2514 digitos
314 2442 345 2497 et
375 2438 415 2497 ed
446 2457 568 2517 ungues.
619 2438 662 2499 At
689 2439 763 2499 Cato
791 2439 828 2498 'dc
856 2441 922 2518 egri
949 2440 1019 2499 cult.
1039 2458 1103 2516 cep.
1125 2441 1218 2515 19,2
1250 2459 1318 2500 cum

168 2526 283 2586 scribat
306 2521 445 2605 ‘digitum
468 2528 606 2605 pollicem
630 2529 794 2589 laxamenti
816 2524 919 2588 fecitc'
941 2531 992 2604 20,
1012 2530 1030 2587 2
1051 2523 1184 2588 ‘cuniees
1206 2529 1319 2589 solides

168 2615 246 2676 letes
273 2616 400 2694 digitum
428 2618 567 2694 pollicem
594 2614 698 2678 fecito'
724 2619 818 2693 21,2
843 2613 917 2677 ‘lete
944 2617 1055 2696 digitos
1083 2619 1222 2694 primoris
1245 2617 1317 2692 1111,

169 2704 229 2765 elte
261 2705 372 2784 digitos
403 2708 542 2784 primoris
567 2704 635 2782 ΠΡ,
667 2711 794 2784 apparet
825 2725 911 2784 posse
944 2709 1036 2767 etiem
1067 2706 1204 2785 intellegi
1236 2707 1316 2783 apud

168 2793 316 2854 Lucilium
343 2795 380 2855 de
407 2795 504 2857 tribus
531 2797 711 2874 primoribus
734 2796 883 2874 unguibus
907 2795 995 2874 gelli,
1019 2794 1128 2873 quibus
1151 2797 1317 2856 cormarine

168 2888 214 2943 est
244 2886 391 2961 posterior
421 2905 499 2945 uuus
531 2887 583 2962 qui
615 2888 660 2945 est
690 2885 808 2962 polIIcis
835 2885 940 2945 inster.
991 2884 1102 2963 Agitur
1128 2884 1165 2943 de
1190 2885 1317 2945 muliere

168 2991 245 3048 quee
267 2975 396 3051 superbe
418 2975 530 3035 incedit
552 2976 634 3053 gello
656 2975 765 3035 uictori
788 2975 895 3034 similis
918 2974 955 3035 de
978 2992 1038 3051 quo
1061 2973 1177 3033 Aelian.
1196 2973 1233 3033 de
1255 2979 1316 3034 nst.

168 3062 257 3122 enim.
276 3062 320 3121 IV
344 3065 385 3123 29
421 3063 499 3149 μάχῃ
536 3061 568 3125 δὲ
603 3061 771 3146 ἀλεκτρυὼν
801 3061 852 3124 καὶ
883 3067 919 3150 τῇ
950 3062 1026 3144 πρὸς
1057 3059 1147 3124 ἄλλον
1177 3058 1316 3143 ἡττηθεὶς

167 3148 280 3235 ἀγωνία
308 3151 363 3213 cria
390 3148 429 3213 ἂν
456 3148 534 3237 docte
549 3201 555 3213 .
572 3202 577 3212 .
594 3202 599 3212 .
618 3153 766 3235 κρατήσας
792 3151 824 3214 dl
851 3151 962 3235 γαῦρός
988 3150 1049 3214 ἔστι
1075 3149 1126 3213 καὶ
1152 3150 1321 3234 conquest

167 3238 218 3300 καὶ
240 3239 435 3328 κυδρουμίνῳ
457 3239 541 3304 ἔοικε.

257 3322 339 3392 302.
362 3331 478 3392 Nonius
502 3352 536 3392 ex
559 3334 755 3410 gremmetico
777 3352 807 3410 p.
821 3334 874 3408 81,
894 3334 912 3392 5
937 3327 1030 3392 ‘Bues
1058 3333 1212 3408 potionem
1235 3333 1315 3408 posi·

167 3422 232 3479 tum
264 3421 465 3497 paruulorum.
515 3422 612 3482 Varro
643 3420 716 3482 (lete
748 3423 798 3481 uel
829 3422 865 3481 de
897 3421 999 3482 liberis
1031 3419 1191 3481 educendis
1224 3416 1315 3481 “cum

167 3508 265 3568 cibum
287 3528 323 3570 ec
345 3512 498 3587 potionem
520 3511 594 3571 bnes
612 3530 648 3572 ec
670 3530 786 3589 puppas
808 3514 925 3586 nocent,
948 3514 979 3570 et
1000 3513 1128 3570 metrem
1145 3529 1316 3587 mammem,

166 3603 283 3675 petrem
305 3594 435 3659 tetcm’'.
481 3600 615 3661 Lucilius
642 3601 693 3660 lib.
708 3600 783 3660 VIII
806 3618 874 3660 cum
902 3600 1073 3660 uinulentes
1096 3599 1214 3676 diceret,
1237 3602 1315 3660 uini-

167 3688 240 3748 buas
277 3685 467 3768 designauit?
527 3689 713 3750 Vocabulum
750 3688 900 3762 οἰνοπότις
935 3688 1117 3750 Graecorum
1158 3689 1315 3748 transtulit

166 3777 308 3839 Lucilius.
354 3778 550 3839 Vinnleutem
573 3779 727 3838 mulierem
750 3778 948 3856 descripseret
970 3778 1021 3837 lib.
1035 3778 1079 3836 VI
1097 3798 1125 3836 ιι.
1146 3778 1210 3836 238
1234 3778 1314 3852 quod

167 3865 284 3946 egregie
315 3868 389 3928 fecit
419 3872 525 3929 auctor
552 3866 681 3929 Graecus
711 3868 812 3928 Plauti
840 3867 1025 3928 Curculionis
1053 3887 1081 3925 ιι.
1106 3867 1147 3926 96
1172 3884 1252 3942 seqq.
1283 3871 1315 3926 et

166 3958 274 4016 artifex
292 3958 371 4036 signi
390 3957 470 4034 quod
488 3958 574 4035 Scyri
591 3957 705 4018 lectum
723 3961 770 4016 est
786 3957 895 4016 Lucilii
913 3956 974 4016 sere
988 3958 1121 4033 tempore
1136 3953 1313 4031 lepidissimi

167 4048 220 4122 qui
249 4065 342 4107 enum
373 4046 461 4107 fiuxit
490 4047 648 4125 lagoenam
676 4049 741 4107 erte
768 4046 998 4122 circumplexam
1025 4044 1148 4121 Ephem.
1167 4043 1312 4104 ercheeol.

169 4136 252 4196 1891
282 4136 343 4196 tab.
367 4136 393 4194 Χ
421 4128 463 4217 (p.
485 4138 547 4196 145
571 4128 668 4216 seqq.)
705 4154 772 4195 cnm
810 4135 1004 4211 inscriptione
1040 4134 1096 4192 hec
1130 4141 1224 4213 γραῦς
1259 4132 1313 4212 ἣδε

166 4222 326 4305 οἰνοφόρος
347 4221 530 4306 neglegenter]
553 4215 610 4285 ὧδε
632 4223 770 4303 κάθηται.

256 4306 339 4377 303.
360 4315 478 4375 Nonius
496 4335 524 4391 p.
540 4315 614 4390 260,
634 4316 674 4374 27
696 4309 890 4390 Ὃαιιροιιααα,
907 4312 1094 4391 coniungere.
1118 4310 1312 4374 ...Lucilius

165 4406 337 4479 satyrarum
369 4404 419 4463 lib.
439 4404 513 4464 VIII
543 4398 637 4463 “cum
668 4404 755 4481 poclo
787 4401 884 4461 eodm
915 4402 1000 4460 obsec
1032 4402 1195 4480 amplector
1226 4402 1313 4464 lebre

165 4492 278 4552 imeae
304 4512 439 4571 conpone
463 4541 469 4551 .
490 4542 496 4553 .
516 4540 523 4552 .
546 4512 612 4553 cum
642 4495 706 4568 ipsc
732 4495 791 4552 lucc
813 4485 964 4565 poncas”.'
1015 4492 1098 4551 Idem
1125 4512 1154 4568 p.
1170 4494 1248 4567 308,
1269 4496 1309 4553 17

219 4600 305 4643 Lunssll
317 4603 367 4643 rell.
381 4603 416 4642 ed
430 4603 512 4643 Nm.
540 4603 571 4643 IL
1081 4596 1098 4645 8
