3060 5010
555 336 619 391 VIII
637 355 663 390 u.
684 341 833 391 313-315.
1226 337 1288 402 119

138 503 366 579 κοτοκλάζευθυι
392 505 528 589 ῥᾳδίοις.
550 553 555 565 .
577 497 702 588 ,(3313)
725 502 851 566 ἐοικέναι
881 501 913 565 δὲ
941 510 1002 578 τοῖς
1027 507 1209 585 Πυρθικοῖς·
1239 504 1289 566 καὶ

139 592 192 673 γὰρ
219 599 313 674 ταχεῖς
339 588 415 657 εἶναι
445 593 494 656 καὶ
525 593 689 675 εὐδρόμους
721 597 831 673 μᾶλλον
862 603 921 655 τῶν
952 591 1057 655 ἄλλων.
1104 596 1208 675 Veget.
1228 600 1285 656 art.

138 687 230 744 aeter.
245 684 288 743 IV
304 686 322 744 6
344 680 497 746 ‘Curribus
517 684 727 762 Cappadocum
747 684 877 763 gloriosa
895 684 1045 745 nobilitas.
1083 685 1286 762 Hispanorum

138 793 193 849 par
225 775 273 833 uel
305 777 441 851 proxima
472 773 504 833 in
536 775 614 835 circo
646 774 777 834 creditur
805 774 907 850 palma
932 821 938 832 .
959 821 964 832 .
986 821 992 832 .
1016 774 1155 850 quamuis
1185 774 1288 835 Africa

141 863 266 939 Hispani
294 866 448 942 sanguinis
477 863 679 924 uelocissimos
707 866 860 940 praestare
888 858 1095 924 consueuerit'.
1142 863 1218 924 Vide
1249 865 1287 925 ad

138 952 209 1011 XIV
222 973 250 1012 u.
266 954 329 1012 476
345 953 400 1013 XV
415 974 443 1013 3.
459 955 523 1014 306
532 973 613 1030 seqq.
638 948 735 1014 ‘omne
749 952 808 1013 iter
822 948 936 1013 euadIt’
946 952 1059 1031 Vergil.
1070 953 1144 1013 Aen.
1154 952 1212 1013 Xll
1223 955 1286 1014 906

140 1037 215 1102 'tum
238 1042 315 1118 lapis
338 1042 402 1119 ipse
425 1042 483 1102 uiri
508 1090 514 1101 .
535 1089 541 1101 .
562 1089 568 1101 .
591 1061 645 1103 333
673 1041 804 1118 spatium
832 1044 930 1102 euasit
956 1045 1055 1102 totum
1082 1061 1136 1103 neo
1163 1043 1289 1120 pertulit

136 1126 250 1191 ictum’.
296 1131 327 1191 Π
347 1134 411 1193 730
435 1127 623 1209 ‘omnemque
646 1131 770 1191 uidebar
792 1131 922 1192 euasisse
949 1127 1050 1190 uiam’.

227 1212 311 1282 314.
334 1221 449 1282 Nonius
473 1241 501 1297 p.
521 1223 556 1295 4,
577 1224 616 1280 12
648 1216 792 1281 ‘Tolutim
821 1220 931 1280 dicitnr
961 1221 1047 1296 quasi
1080 1221 1207 1280 uolutim
1240 1222 1287 1280 uel

138 1309 319 1370 uolubiliter.
336 1358 342 1369 .
359 1358 364 1369 .
381 1358 386 1369 .
401 1309 481 1370 idem
503 1309 636 1370 Lucilius
660 1313 831 1387 satyrarum
853 1309 903 1369 lib.
924 1309 997 1368 VIII
1013 1357 1018 1368 .
1035 1356 1041 1368 .
1057 1357 1063 1368 .
1082 1310 1159 1369 idem
1186 1305 1287 1371 “uelle

112 1398 260 1462 tolutim
292 1400 341 1459 bic
373 1418 488 1476 semper
519 1402 688 1474 Inceptoras
719 1393 884 1458 uidetur”.'
941 1399 1082 1458 Eiusdem
1118 1398 1187 1458 libri
1224 1418 1287 1461 esse

137 1490 338 1566 fragmentum
357 1489 482 1568 colligas
501 1488 682 1567 comparatis
701 1487 792 1548 Nonii
810 1488 989 1548 testimoniis
1004 1489 1041 1547 ad
1056 1488 1106 1548 lib.
1121 1488 1163 1547 IX
1177 1508 1206 1547 u.
1222 1490 1283 1549 341

137 1577 235 1637 XXVI
253 1598 281 1636 u.
302 1579 381 1638 677:
404 1579 484 1654 quod
506 1581 575 1656 post
593 1578 669 1637 illud
688 1578 889 1655 fragmentum
907 1597 935 1637 3.
956 1579 1019 1637 313
1039 1577 1119 1655 quod
1138 1577 1288 1638 antecedit

136 1668 242 1743 posuit
263 1667 471 1728 Baehrensius.
517 1668 562 1726 De
585 1667 688 1727 ordine
711 1670 812 1727 tamen
835 1669 921 1727 caute
946 1686 999 1727 nos
1022 1666 1129 1727 debere
1154 1667 1286 1728 iudicare

136 1756 265 1816 effioitur
296 1757 373 1817 Non.
397 1777 425 1833 p.
446 1759 509 1817 346
525 1761 597 1816 extr.
636 1752 738 1817 ‘molle
775 1759 990 1833 opportunum,
1028 1756 1180 1835 Vergilius
1212 1757 1286 1816 Aen.

136 1845 187 1904 lib.
206 1845 268 1904 1111
286 1838 382 1926 (423)
407 1842 483 1907 ‘sola
505 1847 564 1905 uiri
590 1841 707 1906 molles’
727 1865 751 1904 e.
771 1867 798 1922 q.
818 1865 840 1906 s.
871 1847 946 1906 idem
973 1837 1125 1926 (sequitur
1143 1845 1186 1904 IV
1206 1840 1286 1927 393)

138 1930 180 1993 ‘et
207 1953 284 2011 quae
306 1934 482 1996 mollissima
509 1936 592 1995 fandi
619 1931 775 2012 tempora’.
821 1934 906 1994 Adde
935 1935 1014 2011 quod
1041 1935 1114 1995 ordo
1143 1935 1286 1997 librorum

136 2024 245 2084 Lucilii
260 2025 291 2084 in
310 2024 366 2085 bac
385 2029 470 2100 parte
484 2024 575 2085 Nonii
592 2026 728 2086 inuersus
743 2027 788 2084 est
802 2017 888 2106 (conf
898 2025 1031 2102 prolegg.
1046 2045 1074 2102 p.
1089 2018 1286 2105 LXXXVIII)

136 2133 232 2190 neque
255 2117 356 2174 tamen
379 2113 415 2173 de
434 2114 537 2174 ordine
556 2113 675 2174 inuersa
694 2114 879 2192 singulomm
899 2114 1030 2174 eiusdem
1049 2113 1118 2173 libri
1137 2115 1286 2192 fragmen·

136 2207 235 2262 torum
263 2202 331 2263 inde
359 2203 519 2279 quicquam
546 2203 658 2280 poterit
685 2202 762 2263 offici
790 2201 871 2278 ideo,
901 2203 980 2279 quod
1008 2203 1085 2264 solet
1112 2203 1227 2264 Nonius
1255 2203 1286 2263 in

137 2292 295 2353 afferendis
314 2292 397 2353 libris
413 2291 557 2351 l—XXII
573 2291 691 2368 Lucilii,
709 2310 777 2352 cum
796 2291 833 2350 de
851 2291 954 2353 eadem
973 2310 1046 2353 3333
1064 2292 1157 2352 alium
1176 2292 1285 2352 librum

136 2381 235 2441 adfert
256 2381 427 2458 praemissis
449 2381 548 2442 uerbis
573 2383 650 2442 idon
677 2382 764 2450 libro,
792 2400 851 2441 non
880 2380 1087 2442 antecedentes
1114 2382 1207 2442 libros
1234 2381 1285 2441 ad·

139 2474 229 2546 ferre,
252 2470 304 2530 sed
327 2474 485 2547 sequentes
508 2463 594 2552 (conf
609 2471 742 2550 prolegg.
761 2490 789 2546 p.
808 2463 955 2550 LXXIX).
1001 2470 1108 2546 Itaque
1131 2469 1232 2531 omnia
1253 2471 1285 2530 in

138 2561 194 2621 bae
217 2561 392 2638 quaestione
415 2564 486 2621 sunt
507 2560 630 2621 incerta.
652 2592 690 2602 -
712 2565 738 2620 et
759 2562 927 2634 tnccplurus
950 2559 1174 2620 Bouterwelrias
1197 2579 1285 2636 quem

135 2650 214 2710 male
251 2649 386 2727 sequitur
418 2650 578 2711 Muellerus
615 2654 646 2709 et
676 2648 889 2723 Baehrensius,
924 2651 978 2710 iter
1009 2653 1161 2722 coepturus
1191 2647 1284 2709 Laeb-

136 2757 272 2814 mannus‚
296 2738 348 2815 qui
371 2739 494 2799 uerbum
517 2740 548 2799 in
572 2740 646 2799 artis
669 2737 816 2799 uocabulo
840 2738 928 2814 quale
951 2741 997 2798 est
1021 2738 1132 2797 tolutim
1159 2737 1286 2798 adnotat

136 2828 224 2888 facile
246 2846 333 2904 posse
356 2829 465 2888 omitti.
502 2828 567 2906 Ego
590 2830 621 2887 in
645 2828 711 2888 1333
734 2831 874 2903 corrupto
897 2827 1082 2903 probabilius
1105 2826 1137 2885 id
1160 2827 1284 2887 uerbum

136 2917 333 2994 supplendum
356 2917 517 2978 esseduco
540 2919 642 2991 313ςὶ
666 2916 786 2977 Inserui.
832 2917 906 2976 uelle
932 2917 1050 2975 uidetur
1077 2920 1112 2975 ut
1136 2916 1284 2995 Vergilius

138 3007 211 3065 Aen.
230 3006 289 3065 XII
309 3008 372 3068 903
398 3003 591 3084 ‘nequiquam
614 3007 718 3066 auidos
737 3005 893 3066 extendere
912 3023 1014 3065 cursus
1032 3005 1111 3065 uelle
1128 3001 1285 3065 uidemur’.

135 3094 194 3174 Agi
217 3096 254 3155 de
277 3115 354 3172 equo
371 3095 507 3173 Hispano
530 3096 674 3173 probatur
697 3096 762 3156 loco
781 3094 871 3154 Plinii
890 3099 950 3156 nat
970 3095 1038 3154 bist.
1058 3094 1132 3154 VIII
1153 3096 1215 3154 166
1242 3090 1284 3155 ‘in

135 3185 238 3245 eadem
261 3184 410 3263 Hispania
433 3185 570 3245 Gallaica
592 3204 666 3264 gens
688 3188 735 3246 est
757 3189 787 3246 et
809 3185 950 3244 Asturica
973 3184 1073 3262 equini
1096 3185 1223 3262 generis.
1252 3184 1283 3243 hi

136 3278 207 3336 sunt
229 3293 303 3350 quos
326 3275 463 3335 eeldones
485 3293 640 3349 nocemus,
664 3275 779 3334 minore
802 3275 899 3335 forma
922 3274 1089 3352 appellatos
1113 3277 1284 3335 asturcones

136 3364 278 3443 gignunt3
301 3363 410 3440 quibus
433 3384 492 3425 non
516 3364 651 3442 uulgaris
674 3364 705 3423 in
729 3383 816 3425 cursu
837 3362 956 3442 gradus,
979 3363 1031 3423 sed
1049 3364 1148 3424 mollis
1167 3364 1284 3424 alterno

136 3473 255 3514 ammm
278 3453 428 3529 explicatu
450 3454 638 3532 glomeratio,
661 3454 740 3514 unde
763 3452 847 3530 equis
868 3452 989 3513 tolutim
1008 3471 1114 3531 capere
1132 3454 1284 3515 incursum

135 3542 267 3603 traditur
290 3537 376 3602 arte'.

62 3637 65 3645 ’
225 3623 309 3692 313.
332 3631 449 3692 Nouius
472 3652 500 3708 p.
521 3633 598 3706 533,
623 3634 663 3691 27
694 3627 851 3706 ‘aarum
883 3631 969 3692 nauis
1002 3636 1047 3692 est
1074 3631 1188 3692 Asiana
1218 3652 1280 3708 per-

135 3721 265 3799 grandis.
286 3766 336 3779 ...
355 3721 489 3781 Lucilius
507 3725 677 3798 satyrarum
695 3721 746 3781 lib.
761 3721 836 3781 VIII
855 3716 982 3781 “uerum
1001 3721 1109 3780 flumen
1129 3722 1174 3779 uti
1193 3724 1284 3797 atque

136 3810 200 3886 ipso
227 3811 353 3870 diuortio
380 3812 473 3885 igneis
499 3809 624 3887 pedibus
651 3828 800 3884 orreorum
830 3815 980 3871 oonacrret
1011 3804 1136 3883 οηιιίτ”.’
1187 3808 1283 3869 Locus

135 3918 314 3979 magnopere
333 3904 489 3976 corruptus
508 3903 539 3959 et
559 3900 758 3975 perturbatus.
792 3898 934 3960 Ceramus
955 3901 1041 3959 nauis
1064 3917 1170 3958 nomen
1194 3897 1285 3958 babet

135 3989 305 4049 Herodotus
323 3988 382 4048 VII
402 3990 443 4048 97
467 3985 666 4068 τριηκόντεροι
688 3984 721 4048 δὲ
743 3986 794 4049 καὶ
816 3985 1041 4068 πεντηκόντεροι
1061 3984 1111 4046 nat
1129 3983 1284 4065 κέρκουροι

135 4075 186 4138 καὶ
206 4075 364 4159 ἱππαγωγὰ
386 4080 475 4138 πλοῖα
498 4076 609 4157 μακρά,
634 4077 811 4138 adhibuerat
833 4076 1000 4137 Dinarchus
1024 4079 1144 4137 auctore
1167 4075 1282 4154 Harpo—

135 4170 268 4228 cratione
283 4188 311 4243 p.
328 4168 401 4241 109,
417 4167 493 4227 98Β
508 4163 667 4245 κέρκουρος
683 4159 763 4238 εἶδός
781 4189 809 4226 τι
828 4164 912 4238 νεώς·
928 4166 1089 4245 Δείναρχος
1105 4168 1283 4248 Τυρρηνικῷ

136 4256 233 4326 Quare
252 4257 450 4316 Baehrensius
464 4256 497 4316 L.
512 4256 672 4316 Muellerus
691 4259 722 4316 et
739 4256 819 4332 apud
837 4255 986 4316 Lucilium
1005 4259 1036 4315 et
1054 4254 1133 4332 apud
1152 4255 1283 4315 Nonium

135 4364 284 4422 cercyrm
297 4345 478 4422 scripserint,
497 4363 556 4404 non
570 4344 666 4424 magIs
680 4345 822 4423 Intellego
842 4363 932 4422 quam
951 4344 1030 4422 quod
1044 4344 1136 4403 Plinii
1155 4344 1283 4405 editores

136 4440 196 4494 nat.
215 4435 284 4496 hist
303 4434 362 4494 VH
378 4437 441 4496 908
462 4434 585 4496 eandem
604 4439 765 4495 seruarant
782 4433 916 4496 codicum
934 4436 1112 4512 scripturam
1135 4435 1188 4512 qui
1210 4434 1283 4496 haec
