3036 5004
581 360 695 415 xxvm
714 380 741 416 u.
762 367 912 419 111-111.
1256 363 1321 430 267

172 528 274 591 Graec.
293 531 324 590 H
346 535 361 590 1
383 525 500 611 [1889]
525 552 553 608 p.
574 523 661 614 344).
712 532 848 592 Panaetii
876 533 1042 595 doctrinam
1075 534 1321 611 deprehendimus

171 620 232 680 iam
256 620 305 679 lib.
325 621 424 680 XXVI
442 640 471 680 u.
493 622 570 681 738:
593 620 717 681 eundem
742 643 830 699 quem
852 622 991 684 Laertius
1010 624 1158 703 Diogenes
1182 625 1322 702 exprimit

172 712 346 788 scriptorem
368 711 502 771 Lucilius
525 713 659 788 sequitur
681 713 737 772 hoe
760 711 836 772 libro
859 732 909 773 uu.
931 714 994 772 754
1005 732 1086 790 seqq.

262 792 343 861 743.
367 801 482 861 Nonius
501 821 529 877 p.
550 803 623 877 492,
645 803 684 861 22
710 796 870 862 ‘Soractem
893 823 946 878 pro
973 807 1131 863 senectute.
1168 803 1320 882 Vergilius

169 889 220 948 lib.
240 890 283 949 VI
308 885 410 950 “uires
438 891 518 949 ultra
546 894 714 967 sortemque
742 888 912 954 senectae''.
962 892 1095 953 Lucilius
1120 893 1171 951 lib.
1190 893 1320 953 XXVIII

171 974 435 1057 “prospiciendum
459 1000 529 1058 ergo
552 982 582 1039 in
601 987 714 1040 senecta
732 1001 810 1041 nune
828 983 1032 1043 adulescentia
1051 977 1140 1042 est'’.'
1177 988 1321 1043 senectam

169 1072 248 1129 recte
281 1069 396 1144 Dousa,
426 1071 465 1135 ¹(ab
497 1072 624 1129 inseruit
652 1070 869 1131 Lachmannus.
925 1070 1088 1150 comparat
1120 1073 1319 1133 Buechelerus

169 1158 243 1219 Mus.
264 1158 357 1218 Rhen.
375 1159 475 1219 XLIII
496 1160 580 1218 1888
600 1180 628 1236 p.
645 1162 708 1220 293
728 1164 758 1219 et
777 1161 895 1221 Biantis
914 1161 1026 1222 dietum
1046 1181 1092 1240 ap.
1112 1162 1199 1240 Diog.
1219 1162 1317 1222 Laert.

168 1248 255 1307 188.
269 1246 393 1325 ἐφόδιον
416 1244 475 1309 ἀπὸ
498 1249 634 1326 νεότητος
656 1248 698 1321 εἰς
725 1259 817 1330 γῆρας
840 1247 1028 1330 ἀναλάμβανε
1052 1251 1170 1328 σοφίαν.
1199 1250 1318 1330 βεβαιό-

168 1359 252 1418 τερον
275 1336 330 1418 γὰρ
353 1345 439 1398 τοῦτο
462 1346 521 1398 τῶν
539 1335 636 1398 ἄλλων
663 1338 819 1417 κτημάτων
847 1344 878 1399 et
901 1342 979 1401 Pers.
999 1341 1026 1395 V
1047 1342 1088 1400 64
1118 1337 1221 1418 ‘petite
1249 1343 1319 1401 hino

168 1430 311 1505 puerique
335 1446 477 1504 senesque
500 1429 588 1488 finem
617 1431 717 1488 animo
745 1434 858 1490 certum
885 1430 1058 1507 miserisque
1086 1431 1197 1490 uiatica
1225 1427 1317 1491 canis'

167 1517 218 1576 ubi
242 1516 434 1578 Gasaubcnus
457 1521 488 1577 et
506 1518 624 1578 Biantis
646 1520 811 1579 sententiae
833 1538 946 1579 memor
968 1521 1028 1579 fuit
1051 1524 1081 1580 et
1103 1522 1191 1581 huius
1214 1540 1318 1581 uersus

167 1606 286 1666 Lucilii.
339 1603 438 1686 ‘Inopi
469 1610 603 1668 metuens
631 1609 756 1669 formica
783 1605 930 1669 senectae'
959 1609 1071 1689 Vergil.
1092 1629 1190 1688 georg.
1209 1611 1225 1668 I
1246 1612 1317 1669 186.

258 1687 339 1758 744.
371 1698 488 1757 Nonius
517 1718 545 1773 p.
567 1700 684 1773 249‚3
720 1694 938 1775 ‘Committerc‚
975 1700 1080 1759 facere.
1105 1699 1318 1760 ...Lucilius

167 1785 217 1844 lib.
237 1786 367 1845 XXVIII
392 1782 584 1847 “commouet
604 1835 609 1846 .
626 1835 631 1846 .
649 1835 654 1846 .
674 1784 776 1847 sibi'’.’
824 1789 942 1849 Auams
971 1789 1108 1850 adsidens
1136 1809 1221 1849 arcae
1249 1809 1318 1849 nus·

167 1895 258 1952 quam
276 1876 381 1952 pedem
400 1880 556 1954 promouet
575 1879 679 1937 auxius
699 1877 734 1937 de
752 1899 784 1936 rc
804 1897 858 1938 sua
872 1898 967 1955 neque
986 1878 1154 1939 committet
1167 1882 1201 1938 ut
1215 1883 1318 1957 pereat

169 1965 227 2024 sibi
250 1968 410 2042 quiequam
429 1966 465 2026 de
488 1969 615 2044 pecunia
638 1970 786 2047 congesta.
824 1968 999 2029 Commouet
1017 1988 1047 2028 se
1066 1988 1225 2047 nusquam:
1248 1969 1317 2029 uide

167 2055 205 2114 ad
224 2055 274 2114 lib.
294 2056 393 2115 XXVI
411 2078 439 2116 u.
460 2059 532 2116 674.

258 2136 339 2207 745.
363 2147 480 2206 Nonius
498 2166 526 2222 p.
547 2148 620 2220 379,
642 2148 681 2206 18
708 2142 887 2225 ‘Religiosos
906 2168 1023 2225 quoquc
1042 2148 1105 2209 dies
1124 2149 1249 2208 infames
1268 2150 1317 2208 uel

165 2233 358 2295 infaustos..
376 2282 382 2293 .
397 2236 530 2295 Lucilius
548 2236 598 2294 lib.
618 2236 749 2296 XXVIII
767 2229 826 2318 (ita
845 2238 887 2296 L:
906 2238 1052 2297 XXVIIII
1067 2231 1109 2320 G)
1130 2233 1232 2298 “anno
1252 2257 1315 2298 ccr-

166 2328 239 2383 tentc
262 2324 325 2384 dies
348 2325 418 2385 tetri
442 2326 543 2386 miseri
566 2345 601 2385 ae
619 2321 797 2404 religiosi”.'
835 2328 966 2386 uertenti
984 2328 1204 2402 Louloumnenos,
1228 2331 1316 2402 recte,

165 2433 235 2474 nam
259 2417 305 2474 cst
327 2434 382 2490 pro
405 2414 569 2475 adiectiu0:
592 2434 671 2475 anuo
694 2418 829 2476 uertente
849 2415 908 2476 Oic.
927 2436 982 2493 pro
1002 2416 1118 2486 Quinct.
1138 2418 1180 2475 40
1200 2416 1235 2476 de
1254 2419 1315 2476 nat.

166 2504 244 2563 deor.
263 2504 294 2563 H
314 2506 354 2564 53
371 2504 459 2563 alibi:
483 2505 612 2564 feruenti
630 2505 707 2565 ferro
727 2505 776 2564 lib.
796 2505 843 2564 III
861 2525 889 2563 u.
911 2508 973 2564 145
997 2506 1123 2566 laetanti
1145 2507 1178 2564 iu
1200 2508 1315 2566 sumine

164 2593 208 2651 IV
226 2613 255 2652 u.
277 2596 338 2653 176
368 2595 468 2654 animo
496 2594 660 2672 trepidanti
688 2595 769 2654 XXX
788 2615 816 2653 u.
839 2596 924 2655 1000
956 2594 1007 2654 ubi
1040 2595 1114 2654 codd
1146 2596 1314 2670 trepidante.

165 2683 320 2743 Iudicatur
346 2687 454 2744 mensis
482 2684 637 2744 Februarii
664 2703 733 2762 pars
762 2685 858 2744 altera
886 2704 944 2761 quo
972 2688 1105 2761 tempore
1135 2687 1221 2745 eraut
1252 2684 1315 2745 dies

165 2773 334 2848 parentales
354 2767 516 2856 (Wissowa
536 2775 572 2833 de
590 2775 735 2852 religione
754 2778 784 2833 et
803 2775 884 2833 cultu
903 2795 931 2850 p.
951 2775 985 2833 R.
1004 2795 1032 2850 p.
1054 2767 1132 2855 187)
1152 2775 1187 2833 de
1207 2773 1314 2850 quibus

165 2859 251 2921 Ouid.
271 2862 339 2923 fest.
358 2864 390 2923 Π
410 2865 473 2923 557
485 2882 565 2941 seqq.
595 2859 677 2923 ‘dum
705 2868 804 2923 tamen
837 2866 909 2924 hacc
941 2863 1029 2938 fiunt,
1063 2864 1170 2923 uiduae
1202 2869 1314 2925 cessate

164 2953 296 3028 puellae:
321 2956 455 3030 expectet
477 2973 567 3030 puros
590 2956 680 3029 pinea
702 2954 791 3013 taeda
814 2954 884 3013 dies.
922 2972 976 3013 nec
999 2954 1063 3028 tibi,
1090 2973 1166 3030 quae
1189 2953 1314 3030 cupidae

164 3044 283 3102 matura
305 3042 444 3102 uidebere
467 3045 567 3119 metri,
591 3047 689 3103 comat
711 3045 863 3121 uirgineas
886 3043 974 3102 hasta
996 3062 1121 3104 recures
1148 3062 1247 3103 comas
1263 3091 1268 3102 .
1285 3091 1313 3103 ..

164 3131 194 3190 di
224 3151 340 3209 quoque
363 3133 543 3210 templorum
566 3134 680 3194 foribus
704 3134 836 3193 celentur
859 3134 984 3210 opertis,
1014 3137 1079 3192 ture
1101 3137 1210 3192 uacent
1235 3152 1313 3209 arae,

163 3223 302 3297 stentque
326 3221 389 3282 sine
412 3223 481 3301 igne
504 3218 574 3283 ioci’
604 3223 711 3300 quibus
734 3243 782 3281 uu.
807 3223 869 3283 dies
897 3223 1028 3302 religiosi
1057 3223 1103 3282 illi
1131 3223 1312 3283 indicantur.

163 3311 267 3371 Annus
286 3313 364 3370 euim
383 3332 479 3373 nouus
497 3313 604 3389 incipit
622 3313 782 3373 secundum
801 3314 906 3390 populi
923 3314 1094 3389 opinionem
1112 3314 1165 3372 illo
1180 3316 1312 3390 tempore

163 3400 280 3460 Martiis
313 3401 455 3462 Kalendis
493 3395 707 3484 (Mommsenus
744 3403 780 3462 de
816 3405 880 3462 iure
915 3401 1035 3479 publico
1058 3423 1087 3480 p.
1111 3404 1144 3462 R.
1169 3402 1184 3462 I
1208 3401 1243 3461 ed
1266 3402 1313 3462 HI

164 3484 281 3570 [1887]
300 3511 328 3567 p.
350 3492 423 3566 600,
444 3495 485 3550 1.

254 3572 336 3642 747.
362 3484 478 3641 Noniui
501 3602 529 3658 p.
551 3585 624 3657 175,
644 3584 684 3643 32
715 3579 906 3642 ‘sarcinator
957 3580 1090 3642 Lucilius
1113 3582 1164 3641 lib.
1183 3580 1313 3641 XXVIII

165 3663 402 3730 “sarcinatorem
422 3717 427 3728 .
448 3718 454 3730 .
475 3718 480 3729 .
501 3667 667 3748 optume’'.'
716 3672 837 3746 Optume
860 3672 987 3732 formam
1010 3671 1067 3731 hoo
1089 3671 1154 3732 loco
1177 3670 1258 3731 tradi
1280 3672 1312 3730 in

163 3757 238 3817 codd
270 3760 477 3820 memorabile:
510 3763 545 3820 ut
571 3779 742 3836 pessumum
763 3760 814 3821 lib.
833 3760 948 3820 XXVII
966 3780 994 3818 u.
1017 3762 1088 3821 702.
1138 3760 1249 3839 Agitur
1276 3759 1312 3818 de

163 3864 249 3906 seruo
272 3846 407 3907 mendaci
430 3852 460 3908 et
482 3854 638 3929 negatore,
661 3851 761 3910 exibat
784 3869 886 3910 uersus
915 3850 967 3926 qui
994 3849 1189 3909 antecedebat
1215 3849 1311 3909 ueluti

164 3940 189 3995 1ο
211 3939 277 3995 scio.
316 3934 451 3997 Contulit
468 3938 571 3998 Dousa
588 3939 685 3999 Plaut.
707 3940 791 4017 Epid.
812 3940 875 3999 455
902 3935 1000 4016 ‘proin
1018 3943 1051 3999 tu
1071 3939 1162 3998 elium
1185 3958 1311 4015 quaeras

163 4027 211 4084 cui
239 4027 377 4086 centones
405 4023 536 4087 sarcias’.
586 4028 725 4088 Facetiae
757 4032 827 4089 sunt
854 4028 972 4087 Atticae
1003 4029 1141 4107 originis:
1173 4029 1310 4089 Aeschin.

163 4119 255 4175 contr.
271 4114 400 4192 Ctesiph.
419 4118 479 4175 166
500 4117 798 4197 φορμορραφούμεθα
817 4117 897 4196 quod
915 4119 1132 4196 interpretatur
1150 4119 1312 4180 scholiasta

162 4201 228 4264 cirri
250 4212 304 4265 τοῦ
327 4204 529 4285 ουρράτττουσί
549 4228 626 4280 τινες
648 4201 720 4266 καθ’
744 4202 830 4285 ἡμῶν
848 4205 1012 4287 πράγματα,
1035 4204 1094 4268 ἀπὸ
1112 4216 1165 4286 τῆς
1183 4206 1310 4289 φόρμοο.

162 4294 279 4375 φόρμος
296 4293 351 4375 γὰρ
370 4292 480 4375 λέγεται
498 4294 530 4356 τὸ
549 4297 705 4371 ψιαθῶδες
722 4293 844 4377 πλέγμα.
876 4296 1013 4374 Aeschyl.
1025 4297 1080 4377 Ag.
1094 4300 1178 4357 1575
1190 4297 1216 4356 Κ
1230 4295 1310 4380 κάγὼ

161 4383 276 4457 δίκαιος
298 4384 384 4444 τοῦδε
407 4392 460 4445 τοῦ
482 4384 580 4463 φόνου
604 4385 717 4466 ῥαφεύς
740 4385 792 4446 ubi
815 4386 1020 4446 Blomfieldius
1048 4389 1152 4448 attulit
1174 4387 1309 4449 Homeri·

163 4492 229 4534 eum
251 4475 327 4534 illud
349 4472 425 4534 κακὰ
448 4474 569 4555 ῥάπτειν
589 4479 620 4536 Σ
638 4477 700 4536 367
725 4477 790 4537 Ter.
810 4477 928 4537 Phorm.
949 4479 1011 4539 491
1038 4474 1149 4542 ‘metuo
1172 4479 1307 4540 lenonem
