3060 5010
219 323 282 389 16ss
658 320 722 384 xm
740 338 766 374 u.
787 325 936 375 sss-scr.

216 493 255 552 ld.
271 493 386 558 Tullius
414 492 450 552 de
478 511 508 551 re
536 491 657 568 publica
687 488 746 567 [lib.
762 490 824 548 ΙΙΙ
845 485 900 550 “et
929 509 987 550 uon
1013 508 1131 565 prosper
1154 484 1211 569 011]
1235 484 1365 551 oratio”.

218 587 248 642 et
270 584 301 641 in
325 581 375 641 lib.
390 581 433 640 VI
453 573 498 662 (2,
518 572 593 661 2M)
617 574 770 639 “Laeli’'
796 583 850 639 etc.
870 571 988 660 (lunius
1008 575 1058 639 ‘M.
1074 578 1189 639 Tullius
1208 579 1245 639 de
1263 580 1365 658 repub.

216 673 292 732 libro
315 670 359 730 Vl
390 665 497 730 “extat
528 672 625 730 oratio
658 662 765 751 (oratio
789 672 879 729 crstat
910 660 1075 748 Mercerus)
1105 663 1224 728 Laelii’'
1238 661 1271 749 ’.)
1322 670 1367 730 Dc

218 760 326 821 Samiis
353 761 434 822 uasis
461 761 532 820 conf
557 759 595 818 ad
623 759 673 819 lib.
688 758 747 817 VII
766 780 793 817 0.
811 761 883 820 280.
930 758 1028 819 Ρ1001.
1049 757 1132 818 Stich
1152 759 1216 818 693
1248 753 1366 835 ‘quibus

216 850 342 910 diuitiae
370 850 450 910 domi
478 851 561 923 sunt,
591 848 712 925 scaphio
740 851 771 925 et
793 847 943 908 cantharis
967 847 1092 909 batiocis
1115 846 1234 922 bibunt,
1258 851 1291 908 at
1313 868 1366 909 nos

217 943 320 1001 nostro
344 938 476 999 Samiolo
495 933 622 1015 poterio'
643 937 702 998 cic.
722 929 776 1014 pro
794 938 870 997 Mur.
887 939 927 996 75
952 932 971 995 ἵ
988 981 1016 996 ..
1036 935 1069 1007 Q.
1084 936 1209 997 Tubero.
1250 937 1280 998 Is
1299 957 1365 997 cum

218 1030 339 1106 apulum
377 1027 410 1099 Q.
433 1029 581 1087 Maximus
618 1027 649 1085 P.
672 1024 810 1087 Africani
835 1073 841 1084 .
862 1073 867 1084 .
891 1073 896 1084 .
922 1028 1041 1087 nomine
1082 1027 1193 1104 populo
1232 1027 1366 1087 Romano

216 1118 315 1193 daret,
342 1122 464 1197 rogatus
485 1136 574 1176 ...a
594 1116 739 1192 Maximo,
766 1119 801 1176 ut
827 1117 992 1176 triclinium
1020 1118 1234 1177 sterneret...
1258 1117 1367 1177 strauit

216 1207 364 1284 pelliculis
395 1207 531 1268 haedinis
561 1205 684 1266 lectulos
717 1205 883 1266 Punicanos
916 1208 947 1266 et
978 1205 1114 1284 exposuit
1142 1225 1215 1266 uasa
1245 1201 1365 1266 Samia’.

216 1297 298 1358 Vasa
321 1297 422 1357 Samia
444 1300 563 1357 terrena
581 1287 673 1356 etiam
691 1296 782 1354 Plinii
804 1297 937 1372 tempore
956 1289 999 1354 ‘iu
1018 1295 1175 1373 esculentis
1193 1291 1365 1357 laudantur’

217 1380 292 1467 (nat.
312 1387 380 1447 hist.
399 1385 510 1446 XXXV
531 1377 618 1467 160),
641 1386 729 1446 nauti
751 1388 849 1445 aetate
868 1385 989 1445 Lucilii:
1013 1385 1089 1445 addc
1112 1384 1150 1446 ad
1172 1384 1242 1444 Her.
1262 1386 1305 1444 IV
1325 1386 1365 1445 61

217 1480 289 1537 extr.
332 1474 444 1536 Gutum
464 1474 597 1535 Samium
616 1477 762 1535 memorat
779 1474 854 1535 Gall.
873 1474 960 1534 XVII
980 1476 1009 1548 8,
1030 1476 1057 1535 5.
1095 1474 1141 1534 De
1159 1474 1239 1535 uasis
1258 1475 1366 1535 Samiis

216 1565 321 1629 Isidor.
340 1566 414 1644 orig.
433 1565 488 1624 XX
507 1566 536 1638 4,
556 1566 585 1624 3.
610 1565 637 1623 6.
662 1596 706 1605 -
728 1567 871 1640 curtoque
902 1560 1016 1641 catino]
1040 1563 1121 1624 Pers.
1140 1562 1184 1623 IV
1209 1566 1250 1624 52
1275 1558 1367 1625 ‘noris

218 1674 307 1731 quam
326 1656 366 1715 sit
383 1653 440 1713 tibi
463 1656 548 1714 curta
571 1649 714 1730 supellex’
733 1653 821 1713 Lucr.
835 1653 879 1712 IV
896 1655 980 1714 1096
1005 1649 1098 1714 ‘dolia
1119 1649 1214 1714 curta’
1235 1653 1368 1732 appellat

218 1745 375 1822 amphoras
399 1744 517 1803 urinam
541 1762 617 1820 quaa
640 1744 762 1821 capiant
784 1743 965 1803 meientium.
1386 1788 1393 1793 -

307 1825 391 1893 446.
414 1831 530 1893 Nonius
554 1852 589 1891 ex
610 1832 805 1912 grammatico
823 1854 851 1910 p.
874 1834 945 1909 151,
967 1835 1006 1892 12
1028 1828 1206 1904 Ῥο0000100,
1230 1832 1367 1902 exoluta

217 1923 362 1984 sacculus.
384 1921 582 1983 ...Lucilius
609 1921 660 1981 lib.
680 1920 754 1980 XIII
782 1917 881 1981 “adde
901 1969 951 1982 ...
971 1922 1144 2000 pasceolum
1171 1918 1365 1983 maram?

217 2011 328 2092 Agitur
350 2011 386 2071 de
410 2010 594 2085 hominibus,
621 2013 673 2087 qui
695 2013 811 2088 optima
839 2030 973 2089 quaeque
1001 2011 1126 2072 diuersis
1154 2032 1170 2072 a
1197 2011 1367 2092 regionibns

218 2120 364 2162 arcessere
391 2102 488 2162 solent
510 2099 630 2160 delicati
659 2102 690 2159 et
716 2102 883 2178 sumptuosi
908 2094 1018 2181 (Varro
1042 2104 1096 2161 sat.
1120 2101 1251 2179 Menipp.
1271 2102 1367 2162 40³ss

217 2190 325 2252 Athen.
345 2190 405 2249 VII
422 2211 450 2268 p.
471 2190 571 2250 2781)
600 2189 746 2266 Theophr.
775 2190 943 2250 charactb
968 2210 996 2266 p.
1017 2190 1138 2251 370111
1162 2189 1242 2268 Lips.
1267 2181 1367 2272 1897)
1398 2209 1401 2214 ·

216 2279 316 2341 ueluti
339 2278 519 2340 Trimalchio
543 2279 677 2341 Petronii
700 2270 778 2361 (cap.
799 2271 855 2362 38)
881 2273 1000 2339 ‘amatas
1024 2299 1041 2337 a
1064 2280 1193 2340 Tarento
1217 2282 1299 2355 emit
1314 2325 1320 2338 .
1337 2325 1365 2337 ..

218 2387 290 2447 apes
313 2369 351 2428 ab
369 2368 496 2429 Athenis
518 2368 607 2430 iussit
629 2368 738 2444 afferri,
757 2414 763 2427 .
780 2414 808 2427 ..
828 2370 948 2446 scripsit
969 2372 1006 2429 ut
1026 2388 1130 2428 ...ex
1153 2369 1241 2428 India
1268 2388 1367 2430 semen

219 2458 385 2519 boletorum
409 2453 599 2519 mitteretur’.
645 2458 681 2517 Iu
706 2457 809 2518 Sicilia
831 2457 968 2534 inprimis
992 2460 1105 2518 corium
1127 2458 1218 2519 fiebat
1242 2457 1367 2518 bouum:

218 2547 326 2609 Strabo
344 2547 389 2607 VI
407 2568 435 2625 p.
455 2550 519 2608 973
530 2551 602 2608 extr.
627 2550 768 2608 καλοῦσιν
786 2545 881 2626 αὐτὴν
898 2551 1018 2626 ταμεῖον
1035 2555 1088 2625 τῆς
1104 2538 1227 2626 Ῥώμης·
1251 2548 1363 2626 κομίζε-

217 2660 265 2697 ται
287 2634 342 2718 γὰρ
366 2634 401 2697 τὰ
423 2636 564 2717 γινόμενα
589 2629 686 2698 πάντα
713 2634 792 2715 πλὴν
819 2633 925 2717 ὀλίγων
953 2644 1012 2697 τῶν
1039 2634 1149 2698 αὐτόθι
1176 2633 1367 2716 ἀναλισκομέ-

219 2749 281 2788 νων
305 2727 405 2805 δεῦρο·
429 2734 520 2793 ταῦτα
543 2718 571 2786 d’
596 2723 675 2788 ἕστ1ν
698 2723 934 2806 0100100μο1
957 2724 1061 2805 μόνον,
1084 2722 1157 2786 ἀλλὰ
1181 2723 1231 2786 aul
1258 2726 1367 2805 βοσκή-

218 2838 294 2893 ματα
316 2813 366 2875 καὶ
389 2812 515 2896 δέρματα
538 2813 588 2877 καὶ
610 2813 673 2894 ἔρια
695 2812 745 2876 aul
772 2813 807 2875 τὰ
834 2823 961 2876 τοιαῦτα.
1010 2814 1068 2875 Gic.
1088 2815 1171 2876 Verr.
1190 2815 1260 2875 115
1286 2810 1366 2875 ‘nam

218 2904 281 2965 siue
304 2905 367 2965 ullo
390 2909 511 2983 sumptu
534 2907 636 2967 nostro
659 2905 761 2981 coriis,
783 2906 892 2967 tunicis
915 2905 1125 2980 frumentoque
1147 2904 1367 2983 suppeditando

218 2995 363 3055 maximos
396 2996 540 3056 exercitus
572 2997 689 3056 nostros
718 2989 862 3055 uestiuit’.
913 2994 1069 3071 Syracusis
1100 2994 1179 3073 sola,
1206 2994 1225 3053 i.
1248 3014 1272 3054 0.
1303 2995 1368 3055 0010

218 3084 407 3162 Syracusana
433 3086 468 3143 ut
496 3085 599 3144 incert.
622 3104 652 3143 u.
678 3085 761 3143 1976
792 3079 941 3162 ‘Aegypto
974 3078 1090 3164 sargus’
1125 3078 1284 3160 ‘hospitem
1312 3085 1365 3144 Za-

102 3178 113 3205 *
219 3169 340 3251 cyntho’
360 3174 457 3233 Plaut.
477 3174 564 3233 Marc.
586 3175 659 3249 940,
679 3168 872 3250 ‘Periphanes
890 3173 996 3235 Rhodo
1014 3168 1172 3234 mercator'
1190 3173 1272 3234 Asin.
1293 3176 1366 3234 499.

220 3263 367 3338 Optimam
394 3262 531 3340 supplcui
560 3264 595 3323 ut
622 3261 696 3324 Cato
724 3262 760 3322 da
789 3281 850 3342 agr.
870 3264 940 3324 cult.
962 3264 1024 3323 135
1055 3257 1179 3337 ‘Itomae
1206 3262 1288 3325 dolia
1307 3309 1312 3320 .
1333 3309 1366 3322 ..

219 3351 337 3431 tagulae
361 3371 396 3411 ex
418 3351 550 3413 Venafro
570 3353 713 3432 ...iuga
735 3352 898 3413 Romanica
921 3354 1036 3431 optima
1059 3347 1157 3413 erunt’
1173 3372 1197 3412 0.
1212 3373 1240 3430 q.
1255 3372 1277 3413 s.

308 3432 392 3503 447.
415 3440 531 3501 Nonius
554 3461 582 3518 p.
602 3443 676 3518 495,
698 3443 739 3500 14
763 3437 848 3502 ‘Fors
872 3445 902 3502 01
924 3443 1047 3502 fortuna
1068 3443 1126 3503 hoc
1150 3442 1278 3504 ouant:
1300 3432 1367 3523 {fors

219 3532 264 3590 est
287 3548 372 3591 casus
395 3531 578 3607 temporalis,
601 3532 723 3592 fortuna
746 3531 801 3591 dea
824 3533 891 3608 ipsa
914 3533 959 3591 ast
974 3577 980 3590 .
996 3577 1002 3590 .
1018 3578 1024 3590 .
1039 3531 1174 3593 Lucilius
1197 3534 1367 3609 satyrarum

219 3620 269 3679 lib.
289 3618 364 3679 XIII
387 3615 461 3679 “cui
476 3667 482 3678 .
498 3667 504 3678 .
521 3667 527 3680 .
542 3616 648 3681 fors'’.'
681 3621 793 3681 Parilis
815 3620 994 3682 uocabulum
1012 3640 1072 3681 uon
1095 3621 1216 3682 uidetur
1237 3620 1375 3681 inueniriv

219 3711 288 3769 ante
302 3708 459 3770 Lucilium.
491 3709 757 3789 Loca-significat
774 3729 867 3787 genus
885 3710 985 3771 nobile
1004 3713 1035 3771 01
1050 3710 1183 3772 ordinem
1197 3711 1366 3772 honestum:

220 3797 278 3858 cic.
298 3797 378 3861 Lael.
400 3801 441 3859 94
475 3794 575 3861 ‘multi
607 3803 707 3859 autem
735 3797 926 3860 Gnathonum
958 3801 1070 3862 similes
1102 3819 1171 3861 cum
1201 3803 1261 3860 sint
1292 3801 1367 3877 loco,

218 3889 347 3964 fortuna,
369 3890 451 3949 fama
473 3883 650 3968 superiores’
665 3909 689 3948 0.
704 3908 732 3965 q.
747 3908 768 3950 s.
806 3889 839 3949 Si
862 3909 921 3950 non
945 3889 1094 3969 integrum
1116 3891 1162 3950 001
1179 3890 1366 3950 enuntiatum

219 3977 299 4055 quod
321 3978 377 4039 hoc
400 3998 487 4040 uersu
511 3979 688 4053 continetur,
712 3979 765 4038 aut
781 3997 844 4054 par
867 3980 1046 4056 sequebatur
1067 3980 1099 4037 in
1123 3981 1259 4057 sequenti
1276 3998 1367 4040 uersu

220 4062 277 4127 001
294 4068 389 4127 0100140
412 4067 606 4128 uocabulum:
629 4069 656 4129 si
677 4067 830 4147 integrum
852 4071 906 4144 est,
929 4069 1010 4146 quod
1028 4072 1074 4130 est
1091 4067 1284 4146 probabilius,
1306 4087 1366 4129 me·

218 4155 276 4216 lius
300 4157 358 4215 erit
379 4160 475 4232 sutram
497 4157 606 4216 habere
628 4176 683 4234 pro
706 4159 846 4234 genetiuo
871 4159 983 4235 plurali
1006 4178 1095 4236 quam
1118 4157 1211 4218 tacite
1230 4158 1266 4217 ad
1286 4161 1366 4233 sutas
1439 4157 1440 4160 ’

221 4244 361 4305 uocabuli
379 4249 582 4307 accusatiuum
596 4247 726 4322 parilem
744 4248 883 4325 supplere
902 4248 950 4308 uel
969 4247 1007 4309 01
1025 4249 1122 4321 sctum
1138 4250 1237 4308 neutri
1250 4248 1366 4326 generis

219 4353 254 4392 ax
282 4334 468 4396 antecedenti
490 4337 597 4411 parile.
622 4369 663 4377 —
683 4335 756 4395 tulit
782 4332 857 4417 fors]
891 4338 952 4398 fors
981 4357 999 4395 a
1025 4337 1146 4397 ferendo
1178 4336 1272 4398 dicta:
1300 4337 1366 4397 Ter.

219 4423 336 4483 Phomn.
359 4425 420 4484 138
455 4421 546 4504 ‘quod
577 4425 638 4485 fors
674 4425 764 4500 feret,
801 4426 929 4487 feremus
965 4445 1062 4504 aequo
1099 4423 1210 4488 animo’
1245 4425 1366 4488 Sallust.
