3060 5010
229 352 272 418 64
668 351 706 406 III
723 369 751 406 u.
772 355 921 407 130-132,

227 541 332 600 parere
367 516 516 601 magistri'
549 520 836 597 Pallad.lV12,2
870 518 907 581 de
938 519 1047 580 bubus:
1086 515 1123 581 ‘si
1159 520 1254 581 nimia
1288 521 1380 580 fuerit

228 608 386 688 asperitas'
403 659 409 670 .
425 659 431 669 .
447 659 453 669 .
469 613 489 670 4
505 606 656 687 ‘asperum
669 611 775 671 bouem
789 613 944 670 mansueto
955 656 962 669 .
973 657 979 669 .
992 657 997 669 .
1008 606 1192 689 coniungas'.
1218 609 1380 687 comparat

228 703 319 778 poeta
341 720 430 778 eques
453 719 598 777 equorum
620 700 843 760 amantissimus
866 702 897 759 et
923 701 1123 776 peritissimus
1150 718 1258 777 copam
1285 718 1380 776 equae

228 791 392 852 indomitae
424 792 513 851 sicuti
545 791 684 850 similiter
715 789 788 849 iecit
816 788 867 848 lib.
887 788 969 847 XXX
987 810 1015 848 u.
1036 791 1119 849 1041
1133 809 1194 867 seq.
1227 789 1279 848 ubi
1311 789 1380 849 uide

230 900 306 957 quae
334 880 552 940 adnotauimus.
604 877 680 938 GAF
699 879 730 938 Π
751 899 781 956 p.
801 879 875 954 285,
895 878 964 938 aK:
995 875 1097 951 τελέως
1129 873 1156 958 μ’
1190 876 1328 958 ὑπῆλθεν
1359 874 1379 957 ἡ

228 968 390 1049 κατάρατος
422 966 589 1049 μαστροπός
620 966 813 1047 ἐπομνύονσα
845 965 899 1027 τὰν
929 966 1033 1048 Κόραν
1064 966 1119 1028 τὰν
1143 962 1294 1049 Ἄρτεμιν,
1325 965 1380 1028 τὰν

232 1056 440 1139 Φερρέφατταν
458 1055 498 1131 ὡς
517 1057 652 1137 δάμαλις,
671 1054 711 1130 ὡς
728 1053 890 1138 παρθένος,
909 1053 949 1129 ὡς
967 1060 1065 1129 πῶλος
1084 1054 1181 1137 ἀδμής
1200 1062 1231 1118 et
1250 1060 1379 1136 interpp.

230 1149 268 1208 ad
294 1149 366 1208 Hor.
391 1148 575 1208 carm.123
597 1148 676 1207 Π5.
721 1147 866 1222 Praeoox‚
902 1148 938 1206 ut
970 1143 1069 1225 ὄμφαξ
1097 1147 1197 1206 APV
1217 1151 1268 1224 19,
1288 1149 1317 1207 3.
1337 1179 1378 1188 -

229 1237 429 1299 Pmecedebat
449 1241 483 1298 ολ
500 1255 582 1313 equa.

323 1319 404 1388 131.
428 1325 580 1387 Charisius
604 1324 689 1386 GLI
711 1346 739 1403 p.
762 1327 812 1402 ⁷2,
832 1325 895 1384 6Κ.
942 1319 1083 1404 ‘Lignum
1106 1326 1299 1405 singulariter
1321 1325 1379 1384 dici

229 1436 345 1495 semper
368 1416 455 1476 debet
476 1419 508 1476 in
531 1416 731 1476 multitidine.
768 1414 843 1474 Cato
867 1414 1024 1493 Originum
1037 1415 1053 1474 I
1068 1461 1074 1474 .
1090 1461 1097 1474 .
1112 1461 1118 1475 .
1133 1414 1266 1475 Lucilius
1279 1415 1378 1475 111...

229 1506 309 1566 idem
331 1508 363 1565 in
386 1506 490 1566 eodem
512 1507 596 1584 ligna
617 1505 776 1583 pluraliter
798 1504 872 1564 dicit
899 1499 1039 1564 “oludott
1064 1504 1096 1563 hi
1123 1506 1207 1582 ligna
1233 1499 1378 1564 uidete’'.'

229 1596 394 1674 Vulgatam
415 1596 575 1656 lectionem
599 1589 732 1655 ‘student
753 1595 786 1653 hi
808 1596 892 1672 ligna
914 1588 1027 1654 uidcre’
1048 1613 1138 1670 quam
1156 1596 1268 1671 recapit
1285 1593 1379 1653 Lach-

230 1704 356 1745 mannus
378 1703 439 1743 non
462 1685 659 1761 repudiarem,
682 1686 708 1744 si
731 1683 821 1743 codex
844 1702 904 1743 non
926 1682 1050 1743 haberat
1072 1683 1148 1744 illud
1166 1684 1268 1744 uidete
1300 1683 1379 1742 Nam

230 1774 409 1834 uocabulum
440 1775 540 1834 uidere
572 1773 689 1852 egregie
722 1773 893 1850 appositum
924 1775 970 1833 est
1001 1773 1039 1832 ad
1076 1792 1164 1833 cenae
1201 1776 1379 1851 apparatum

231 1862 468 1924 describendum:
506 1861 564 1922 (lic.
588 1863 652 1922 Att.
677 1862 704 1918 V
730 1864 805 1938 1,3
850 1857 896 1921 ‘ut
936 1861 1095 1940 prandium
1131 1862 1217 1923 nobis
1251 1857 1379 1923 uiderct’

230 1952 465 2013 Tuscul.11146
482 1947 625 2030 ‘potionis
640 1952 754 2028 aliquid
767 1952 922 2011 uideamus
937 1954 967 2011 at
980 1948 1050 2012 cibi’
1066 1952 1183 2013 Terent
1198 1952 1305 2013 Heaut
1315 1953 1379 2011 459

232 2038 326 2102 ‘aliud
352 2041 449 2101 lenius
478 2042 562 2102 sodes
594 2037 673 2101 uide’
707 2034 840 2124 (irinum)
873 2062 961 2118 quem
992 2060 1079 2102 usum
1110 2042 1251 2102 uocabuli
1280 2043 1382 2102 uidere

231 2134 396 2210 agnoscunt
418 2131 449 2190 in
477 2131 598 2192 traditis
625 2132 706 2208 apud
728 2131 833 2191 Horat.
857 2131 1114 2207 carm.120,10
1137 2131 1189 2191 ubi
1211 2131 1281 2190 uide
1304 2149 1380 2207 quae

233 2221 372 2281 Hertrius
406 2221 571 2281 adnotauit.
623 2221 735 2281 Tamen
766 2223 863 2281 uidete
894 2220 997 2295 codex,
1029 2238 1132 2281 uersus
1164 2220 1267 2281 durim
1296 2220 1382 2280 breui

231 2310 348 2389 syllaba
382 2313 451 2370 ante
482 2311 599 2371 studeret
628 2312 758 2370 tolerata
789 2307 873 2391 (uide
905 2309 956 2370 lib.
975 2310 1018 2369 IX
1045 2331 1073 2369 u.
1101 2312 1164 2370 375
1192 2310 1225 2370 L.
1245 2310 1382 2370 Muelleri

231 2401 258 2458 d.
281 2420 305 2459 r.
328 2392 382 2459 ιιι.2
403 2420 433 2477 p.
454 2393 546 2481 386):
583 2418 675 2476 quara
712 2400 926 2460 Buechelerum
959 2399 1034 2459 Mus.
1065 2399 1158 2459 Rhen.
1184 2399 1270 2459 XLII
1294 2401 1379 2459 1887

231 2510 259 2566 p.
279 2490 344 2549 473
367 2490 466 2549 locum
483 2488 653 2550 emendasse
672 2489 801 2550 arbitror
819 2491 872 2566 qui
891 2492 1045 2566 comparat
1062 2488 1135 2549 Hor.
1155 2507 1239 2549 serm.
1257 2490 1274 2549 1
1293 2491 1322 2563 5,
1337 2490 1378 2548 46

232 2575 350 2638 ‘uillula
372 2581 485 2638 tectum
507 2578 646 2656 praebuit
669 2582 699 2639 et
721 2578 845 2657 parochi
868 2598 944 2656 quae
970 2578 1078 2638 debant
1104 2578 1188 2658 ligna
1215 2573 1379 2655 salemque’

232 2666 291 2727 Cic.
310 2667 375 2729 Aet.
393 2667 422 2723 V
443 2670 493 2744 16,
513 2670 532 2728 3
558 2663 644 2729 ‘scito
667 2687 727 2729 non
750 2668 837 2729 modo
860 2686 914 2728 nos
937 2668 1058 2727 faenum
1083 2671 1138 2728 aut
1164 2668 1244 2745 quod
1271 2689 1287 2728 e
1315 2669 1381 2746 lega

230 2757 309 2817 Iulia
332 2756 399 2816 dari
421 2759 498 2818 solet
520 2777 580 2819 non
604 2758 745 2836 accipere,
768 2758 819 2818 sed
841 2777 879 2818 ne
900 2759 984 2835 ligna
1007 2754 1148 2835 quidem’.

323 2838 405 2907 132.
428 2847 544 2908 Nonius
567 2869 596 2926 p.
616 2849 729 2922 216,5
759 2843 879 2908 ‘Ostrea
905 2847 1022 2925 generis
1051 2845 1195 2907 feminini.
1246 2845 1380 2906 Lucilius

231 2938 402 3013 satyrarum
424 2937 475 2996 lib.
493 2937 541 2996 111
565 2933 689 2997 “ostrea
712 2983 718 2995 .
739 2983 745 2997 .
766 2984 772 2995 .
797 2932 950 3015 peloris”.'
998 2934 1211 2997 Gradationem
1233 2935 1265 2995 in
1292 2954 1380 2996 uersu

232 3026 452 3103 elegantissime
475 3027 640 3102 composito
662 3028 759 3088 inesse
782 3028 876 3103 patet,
898 3027 1006 3103 incipit
1030 3045 1048 3086 a
1069 3026 1292 3103 pretiosissimis
1312 3044 1379 3085 con·

232 3114 347 3189 chyliis‚
370 3116 432 3173 exit
454 3116 486 3173 in
510 3115 691 3175 uilissimum
713 3134 819 3195 genus:
842 3117 913 3176 conf
929 3115 1059 3176 Martial.
1078 3115 1122 3174 VI
1142 3117 1193 3191 11,
1213 3116 1231 3174 5
1257 3110 1304 3174 ‘tu
1321 3113 1380 3173 Lu-

232 3204 315 3262 crina
336 3221 435 3278 ueras,
456 3222 505 3263 me
527 3204 625 3281 pascit
643 3223 756 3281 aquosa
774 3200 895 3283 peloris'
915 3205 942 3264 X
962 3207 1052 3279 37,5
1078 3200 1138 3263 ‘An
1152 3251 1159 3264 .
1175 3249 1181 3262 .
1197 3251 1203 3263 .
1218 3206 1313 3264 satius
1328 3250 1334 3263 .
1351 3250 1379 3262 ..

232 3291 348 3352 credis.
365 3339 370 3350 .
386 3338 393 3351 .
407 3293 522 3352 fatuam
541 3312 657 3354 summa
677 3314 782 3355 cenare
800 3294 934 3373 pelorida
952 3313 1055 3355 mensa
1074 3341 1081 3354 .
1097 3341 1103 3351 .
1120 3341 1125 3352 .
1145 3297 1244 3354 ostrea
1258 3293 1380 3354 Baianis

232 3401 323 3458 quam
345 3400 403 3442 non
427 3382 555 3445 liuentia
578 3383 665 3443 testis
685 3380 772 3443 ...λ’
797 3377 920 3467 (Athen.
939 3385 955 3443 Ι
977 3404 1005 3460 p.
1025 3383 1077 3444 40
1099 3383 1316 3462 Alciphr.12,
1337 3376 1380 3464 2).

231 3470 331 3531 Media
354 3474 399 3531 est
411 3490 552 3547 purpura
570 3493 648 3550 quac
666 3471 778 3534 Graece
796 3472 938 3554 πορφύρα
955 3476 1082 3533 uocatur
1099 3475 1148 3534 uel
1166 3476 1287 3550 pelopia
1304 3476 1381 3533 teste

232 3559 330 3621 Plinio
352 3563 414 3620 nat.
437 3560 506 3621 bist.
525 3562 569 3622 IX
589 3565 650 3622 131
676 3563 728 3640 qui
746 3582 894 3641 purpuras
913 3582 932 3622 a
949 3564 1070 3640 murice,
1093 3564 1144 3640 qui
1163 3563 1271 3624 Latine
1289 3563 1381 3622 etiam

231 3648 382 3727 bucinum,
401 3648 511 3711 Graece
532 3649 625 3732 κήρνξ
649 3651 767 3729 dicitim,
786 3653 946 3731 distinguit
964 3645 998 3734 (l.
1016 3671 1039 3712 a.
1060 3653 1132 3712 125.
1154 3645 1241 3735 130).
1278 3650 1381 3711 Latini

232 3743 339 3818 poetae
361 3740 454 3802 simili
476 3740 564 3800 modo
587 3761 648 3802 non
669 3742 813 3802 uidentur
839 3741 1021 3802 distinxisse:
1050 3761 1120 3802 nam
1148 3745 1250 3820 aperte
1278 3741 1380 3802 eadem

231 3829 292 3890 tria
314 3830 388 3890 haec
410 3848 519 3909 genera
542 3830 764 3908 conchyliorum
790 3834 944 3892 enumerat
966 3831 1110 3893 Horatius
1133 3849 1219 3892 serm.
1237 3831 1270 3891 11
1288 3833 1319 3906 4,
1338 3833 1379 3892 32

234 3914 356 3980 ‘murice
378 3919 493 3980 Baiano
516 3920 622 3980 melior
643 3919 773 3980 Lucrina
795 3921 919 3998 peloris,
946 3923 1045 3983 ostrea
1068 3916 1189 3983 Circeis’
1218 3920 1270 3981 ubi
1297 3921 1380 3981 scho-

232 4008 323 4070 liasta
344 4003 470 4089 murice]
496 4005 547 4092 ‘spi
563 4009 720 4093 πορφυρέῳ
739 4002 880 4093 (Aristot.
899 4012 968 4071 hist.
988 4031 1035 4071 an.
1054 4011 1081 4069 V
1103 4012 1143 4071 15
1163 4031 1191 4088 p.
1212 4010 1302 4071 5465
1322 4003 1379 4093 32)

233 4099 312 4174 quod
343 4097 423 4176 apud
453 4100 543 4159 Baias
574 4095 726 4160 nascitur'.
782 4099 945 4161 Abstinent
976 4101 1055 4160 enim
1087 4102 1246 4177 scriptores
1278 4098 1380 4158 Latini

232 4189 350 4263 praeter
380 4187 512 4247 Ennium
543 4180 724 4269 (haduphag.
748 4191 791 4248 44
800 4181 843 4271 V)
896 4190 1046 4250 Lucilium
1078 4189 1209 4249 Plinium
1239 4205 1381 4263 prepara

232 4276 361 4335 conchae
384 4276 502 4337 nomine
524 4280 646 4355 propter
667 4278 903 4358 ambiguitatem.
940 4280 985 4338 De
1003 4282 1113 4339 morice
1130 4279 1201 4337 uide
1220 4276 1258 4336 ed
1276 4276 1379 4335 incert.

232 4384 260 4422 ιι.
282 4366 376 4425 1210.
421 4364 534 4424 Peioris
555 4387 571 4426 e
595 4365 709 4427 Graeca
730 4370 836 4447 lingua
858 4369 980 4429 ductum
1003 4386 1065 4428 esse
1087 4367 1185 4427 Varro
1208 4367 1381 4426 auctorest

233 4453 269 4513 de
291 4454 311 4513 l.
330 4453 396 4513 Lat.
415 4453 443 4509 V
464 4457 514 4530 77,
541 4455 661 4516 dubitat
687 4458 723 4517 de
751 4458 934 4536 etymologia
960 4458 1066 4517 Pollux
1084 4455 1128 4515 VI
1148 4457 1204 4532 63,
1230 4454 1381 4516 Nicander
