3036 5004
553 383 656 439 xxvn
674 402 701 439 u.
723 387 872 442 roi-roe.
1221 384 1288 449 255

230 545 311 616 704.
334 553 450 614 Nonius
473 575 501 632 p.
519 555 612 631 27,6
639 549 811 613 ‘Strabones
840 556 910 613 sunt
937 552 1075 631 strombi,
1108 572 1182 630 quos
1209 573 1288 614 nunc

139 644 273 704 dicimus.
299 691 304 702 .
321 689 326 702 .
343 691 349 702 .
368 642 502 704 Lucilius
521 643 573 704 lib.
586 642 701 702 XXVII
720 639 820 701 “nulli
836 689 841 701 .
858 689 864 701 .
880 689 886 702 .
901 638 1072 702 istorum”.'
1111 642 1287 704 Strabonem

138 734 202 793 fieri
225 733 404 794 locutionem
428 752 446 791 a
464 733 581 793 Lucilio
600 735 754 793 mutuatus
773 735 819 793 est
836 732 932 792 Varro
952 735 1006 792 sat.
1026 732 1155 810 Menipp.
1177 733 1287 792 176B:

138 822 245 883 Graeci
273 823 377 882 dicunt
403 820 616 899 ἐποφθαλμιᾶν
647 820 893 899 ἐποφθαλμίζεινε
923 823 995 882 conf
1020 821 1101 880 Suid.
1125 841 1147 881 s.
1166 842 1196 881 u.
1220 819 1288 882 ἐπο-

139 912 325 990 φθαλμίοας·
359 911 518 988 φθονήσας
546 908 566 990 ἢ
594 908 815 989 ἐπιθυμητικῶς
847 908 995 989 ἐπιβαλών
1026 906 1055 971 ‘d
1086 907 1119 970 δὲ
1151 909 1224 971 ἰδὼν
1255 910 1287 971 τὸ

137 1001 259 1082 χρυσίον
286 999 479 1085 ἕποφθαλμιᾷ
507 1004 546 1083 τῷ
570 995 749 1084 ἀνθρώπῳέ
781 999 893 1061 chent.
912 1001 927 1059 I
949 1005 967 1060 7
976 1004 1020 1075 ,1
1055 997 1288 1079 ἐπωφθολμίοσε

138 1095 178 1175 τῷ
201 1095 307 1173 χρυσῷ.
349 1091 457 1149 Adfert
480 1090 582 1150 Dousa
604 1089 675 1149 Hor.
695 1092 780 1167 epist.
799 1090 814 1148 I
836 1093 890 1166 14,
910 1092 950 1149 37
977 1086 1048 1150 ‘non
1075 1092 1144 1149 istic
1166 1089 1287 1166 obliquo

138 1182 224 1241 oculo
248 1199 314 1240 mea
337 1180 491 1239 commoda
514 1182 673 1255 quisquam
694 1180 790 1254 limat,
813 1199 872 1240 non
896 1179 964 1240 odio
987 1178 1111 1240 obscuro
1129 1198 1288 1256 morsuque

137 1265 288 1329 uenenat'.
334 1269 444 1329 Lucilii
470 1270 498 1328 h.
514 1289 541 1327 u.
561 1271 674 1346 recepit
700 1269 734 1327 lt.
749 1269 922 1329 Foersterus
951 1269 981 1327 in
1009 1268 1078 1329 edit.
1103 1268 1288 1346 Scriptorum

138 1359 347 1438 Physiognom.
367 1359 398 1418 H
416 1379 445 1436 p.
462 1359 534 1418 321.

229 1441 310 1510 706.
333 1448 449 1508 Nonius
476 1469 504 1526 p.
526 1449 603 1523 289,
629 1451 669 1507 12
699 1443 892 1523 ‘Deductum,
929 1448 1125 1508 delectatione
1157 1448 1287 1508 ductum.

139 1538 341 1598 ...Lucilius
364 1538 414 1597 lib.
429 1538 543 1597 XXVH
570 1530 684 1620 (XXVI
703 1530 746 1619 G)
775 1532 864 1597 “illoc
893 1539 1038 1598 oculi...
1057 1532 1183 1615 repit’'.'
1230 1538 1288 1596 Illo

138 1632 217 1687 recte
244 1628 361 1703 Iunius,
388 1627 485 1687 Plaut.
509 1627 636 1687 Mostell.
664 1628 748 1687 1069
776 1628 827 1686 illo
858 1626 1086 1702 Ambrosianus,
1118 1628 1184 1687 illoc
1211 1627 1287 1686 falso

137 1717 283 1792 Palatini,
315 1717 415 1776 Aulul.
437 1719 499 1777 705
534 1712 616 1775 ‘nam
648 1719 682 1774 ut
715 1716 826 1775 dudum
857 1717 927 1775 hinc
958 1716 1031 1792 abii,
1064 1718 1192 1776 multum
1215 1717 1289 1776 illuc

140 1798 198 1888 (ito
221 1807 322 1877 DVE,
344 1806 408 1867 illic
427 1799 471 1887 B)
496 1806 603 1865 adueni
621 1800 725 1883 prior’,
750 1806 801 1865 ubi
819 1807 870 1865 illo
889 1806 1024 1866 editores.
1065 1807 1156 1866 Recte
1177 1809 1289 1884 nogant

139 1896 210 1956 ferri
233 1914 318 1973 posse
341 1897 402 1955 illic
424 1895 599 1955 aduerbium
626 1914 681 1972 pro
704 1896 876 1973 pyrrhichio
906 1898 1037 1971 positum
1061 1895 1113 1954 ubi
1136 1897 1181 1955 illi
1202 1897 1287 1955 resti·

138 1989 260 2045 tuerunt
278 1986 373 2045 ueluti
392 1984 509 2063 Captiu.
530 1987 592 2044 278
614 1986 680 2045 aliis
698 1986 772 2045 locis
796 2003 870 2062 quos
888 1986 1002 2046 indicat
1022 1984 1115 2045 OFW
1127 1985 1288 2045 Muellerus

139 2076 175 2134 de
193 2075 294 2134 Plauti
312 2075 428 2152 prosod.
448 2095 476 2151 p.
492 2076 565 2134 331.
602 2074 662 2153 Agi
680 2074 800 2134 uidetur
820 2075 856 2135 de
875 2094 975 2134 amore
993 2075 1125 2134 mulieris
1144 2076 1288 2135 formosa:

139 2166 215 2224 oculi
250 2166 409 2234 deducunt,
444 2167 481 2223 ut
516 2167 606 2241 poeta
642 2163 840 2241 Pompeianus
874 2163 955 2224 OLH
974 2164 1005 2223 H
1028 2185 1056 2242 p.
1081 2166 1159 2240 431,
1184 2164 1288 2223 934Β

140 2249 198 2313 ‘me
224 2255 320 2314 oculei
347 2273 494 2331 posquam
521 2252 690 2313 deducxstis
718 2255 750 2312 in
777 2249 898 2332 ignem'.
932 2272 1012 2331 spes,
1034 2254 1186 2330 potiundi:
1210 2249 1288 2332 ‘spes

141 2343 259 2403 facilem
281 2342 432 2402 Nemesim
456 2343 584 2419 spondet
606 2337 692 2401 mihi’
716 2342 824 2401 Tibull.
839 2343 870 2401 H
889 2344 919 2416 6,
939 2346 988 2402 27.

229 2425 311 2494 707.
334 2432 449 2493 Nonius
471 2452 500 2509 p.
517 2434 590 2507 213,
610 2434 651 2491 32
672 2427 810 2492 ‘Messem
828 2434 943 2510 generis
963 2431 1107 2508 feminini,
1124 2432 1288 2492 masculino

140 2522 274 2582 Lucilius
298 2521 348 2580 lib.
363 2522 476 2580 XXVH
500 2517 624 2598 “potius
648 2540 739 2597 quam
760 2541 820 2580 non
843 2540 983 2596 mopnum
1005 2539 1065 2581 csso
1086 2541 1145 2581 non
1158 2522 1289 2595 probaui

138 2613 305 2672 indonadia
338 2605 397 2693 (ita
423 2610 463 2670 L:
489 2612 587 2685 probo
617 2612 804 2671 condensatio
841 2609 875 2680 G,
907 2611 1057 2670 windonis
1088 2603 1287 2691 impressi)''.'

139 2702 234 2762 Audis
257 2701 407 2762 Lucilium
429 2701 592 2780 agricolam
615 2704 646 2760 et
668 2718 874 2778 possessorem.
916 2699 1112 2760 consociatur
1132 2701 1235 2760 messis
1259 2704 1289 2760 et

139 2791 292 2850 uindemia
314 2792 379 2869 lege
402 2792 522 2869 agraria
546 2790 806 2866 01L1200,95
832 2785 920 2866 ‘quae
948 2792 1051 2849 messis
1079 2790 1288 2866 uindemiaque

140 2880 171 2939 P.
182 2880 319 2941 Cornelio
333 2879 366 2939 L.
378 2879 539 2955 Οοῑςιννιιὶο
549 2875 625 2954 οοο.’,
641 2878 770 2938 Gratiar.
785 2880 863 2940 actio
879 2878 1031 2939 Constant.
1046 2879 1123 2958 Aug.
1135 2872 1237 2960 (VHI)
1248 2882 1287 2939 13

140 2965 179 3030 ‘si
205 2972 311 3031 horrea
337 2970 440 3030 messis
467 2969 632 3046 implesset,
660 2971 687 3029 si
714 2968 866 3028 uindemia
888 2969 1095 3044 redundasset,
1118 2970 1144 3028 si
1167 2968 1288 3029 oliuitas

141 3061 226 3139 larga
248 3056 407 3119 fluxissot’:
431 3055 546 3136 ἀμητοῦ
568 3054 632 3138 <ἢ>
654 3066 800 3139 τοογητοῦ
823 3054 908 3130 ὄντος
937 3060 1069 3118 restituit
1091 3058 1288 3118 Buechelerus

140 3150 171 3208 in
204 3150 238 3208 R.
258 3149 402 3209 Schoenei
433 3148 567 3209 Philonis
599 3148 787 3208 mechanicae
819 3150 953 3224 syntaxis
985 3147 1055 3207 edit.
1080 3148 1176 3207 Berol.
1203 3150 1287 3208 1393

140 3259 168 3317 p.
186 3240 236 3314 96,
257 3240 307 3299 30.
348 3238 416 3298 Non
435 3239 531 3313 proba
550 3238 711 3314 uindemio,
729 3240 806 3298 sicut
826 3237 924 3296 Plaut.
944 3237 1019 3296 Rud.
1041 3239 1104 3298 373
1125 3233 1289 3314 ‘improbae

141 3332 210 3389 sunt
237 3324 359 3388 merces'
388 3328 454 3387 Liu.
469 3328 581 3387 XXXH
601 3330 668 3403 2,2
694 3323 864 3406 ‘argentum
884 3327 1080 3405 ...probum
1113 3347 1173 3388 non
1205 3323 1288 3387 esse'.

141 3418 236 3478 Nemo
267 3423 331 3478 tam
363 3418 485 3477 insanus
518 3420 575 3493 est,
607 3420 642 3477 ut
674 3417 756 3476 dicat
788 3412 930 3476 ‘incultus
961 3417 1055 3477 horno
1087 3420 1191 3494 pereat
1218 3436 1290 3495 ager

141 3510 251 3583 potius,
269 3527 359 3584 quam
377 3526 436 3567 non
455 3527 565 3586 magno
583 3526 686 3583 messe,
705 3526 764 3567 non
787 3506 881 3585 proba
899 3506 1051 3567 uindemia
1068 3507 1155 3566 ludat
1168 3526 1289 3584 operam

140 3592 339 3656 rusticorum’.

233 3679 314 3747 708.
338 3686 453 3746 Nonius
471 3707 500 3764 p.
516 3689 590 3762 477,
610 3689 651 3747 29
672 3682 848 3746 ‘Adiutatur
865 3705 920 3764 pro
940 3685 1065 3745 adiutat.
1091 3684 1290 3746 ...Lucilius

142 3774 322 3834 sumn
345 3770 423 3835 “nec
442 3823 448 3834 .
465 3823 470 3835 .
487 3822 492 3834 .
512 3794 621 3836 usuros
644 3780 670 3834 et
689 3822 695 3833 .
711 3823 717 3834 .
734 3823 740 3834 .
759 3770 857 3835 diu”.'
903 3772 1046 3835 Adiutori
1072 3793 1126 3850 pro
1154 3775 1290 3833 adiutare

142 3865 170 3924 ei
200 3865 257 3924 soli
288 3864 447 3942 scriptores
478 3864 619 3924 uidentur
647 3865 799 3942 scripsisse
827 3883 901 3940 quos
928 3864 1027 3923 adfert
1052 3863 1168 3923 Nonius
1195 3863 1214 3920 l.
1230 3882 1251 3922 s.
1266 3881 1289 3922 s.

143 3953 252 4013 Sensus
274 3953 394 4012 uidetur
412 3972 475 4013 esse
496 3955 559 4014 hic:
582 3973 636 4013 nec
654 3973 768 4031 agium,
792 3955 818 4012 si
836 3953 926 4029 paulo
945 3955 1043 4012 minus
1062 3971 1171 4031 magno
1189 3953 1290 4011 fructu

143 4044 261 4105 adiuuit
284 4043 437 4103 dominum
459 4062 513 4120 per
535 4044 645 4103 multos
669 4061 771 4117 annos,
798 4042 865 4102 ideo
889 4045 1061 4102 contemnas
1085 4042 1136 4101 sed
1159 4043 1289 4121 corriges

143 4136 262 4212 oportet
293 4133 399 4192 melius
431 4132 566 4192 colendo:
599 4150 704 4206 usura,
736 4135 772 4191 ut
802 4128 888 4191 Ouid.
913 4150 984 4190 rem.
1008 4149 1064 4190 am.
1091 4133 1153 4191 173
1188 4127 1289 4191 ‘obrue

143 4226 263 4284 uersata
295 4222 429 4282 Cerealia
464 4224 578 4282 semina
613 4226 707 4297 terra,
744 4239 820 4297 quae
856 4220 913 4279 tibi
945 4240 1011 4281 cum
1043 4221 1138 4281 multo
1169 4221 1290 4282 faenore

143 4314 326 4463 ιΡθάὼι7οιοζῗ
327 4334 464 4463 Γ1070111115
500 4422 528 4479 p.
552 4403 629 4477 196,
656 4403 696 4462 18
731 4396 886 4461 ‘cumam
918 4393 1067 4484 (cartham
1097 4395 1141 4483 L)
1174 4404 1289 4480 3099Γίδ

143 4493 288 4553 feminini.
334 4494 492 4553 masculini
514 4492 647 4553 Lucilius
675 4492 725 4551 lib.
740 4491 855 4551 XXVH
879 4486 954 4551 “ucc
980 4493 1022 4551 sic
1044 4491 1095 4550 ubi
1119 4493 1219 4570 graeci
1238 4538 1244 4551 .
1260 4537 1289 4552 ..
1339 4582 1346 4599 .
