3060 5010
232 334 298 398 246
656 330 746 386 xxvi
764 349 790 385 u.
811 335 960 384 era-arr.

234 506 300 564 6616
324 523 414 582 poma
437 504 473 563 de
496 520 581 563 sacra
603 502 679 560 nulli
704 498 813 561 6116116
841 519 904 560 6666
932 496 1004 559 616’.
1050 500 1187 578 Languet
1214 519 1281 582 6661
1309 499 1384 559 11166

233 595 343 654 doctior
369 612 458 668 quam
485 594 569 653 ceteri
596 591 628 650 in
655 592 711 650 hac
739 592 900 664 sententia,
927 594 992 649 tum
1018 591 1130 649 locutio
1158 593 1250 649 mutes
1276 591 1383 664 aliquo.

234 684 339 760 Neque
362 682 470 742 melius
492 682 653 741 Muellerus
678 676 806 740 ‘doctior
828 700 919 756 quam
941 681 1032 740 ceteri
1055 679 1095 739 sis
1118 682 1149 738 et
1167 682 1263 739 mutes
1282 678 1384 756 aliquo

234 777 333 833 tecum
356 775 453 833 661166
475 774 571 831 166166
594 765 695 829 ditias'
720 772 774 846 qui
794 771 827 828 in
848 770 944 828 tribus
963 771 1102 829 extremis
1121 769 1220 829 uerbis
1238 769 1383 828 Duentce·

233 883 300 923 rum
324 866 369 922 eat
392 864 518 922 6666166.
564 860 680 918 Vellem
704 860 871 918 accuratius
895 862 1062 919 enarrasset
1090 878 1124 918 ea
1151 858 1251 918 uerba.
1295 858 1385 918 Adie-

233 953 346 1012 ctiuum
366 951 475 1010 666661
494 951 599 1009 melius
618 967 672 1025 pro
691 949 864 1026 praedicato
882 951 1023 1025 ponetur:
1042 954 1157 1008 mutare
1175 949 1278 1008 eodem
1296 947 1384 1008 modo

235 1041 440 1119 accipiendum
468 1039 598 1100 arbitror
624 1043 715 1115 atque
738 1039 835 1099 Plaut.
855 1039 1004 1114 Amphitr.
1026 1040 1089 1097 274
1119 1033 1225 1115 ‘neque
1252 1056 1284 1098 se
1313 1039 1384 1097 luna

234 1150 386 1208 quoquam
408 1124 529 1189 mutat’.
552 1128 726 1188 -doctior
754 1148 845 1204 quam
875 1131 981 1188 ceteri:
1009 1129 1053 1188 ita
1080 1129 1179 1188 doctus
1206 1128 1384 1189 uocabulum

234 1238 446 1297 saepenumero
479 1219 604 1280 Plautus
636 1217 774 1277 adhibuit
806 1212 960 1298 (Bacchid.
981 1219 1045 1278 694
1080 1213 1126 1277 ‘ut
1161 1237 1261 1278 senem
1296 1218 1384 1278 hodie

234 1310 355 1370 doctum
373 1309 459 1369 docte
477 1300 608 1389 fallas'):
632 1303 681 1367 ‘ab
701 1307 804 1366 amicis
823 1310 919 1367 mutes
938 1308 1039 1383 aliquo
1058 1310 1089 1367 te
1108 1327 1175 1366 cum
1193 1310 1286 1367 satias
1304 1308 1385 1367 facta

235 1395 297 1473 ait’,
324 1401 416 1460 661166
439 1400 521 1457 facta
543 1401 579 1456 ut
601 1397 763 1456 ’1661166
785 1397 848 1455 973
874 1392 937 1456 ‘ubi
960 1399 1054 1458 satias
1077 1397 1176 1475 666611
1203 1398 1281 1472 fieri,
1308 1416 1385 1457 com·

234 1491 320 1548 muto
342 1483 460 1548 locum'.

324 1570 408 1638 675.
426 1576 542 1636 Nonius
560 1595 589 1652 p.
605 1576 679 1650 351,
700 1578 718 1635 2
739 1569 876 1651 ‘mutare
895 1576 1107 1652 derelinquere.
1143 1575 1295 1654 Vergilius
1316 1594 1385 1631 *a*

235 1659 388 1749 (lacurnam
414 1669 526 1741 factam
551 1667 654 1725 statuit
680 1664 844 1724 Muellerus
872 1667 905 1724 ui
931 1666 1023 1739 fallor
1049 1657 1180 1747 primus)
1208 1661 1386 1744 (Lucilius)

234 1755 285 1816 lib.
300 1755 399 1815 XXVI
428 1750 526 1818 “mihi
554 1753 675 1832 quidem
697 1773 756 1813 non
779 1755 976 1832 persuadetur
1002 1755 1135 1833 publices
1164 1746 1222 1835 (ita
1249 1755 1288 1831 L,
1310 1756 1386 1830 pub

230 1843 385 1921 6116660,
413 1843 569 1923 Bamberg.
593 1841 755 1904 6106666.
780 1844 854 1905 codd
881 1844 994 1904 habeut
1015 1847 1128 1919 pulices
1152 1845 1230 1921 quod
1254 1844 1387 1904 defendit

237 1934 383 1995 Smithius
401 1935 529 1994 Ameria.
547 1934 646 1994 Iourn.
666 1935 700 1993 of
719 1933 826 1994 Philol.
841 1934 927 1994 XXII
948 1936 1029 1995 1901
1051 1955 1080 2011 p.
1096 1937 1139 1994 44
1158 1925 1253 2015 seqq.)
1273 1937 1385 1994 mutem

236 2019 363 2085 meos''.’
396 2024 543 2101 Intellego
561 2040 647 2099 apros
655 2025 806 2099 publicos:
825 2023 884 2084 016.
899 2024 936 2084 66
950 2043 991 2084 or.
1005 2024 1037 2083 H
1053 2025 1115 2083 284
1132 2019 1234 2101 ‘quom
1248 2027 1386 2103 ageretur

239 2113 275 2174 de
298 2114 379 2193 agria
401 2113 529 2190 publicis
552 2117 582 2173 et
604 2112 641 2173 de
663 2115 730 2192 lege
748 2108 871 2174 Th0ria’
894 2114 931 2173 66
954 2115 1010 2193 leg.
1030 2133 1091 2193 agr.
1110 2112 1142 2174 11
1161 2115 1190 2189 5,
1210 2117 1251 2174 10
1276 2110 1332 2173 ‘Ti
1356 2118 1387 2173 et

235 2203 266 2264 0.
282 2202 432 2263 Gracchos
455 2204 571 2280 plebem
593 2203 625 2261 16
653 2205 734 2282 agris
761 2203 889 2280 publicis
917 2199 1205 2278 666611161666Ἰ4,
1226 2205 1267 2263 10
1291 2199 1387 2262 ‘iubet

236 2294 314 2353 enim
334 2293 451 2353 eosdem
470 2291 652 2353 decemuiros
671 2292 808 2354 omnibus
827 2293 907 2371 agris
926 2293 1053 2370 publicis
1072 2293 1237 2372 pergrande
1255 2293 1386 2371 uectigal

234 2377 408 2460 imponere’.
458 2382 541 2442 Dicit
570 2381 703 2442 Lucilius
735 2381 794 2442 sibi
825 2402 885 2442 non
916 2383 1102 2459 persuaderi,
1133 2401 1201 2443 suos
1233 2402 1320 2461 agros
1352 2387 1386 2441 ut

235 2473 347 2533 666661
382 2471 563 2547 triumuiris,
598 2472 733 2549 publicos
770 2472 915 2532 conducat
953 2473 1164 2554 publicanus..
1197 2473 1386 2532 Deteriorum

236 2562 370 2623 codicum
397 2563 596 2638 corruptelam
618 2563 733 2637 pulices
759 2562 823 2621 noli
846 2581 962 2623 curare:
990 2562 1093 2622 eodem
1120 2561 1208 2622 modo
1231 2564 1386 2638 peccatum

236 2654 282 2712 est
317 2670 336 2711 a
371 2652 504 2712 librariis
539 2651 637 2711 Plaut.
666 2651 746 2710 Trin.
777 2653 862 2711 1057
901 2653 968 2712 61116
1004 2652 1078 2713 16616
1107 2651 1144 2712 66
1176 2651 1283 2728 quibus
1318 2652 1389 2712 conf

237 2741 434 2802 Ritschelium
453 2760 552 2818 opusc.
566 2740 611 2799 IV
626 2760 654 2817 p.
672 2743 744 2800 124.

326 2824 410 2891 676.
442 2830 512 2890 uide
551 2830 590 2889 ad
621 2849 740 2890 uersum
771 2833 951 2907 sequentem.
992 2862 1029 2872 —
1069 2835 1203 2899 saucium
1234 2832 1386 2908 supinum:

235 2921 312 2980 bauo
329 2925 391 2979 tam
409 2920 629 2980 Lachmannus:
648 2919 752 2997 oppidi
772 2939 880 2980 nomon
900 2921 968 2980 61116
988 2922 1088 2996 661166
1106 2922 1200 2980 161616
1218 2921 1387 2994 6166116161,

235 3010 314 3069 6666
337 3007 462 3068 Aulium
488 3009 650 3069 Fraterius.
696 3010 789 3070 Poeta
816 3010 913 3069 Roma
940 3010 1057 3070 redibat
1084 3014 1119 3069 ut
1146 3011 1226 3070 domi
1253 3012 1385 3087 aliquam

236 3118 299 3159 rem
322 3099 353 3157 in
376 3098 507 3176 praediis
530 3098 591 3159 suis
614 3099 743 3158 sanciret
765 3118 913 3176 praesens.
932 3132 976 3140 -
995 3100 1072 3159 Item
1096 3120 1115 3159 a
1133 3101 1250 3159 Metello
1268 3118 1387 3160 mauce

236 3189 321 3247 nolui
356 3190 486 3248 mutare:
526 3189 658 3265 positum
699 3191 746 3250 est
781 3209 835 3266 pro
873 3189 1026 3249 Metelliuo
1063 3192 1098 3249 ut
1133 3189 1261 3249 Romula
1296 3189 1387 3249 tellus

236 3277 387 3355 Vergilius
414 3277 629 3337 emulare
659 3278 780 3339 similia:
812 3279 977 3354 Tappulam
1005 3281 1093 3354 legem
1120 3279 1252 3339 Lucilius
1283 3280 1385 3339 incert.

236 3367 376 3425 61307.
435 3365 508 3425 0661
540 3367 694 3427 Metellum
723 3367 949 3428 Macedonicum
980 3367 1012 3428 111
1045 3368 1129 3429 libris
1161 3368 1386 3427 XXVI—XXX

237 3456 382 3531 carpsisse
405 3459 524 3534 poetam
548 3460 676 3533 constet,
703 3460 961 3535 promptissimum
984 3460 1042 3519 erit
1064 3461 1195 3519 statuere
1217 3458 1307 3518 huius
1329 3458 1387 3518 hoc

237 3562 324 3604 uersu
355 3550 536 3606 memoratos
569 3547 685 3622 aliquos
718 3549 808 3608 fuisse
837 3548 924 3608 ludos
957 3551 1099 3624 priuatos
1154 3549 1267 3607 Narrat
1297 3551 1387 3624 66616

237 3634 333 3693 1161116
360 3653 428 3693 66111
455 3635 578 3695 16616111
605 3637 677 3712 6616
704 3636 735 3694 16
764 3639 817 3697 616
844 3637 901 3696 sibi
928 3638 1082 3698 acciderit:
1110 3637 1263 3697 exordium
1292 3639 1387 3715 igitur

236 3724 324 3784 huius
347 3727 466 3785 saturae
489 3724 559 3784 libri
577 3726 676 3784 XXVI
695 3726 819 3785 ultimae
838 3726 933 3787 simile
953 3730 1043 3805 atque
1060 3727 1212 3787 quenalis
1230 3727 1277 3786 III
1296 3727 1386 3787 fuisse

237 3813 365 3873 uidetur.
422 3812 499 3873 0661
527 3814 627 3891 Obseq
659 3817 699 3874 37
730 3811 773 3873 Ῥ.
793 3816 899 3876 Eluius
936 3836 1025 3894 eques
1063 3817 1214 3877 Romanus
1251 3837 1270 3876 a
1308 3816 1386 3877 ludis

237 3902 379 3962 Romanis
407 3922 476 3963 cnm
505 3906 536 3963 in
563 3904 706 3981 Apuliam
733 3901 944 3966 reuerteretur'
972 3927 995 3966 6.
1012 3927 1039 3982 q.
1054 3925 1076 3966 6.
1103 3906 1236 3966 Lucilius
1266 3905 1387 3965 uidetur

240 3994 271 4050 in
296 3991 429 4052 Siciliam
452 3993 587 4054 rediisse:
610 3993 679 4052 uide
703 3994 741 4054 ad
763 4014 792 4052 n.
809 3996 882 4055 667.

326 4075 409 4144 677.
441 4082 558 4142 1166166
594 4084 721 4159 6165,
746 4086 786 4144 13
826 4081 997 4162 ‘Repedara
1051 4085 1186 4144 Lucilius
1217 4085 1268 4144 lib.
1287 4085 1386 4144 XXVI

239 4164 371 4232 “recca
397 4191 433 4237 66
451 4218 457 4229 .
473 4220 479 4232 .
496 4218 501 4230 .
521 4190 604 4233 roma
623 4218 629 4231 .
646 4220 651 4231 .
668 4219 673 4230 .
693 4173 916 4252 gladiatoribus.
961 4174 1099 4251 idemque
1126 4177 1260 4234 saucium
1288 4192 1337 4249 epo
1367 4195 1386 4234 a

236 4261 345 4320 61616116
368 4278 482 4321 romam
504 4263 679 4336 repedabo-m
701 4257 868 4322 munere’'.’
891 4263 1081 4337 —idemque
1103 4266 1235 4341 positum
1255 4267 1291 4323 ut
1308 4263 1386 4323 Non.

238 4367 266 4423 p.
283 4349 334 4423 88,
349 4349 389 4408 33
406 4344 470 4432 (lib.
485 4351 584 4410 XXVI
597 4372 625 4410 u.
642 4343 730 4432 625),
745 4353 817 4411 conf
832 4353 870 4412 ad
884 4353 935 4431 lib.
946 4352 1020 4411 Vm
1033 4373 1061 4411 u.
1078 4354 1142 4412 314
1157 4353 1200 4412 IX
1214 4374 1243 4412 u.
1259 4355 1331 4413 341.
1346 4384 1384 4395 -

237 4437 359 4497 rediisse
372 4457 407 4498 ac
420 4440 581 4514 repedasse,
599 4439 669 4499 uide
689 4440 777 4500 indic.
792 4462 916 4520 gramm.
931 4461 952 4501 6.
968 4462 995 4500 6.
1015 4442 1215 4520 hendiadyoin
1230 4438 1386 4524 (66111111
