3060 5010
601 365 640 420 lx
658 383 684 419 u.
705 370 854 420 ssa-act.
1251 366 1312 431 127

166 537 314 616 flagitium
331 531 449 615 iugens'
469 526 628 616 (Draegari
646 539 723 613 synt.
742 536 811 595 hist.
831 536 850 593 l.
869 535 902 595 L.
920 536 952 594 Π
970 534 990 611 ᾗ
1009 528 1089 594 582²
1105 555 1133 611 p.
1156 529 1313 616 793888.)

167 627 363 687 Accusatiuus
395 625 433 684 ad
465 626 597 685 88888881
628 629 694 684 erat
724 643 813 685 uersu
849 624 1043 685 antecedenti.
1097 624 1237 684 Imitatus
1269 629 1315 685 881

167 716 277 776 Lucilii
300 733 420 774 uersum
444 715 595 793 Vergilius
614 733 712 793 georg.
731 715 777 773 III
797 717 859 774 255
885 711 960 790 ‘lpse
988 715 1048 772 1811
1075 713 1237 791 dentesque
1261 713 1313 773 Sa·

167 805 290 866 bellicus
309 806 428 864 exacuit
446 822 497 863 sus
515 807 546 863 81
564 804 637 882 pede
656 804 824 882 prosubigit
841 807 961 876 terram,
980 803 1069 863 fricat
1083 804 1187 863 arbore
1199 799 1313 864 coetos’.

257 887 340 956 334.
363 895 479 954 Nonius
502 913 530 970 p.
550 895 624 969 498,
644 896 662 952 9
689 890 857 952 ‘Genitiuus
879 893 995 969 positus
1017 912 1072 969 pro
1100 893 1241 953 ablatiuo.

167 984 245 1044 idem
268 983 319 1042 lib.
339 983 429 1043 VIIII
453 978 503 1042 “si
523 1028 573 1041 ...
592 983 709 1042 numiui
731 975 870 1062 (881811
889 1002 928 1040 m.
949 976 983 1064 1)
1002 1000 1077 1060 opus
1097 975 1220 1064 atque(
1301 1001 1316 1041 c

168 1073 245 1132 Lm.
261 1066 295 1155 1)
314 1068 431 1132 obsil”.'
470 1072 522 1131 Bis
538 1071 661 1131 uerbum
680 1072 902 1132 substantiunm
921 1072 1082 1132 omittitur:
1106 1073 1137 1130 in
1157 1073 1314 1131 enuntiato

168 1162 366 1222 condicionali
388 1163 489 1222 omitti
512 1163 630 1237 saepius
653 1161 740 1222 docet
762 1159 889 1221 Olsenus
912 1160 948 1219 de
971 1160 1062 1220 uerbo
1084 1161 1178 1220 subst.
1201 1158 1312 1238 Gryph.

170 1253 255 1311 1884
275 1273 303 1329 p.
318 1254 370 1325 42,
388 1250 457 1310 81118
476 1270 553 1327 quae
571 1249 783 1311 adnotauimus
797 1250 835 1310 ad
850 1250 900 1310 lib.
915 1250 942 1305 V
957 1268 986 1308 8.
1004 1251 1075 1309 186.
1092 1251 1164 1309 188.
1183 1250 1214 1309 Π
1227 1271 1255 1309 u.
1272 1253 1313 1310 78

168 1341 220 1400 ubi
242 1359 316 1416 opus
337 1342 470 1417 positum
493 1343 539 1399 est
561 1358 615 1416 pro
638 1358 712 1414 opus
739 1344 809 1399 crat.
854 1340 959 1416 Neque
986 1342 1032 1398 est
1058 1339 1138 1416 quod
1166 1340 1222 1400 hoc
1248 1341 1314 1400 loco

168 1449 309 1509 negemus
337 1431 469 1490 Nonium
502 1431 673 1508 genetiuum
706 1448 760 1506 pro
792 1428 925 1490 ablatiuo
952 1430 1024 1505 poni
1053 1432 1133 1488 recle
1165 1428 1315 1490 affirmare

168 1538 262 1597 neque
290 1519 456 1597 probarunt
481 1518 593 1596 Apulei
619 1519 748 1578 editores
778 1520 829 1595 qui
857 1521 974 1579 1881881.
992 1518 1036 1577 IX
1055 1520 1096 1578 39
1129 1517 1220 1578 babet
1252 1514 1315 1578 ‘sed

169 1610 255 1684 mibi,
286 1609 399 1685 inquit,
431 1627 539 1685 operae
566 1609 630 1668 eius
658 1626 731 1684 opus
758 1603 814 1668 est’
844 1607 958 1667 Sanctii
986 1603 1186 1685 (11188817
1209 1611 1313 1685 88814

168 1718 196 1775 p.
217 1699 280 1758 622
304 1697 348 1756 ed.
367 1698 492 1757 Amstel.
514 1689 614 1777 1754)
640 1699 819 1757 8881881188
846 1697 944 1757 locum
966 1695 1077 1774 Apulei
1104 1717 1167 1758 8888
1195 1698 1314 1758 mando·

168 1807 233 1848 sum
266 1789 496 1864 pronuntiantis.
548 1786 763 1846 Stallbaumius
795 1785 900 1846 deinde
928 1780 981 1869 (ud
1009 1785 1146 1846 Ruddim.
1170 1789 1265 1847 instit.
1283 1789 1314 1846 Π

168 1896 196 1953 p.
215 1870 272 1959 66)
296 1878 414 1937 monuit
437 1875 515 1954 apud
537 1875 602 1935 Liu.
621 1876 707 1935 XXII
726 1878 778 1950 51,
798 1877 816 1934 3
840 1876 902 1954 legi
927 1872 977 1936 ‘ad
1005 1876 1161 1936 consilium
1189 1894 1314 1954 pensan·

168 1966 240 2026 dum
272 1969 415 2042 temporis
447 1984 521 2042 opus
553 1960 638 2026 esse’:
670 1965 746 2026 81188
778 1965 859 2025 locos
891 1965 1007 2025 addidit
1038 1965 1243 2027 Rothsteinius
1275 1965 1315 2025 ad

167 2055 422 2132 PropertHIO,
443 2059 480 2114 11
509 2050 628 2114 ‘sumite
650 2056 743 2129 uires,
771 2053 917 2115 Pierides:
945 2057 1048 2134 magni
1071 2073 1149 2115 nunc
1172 2058 1230 2115 erit
1254 2058 1314 2116 oris

168 2141 263 2223 opus';
285 2144 352 2204 Liu.
372 2145 473 2204 XXIII
493 2146 544 2218 21,
563 2147 582 2203 5
608 2139 650 2203 ’18
673 2144 856 2221 stipendium
879 2147 985 2221 quanti
1006 2147 1124 2222 argenti
1142 2163 1216 2221 opus
1235 2141 1314 2219 fuit’3

168 2234 265 2312 Priap.
284 2233 412 2293 LXVIII
431 2234 509 2294 3313
538 2229 636 2292 ’88188
668 2252 734 2293 meo
765 2234 872 2293 melius
902 2253 1026 2294 neruum
1057 2234 1200 2293 tendebat
1226 2234 1314 2293 Vlixe

168 2325 231 2383 siue
254 2323 301 2383 illi
323 2323 452 2382 laterum
474 2325 537 2382 8188
557 2326 622 2382 erat
640 2323 714 2382 artis
732 2318 828 2399 opus’3
847 2322 970 2392 Quintil.
984 2323 1043 2382 XII
1058 2324 1121 2398 3,8
1142 2319 1314 2383 ‘sedetiam

168 2415 194 2471 81
217 2430 303 2473 nosse
325 2411 398 2489 quid
421 2413 548 2488 quisque
571 2412 696 2472 senserit
717 2413 808 2487 uolet,
831 2411 967 2471 lectionis
990 2431 1065 2488 opus
1083 2416 1137 2488 881,
1160 2431 1221 2490 888
1239 2412 1314 2472 nihil

168 2504 266 2563 estin
290 2502 397 2562 studiis
420 2503 518 2560 minus
540 2496 742 2560 laboriosnm'.
780 2501 905 2561 Dixerat
926 2502 1072 2561 Lucilius:
1095 2504 1120 2560 si
1142 2502 1247 2579 pulcra
1270 2504 1316 2562 est

168 2593 280 2651 1818188
297 2593 459 2668 paucisque
478 2592 596 2650 tantum
615 2590 674 2650 luit
689 2589 861 2666 obsequens,
879 2590 1024 2650 machinis
1038 2609 1113 2667 opus
1127 2591 1184 2650 erit
1197 2591 1314 2650 multis:

169 2681 214 2740 sin
233 2681 317 2740 nulla
331 2682 377 2741 881
389 2679 591 2757 pulcritudine
607 2684 637 2739 et
650 2683 779 2740 scortum
798 2679 973 2752 obsoletum,
991 2681 1104 2756 poterit
1121 2680 1175 2738 illa
1193 2699 1314 2739 nummo

168 2769 293 2830 conduci
316 2768 355 2828 ed
378 2769 559 2846 obsequium.
574 2771 722 2846 —atque
741 2769 819 2828 subit
836 2771 955 2845 scripsi:
979 2769 1080 2828 quen.
1094 2769 1125 2827 Π
1140 2771 1183 2829 50
1207 2765 1314 2846 ‘Hispo

169 2859 249 2919 subit
270 2854 404 2918 iuuenes'
431 2859 562 2936 Propert.
581 2858 627 2917 III
648 2861 698 2933 19,
719 2860 759 2917 14
784 2853 880 2918 ’188118
904 2858 1075 2918 Thessalico
1100 2857 1230 2936 flagrans
1249 2858 1314 2918 Sal·

169 2949 264 3009 monis
282 2948 397 3026 Enipeo
415 2966 493 3024 quae
512 2946 609 3007 uoluit
626 2947 741 3024 liquido
759 2950 826 3008 1818
844 2947 943 3007 subire
961 2942 1037 3006 deo'.
1057 2979 1101 2989 -
1121 2947 1202 3021 Opus
1220 2948 1315 3026 igitur

169 3040 266 3097 minus
294 3040 372 3098 recte
400 3039 552 3097 uenerium
579 3037 730 3115 intellegit
756 3036 875 3114 Lipsius
901 3037 1001 3097 Dousa
1029 3036 1095 3096 alii:
1122 3037 1169 3096 ita
1195 3055 1315 3113 operum

167 3129 247 3186 81888
267 3127 510 3200 Tiburtium
530 3123 641 3206 111881
659 3124 972 3206 ἔργωνΑΡΧΠ209
993 3123 1312 3202 Ο8111.881.Π17,67

170 3212 314 3276 ‘membra
334 3263 339 3275 .
360 3263 365 3274 .
386 3263 392 3274 .
411 3235 489 3276 nunc
512 3235 586 3294 opus
609 3219 773 3292 exposcunt
797 3215 996 3292 militiamque
1023 3211 1118 3275 suam’
1142 3216 1314 3276 Maximisn.

169 3307 242 3383 eleg.
261 3306 276 3365 I
297 3307 359 3365 125
384 3301 434 3366 ‘ad
457 3307 572 3365 nullum
595 3306 751 3384 consurgit
777 3301 872 3383 opus’.
891 3337 935 3347 -
954 3304 999 3364 De
1027 3307 1247 3383 praepositione
1274 3306 1315 3365 od

169 3397 240 3455 conf
259 3394 356 3455 Plaut.
375 3395 438 3453 Mil.
459 3397 522 3456 968
552 3391 611 3454 ‘Ad
638 3399 722 3455 tuam
749 3395 876 3454 formam
907 3394 962 3455 illa
993 3413 1053 3454 una
1084 3394 1177 3472 digne
1208 3398 1308 3464 88111

168 3484 275 3544 Hercle
293 3484 448 3561 pulchram
466 3481 813 3562 8188111888’Μ818.427
835 3479 888 3543 ‘At
905 3484 981 3543 mihi
999 3484 1120 3560 quidam
1135 3484 1315 3560 adulescens,

169 3578 263 3650 pater,
286 3573 451 3650 mandauit,
474 3574 512 3633 ad
535 3574 620 3634 illam
642 3575 758 3648 faciem,
781 3575 824 3633 ita
848 3578 883 3634 ut
905 3574 991 3634 111888
1015 3577 1070 3649 881,
1092 3593 1218 3633 emerem
1245 3571 1313 3634 sibi'

170 3662 281 3723 Oistell.
298 3666 337 3722 71
364 3658 424 3722 ‘Ad
442 3665 531 3723 istam
549 3665 656 3724 faciem
674 3669 720 3724 est
737 3664 867 3739 morbus,
885 3666 938 3740 qui
956 3682 1012 3738 me,
1030 3682 1098 3723 mea
1111 3661 1316 3740 Gymnasium,

169 3747 312 3813 macerat'
333 3744 428 3833 (Trin.
448 3754 512 3812 874
533 3752 617 3830 (lapt.
638 3746 726 3835 275).
758 3753 918 3815 ’1881188
939 3754 1000 3813 361
1023 3748 1136 3828 ‘Estne
1159 3752 1315 3827 81181181,

169 3839 286 3902 forma?
315 3845 347 3909 11
373 3840 458 3901 8888.
484 3846 516 3910 tt
539 3841 582 3900 At
608 3842 651 3901 nil
679 3842 717 3902 ad
740 3846 874 3903 nostram
896 3839 993 3901 hanc?
1018 3847 1050 3908 11
1074 3841 1145 3900 Alia
1167 3836 1234 3900 res’
1255 3839 1314 3899 (iic.

169 3950 223 4008 pro
247 3932 344 3991 Ι)8181.
365 3933 406 3990 24
432 3926 538 3991 ‘Addit
564 3932 656 3991 etiam
683 3930 771 4007 illud,
804 3935 919 4008 equites
946 3950 1005 3991 non
1033 3931 1162 4006 optimos
1192 3929 1314 3989 misisse.

170 4019 278 4094 credo,
302 4018 422 4094 (laesar,
445 4019 521 4078 nihil
544 4019 582 4079 ad
605 4023 691 4080 tuum
717 4022 897 4097 equitatum,
925 4018 976 4080 sed
999 4019 1083 4079 misit
1104 4037 1139 4077 ex
1162 4021 1212 4095 118,
1240 4037 1315 4095 8888

169 4109 283 4186 babuit,
306 4103 427 4169 electos'
451 4101 549 4190 (Verr.
568 4109 596 4166 V
616 4102 686 4191 25);
709 4109 746 4168 de
768 4128 810 4168 or.
828 4111 859 4169 Π
879 4111 919 4170 25
945 4105 1055 4167 ‘uirum
1078 4108 1188 4168 bonum
1207 4112 1314 4167 81888

168 4199 382 4274 inlitteratum,
419 4198 470 4258 sed
501 4198 578 4257 nibil
609 4197 648 4257 ad
679 4195 834 4259 Persium’.
884 4198 978 4257 Lucil.
996 4197 1048 4256 lib.
1067 4197 1184 4257 XVIIII
1201 4218 1229 4257 8.
1250 4199 1313 4257 559

171 4284 255 4364 ’88111
284 4288 322 4348 ad
350 4282 487 4347 aarum?
525 4288 570 4347 Ex
596 4287 644 4348 bis
672 4288 813 4363 exemplis
840 4291 967 4365 apparet
995 4287 1075 4364 apud
1101 4286 1251 4348 Lucilium
1282 4290 1314 4348 in

170 4397 257 4438 uersu
280 4376 467 4437 antecedenti
489 4378 661 4454 genetiuum
684 4379 775 4437 181888
794 4378 926 4454 positum
946 4377 1041 4436 881811
1059 4373 1231 4455 ‘Hymnidis
1249 4379 1314 4455 pul-

170 4462 278 4527 chrae'.
309 4466 343 4527 81
361 4467 431 4526 olim
449 4467 520 4541 lupo
534 4467 786 4541 prostibulumque
804 4467 881 4543 quod
901 4469 1003 4543 posuit
1020 4472 1117 4545 poeta,
1140 4468 1314 4528 aduerbium
