3036 5004
222 381 287 446 322
659 380 734 433 xxx
752 397 779 433 u.
796 383 945 434 scr-ece.

221 571 244 608 a.
267 550 344 609 Rom
366 549 437 608 XVI
463 551 545 608 1901
578 569 606 625 p.
622 550 695 608 383.
745 548 875 609 Datiuus
907 551 953 607 est
984 549 1164 623 cuploeamo,
1193 549 1375 609 uocabulum

220 640 313 699 simili
345 639 432 698 modo
464 638 632 698 adhibitum
665 656 724 713 quo
755 639 970 712 colliploccmos
1000 639 1191 713 collisplryros
1219 638 1270 697 lib.
1286 639 1375 697 XVII

221 750 249 788 u.
270 730 344 787 540.
400 727 602 788 conferendus
642 731 688 787 est
720 728 758 786 ad
789 727 817 785 h.
836 747 864 785 u.
898 730 929 787 et
959 728 1116 803 sequentes
1148 727 1374 804 Theophrastus

221 819 256 877 de
294 819 409 893 nuptiis
445 817 508 876 siue
545 815 656 875 Seneca
698 818 761 875 siue
797 816 999 894 Hieronymus
1035 836 1082 892 ap.
1110 816 1258 877 Boclxium
1293 819 1374 877 stud.

220 907 302 983 Lips.
313 907 383 964 XIX
397 926 425 983 p.
438 906 518 982 c1‚5
540 902 649 965 ‘Multa
666 907 745 981 sunt,
763 924 840 982 quac
859 910 1064 965 matronarum
1082 905 1185 965 usibus
1204 910 1375 967 necessaria

220 999 304 1056 sunt:
322 998 472 1072 pretiosae
491 998 597 1070 uestes,
620 1014 735 1070 aurum,
759 1015 901 1072 gemmae,
920 999 1066 1071 sumptus,
1085 995 1221 1070 ancillae,
1239 997 1374 1074 supellex

220 1087 314 1160 uaria,
343 1085 465 1145 lecticae
493 1088 524 1144 et
551 1084 653 1145 esseda
676 1080 841 1149 deaurata'.
892 1084 1130 1144 Discerniculum
1158 1087 1279 1162 proprie
1306 1090 1375 1146 crat

220 1178 425 1236 matronarum
461 1173 497 1233 de
535 1193 594 1250 quo
626 1172 804 1234 Plutarchus
841 1176 955 1250 quaest.
983 1175 1068 1236 Rom.
1093 1175 1134 1234 87
1173 1172 1222 1234 διὰ
1253 1174 1283 1234 τί
1311 1184 1374 1235 τῶν

219 1260 415 1343 γαμουμένων
438 1262 528 1348 αἰχμῇ
552 1262 690 1343 δορατίου
713 1261 768 1340 τὴν
790 1260 888 1341 κόμην
911 1262 1129 1343 διακρίνοντας

309 1345 393 1414 992.
416 1353 532 1412 Nonius
561 1372 590 1429 p.
606 1354 680 1427 523,
697 1353 737 1412 18
754 1346 900 1429 '‘Operari
928 1356 974 1412 est
996 1353 1066 1413 deos
1089 1353 1228 1431 religiose
1251 1356 1372 1413 etcum

220 1462 338 1503 summa
365 1444 555 1502 veneratione
584 1441 737 1502 sacrificiis
765 1442 868 1515 litare,
900 1442 949 1501 uel
978 1444 1142 1502 conuiuari.
1167 1441 1372 1503 ...Lucilius

219 1532 269 1592 lib.
285 1532 366 1591 XXX
391 1527 469 1591 “aut
490 1536 592 1606 ομαοί
620 1531 722 1607 aliquo
750 1533 782 1590 in
810 1523 871 1613 (οκι
895 1523 937 1611 G)
966 1532 1075 1591 celebri
1105 1551 1173 1591 cum
1196 1533 1373 1608 aequalibus

219 1616 335 1681 ian0’'.'
381 1625 533 1695 operatum
555 1619 777 1695 Lachmannus,
804 1625 925 1695 operula
949 1620 1139 1681 Guiliclmus:
1168 1640 1226 1680 uox
1248 1623 1373 1698 propria

218 1711 254 1770 de
283 1711 442 1770 muliorum
469 1711 644 1770 ministeriis
671 1710 821 1788 religiosis
849 1729 909 1786 qna
936 1709 972 1768 de
1003 1713 1140 1786 exposuit
1162 1710 1372 1771 Rothsteinius

219 1801 257 1860 ad
271 1800 405 1875 Propert.
419 1799 450 1857 II
467 1799 542 1873 aab,
557 1799 608 1858 45.
624 1801 676 1873 33,
693 1802 708 1856 l
727 1795 851 1859 ‘Tristia
869 1801 930 1858 iam
946 1800 1072 1859 redeunt
1090 1802 1199 1859 iterum
1213 1801 1372 1859 sollemnia

106 1887 109 1895 '
219 1888 318 1948 nobis:
342 1888 473 1965 Cynthia
494 1890 557 1948 iam
575 1892 676 1949 noctes
695 1890 741 1949 est
759 1892 882 1965 operata
906 1884 1027 1949 decam’.
1068 1887 1191 1949 Lucian.
1210 1889 1310 1948 Amor.
1328 1892 1371 1949 42

218 1975 277 2039 ἀπὸ
306 1986 356 2056 τῆς
384 1977 480 2049 οἰκίας
506 1975 674 2049 ἔξοδοι...
694 1968 736 2038 ὧν
763 1974 852 2038 ἐνίων
879 1977 911 2037 οί
935 1976 1149 2056 κακοδαίμονες
1170 1975 1276 2057 ἄνδρες
1299 1975 1372 2039 οὐδὲ

219 2063 293 2128 αὐτὰ
317 2066 396 2126 ἴσασι
418 2064 453 2125 τὰ
476 2062 617 2145 ὀνόματα,
640 2065 797 2144 καλιάδας,
820 2065 848 2126 εἰ
869 2065 960 2146 τόχοι,
983 2065 1034 2127 καλ
1055 2066 1257 2147 γενετυλλίδας
1275 2063 1295 2145 ἢ
1314 2067 1372 2145 τὴν

220 2156 356 2236 Φρυγίαν
380 2155 508 2234 δαίμονα
530 2153 579 2216 καλ
602 2155 654 2218 τόν
677 2153 828 2236 δυσέρωτα
850 2164 951 2232 κῶμον
974 2153 1023 2215 ἐπὶ
1045 2161 1085 2239 τῷ
1104 2154 1237 2234 ποιμένι,
1259 2155 1371 2217 τελεταὶ

218 2238 245 2305 δ’
262 2243 433 2325 ἀπόρρητοι,
456 2243 505 2305 καλ
527 2243 615 2324 χωρίς
637 2242 757 2326 ἀνδρῶν
780 2239 875 2326 (quod
893 2245 1026 2305 Lucilius
1045 2246 1161 2306 indicat
1180 2246 1279 2306 uerbis
1302 2264 1371 2305 cum

217 2328 402 2417 aequalibus)
430 2334 547 2395 ὕποπτα
573 2333 719 2414 μυστήρια
746 2334 798 2394 καί
822 2367 867 2376 -
894 2335 923 2395 τί
947 2332 1003 2416 γδιρ
1031 2333 1081 2396 δεῖ
1103 2331 1300 2414 aequalitem
1326 2369 1368 2377 —

218 2422 371 2503 διαφθορὰ
395 2433 503 2504 ψυχῆς-

306 2506 390 2574 993.
413 2513 529 2574 Nonius
552 2534 580 2590 p.
596 2514 670 2587 522,
691 2516 730 2573 19
756 2508 865 2590 ‘Apuli
893 2513 940 2573 ad.
963 2512 1096 2573 Lucilius
1118 2513 1170 2572 lib.
1184 2513 1265 2572 XXX
1290 2508 1370 2573 “aut

218 2622 286 2663 cum
312 2651 317 2662 .
341 2650 346 2662 .
370 2650 375 2661 .
402 2606 559 2663 conmenta
592 2606 625 2662 αι’
665 2607 719 2661 aut
760 2602 839 2680 apud
867 2650 872 2660 .
896 2651 901 2661 .
925 2650 930 2661 .
957 2597 1131 2663 amicam’'.'
1184 2604 1249 2662 αιἀλ
1288 2607 1370 2663 recte

215 2691 344 2769 Lipsius.
389 2693 492 2752 Monet
527 2692 602 2752 (lato
639 2693 675 2751 de
712 2691 778 2770 agii
810 2692 880 2751 cult.
907 2694 1023 2766 143‚1
1054 2692 1090 2751 dc
1117 2693 1209 2752 uilica
1238 2686 1371 2752 ‘uicinas

216 2783 351 2859 aliasque
378 2782 517 2841 mulieres
545 2800 634 2857 quam
661 2783 818 2840 minimum
846 2783 950 2841 utatur
977 2801 1051 2841 naue
1080 2782 1202 2841 domum
1229 2801 1305 2841 neue
1331 2783 1369 2841 ad

216 2890 279 2932 sese
297 2873 432 2948 recipiat.
469 2871 508 2930 ad
526 2890 629 2930 cenam
648 2890 744 2946 nequo
764 2873 814 2930 eat
831 2890 906 2930 neue
930 2871 1109 2930 ambulatrix
1129 2867 1206 2931 siet’.
1248 2871 1369 2930 Similia

216 2960 365 3020 Luciacus
388 2960 489 3020 Amor.
509 2962 550 3019 42
580 2961 633 3036 qui
662 2960 743 3020 locus
770 2960 878 3020 lacuna
900 2964 946 3020 cst
968 2960 1167 3020 deformatum:
1190 2958 1285 3032 εὐθὺς
1307 2957 1368 3022 ἀπὸ

217 3059 268 3129 τῆς
291 3048 387 3120 οἰκίας
409 3047 505 3120 ἔξοδοι
527 3046 577 3107 καί
599 3058 657 3121 πᾶς
680 3046 790 3125 θεατὴς
808 3045 966 3129 ἐπιτρίβων
984 3047 1054 3121 τοὺς
1073 3048 1275 3129 γεγαμηκότας
1293 3043 1370 3110 auls:

215 3139 357 3198 laudatur
383 3138 490 3197 mulier
516 3138 665 3198 domisedo
693 3137 757 3198 CIL
776 3138 952 3199 9111602
981 3141 1030 3198 cui
1056 3141 1208 3199 contraria
1235 3143 1281 3199 est
1312 3140 1369 3198 illa

216 3227 405 3287 ambulatrix.
437 3260 481 3267 -
513 3227 595 3302 apud
630 3229 782 3301 aurificem
818 3228 937 3305 uulgari
973 3229 1061 3288 modo
1093 3229 1207 3288 dictum
1239 3229 1275 3288 de
1309 3248 1369 3305 quo

216 3317 344 3376 diximus
375 3316 414 3376 ad
444 3318 547 3376 incant.
571 3337 599 3375 u.
621 3319 705 3376 1215
725 3336 805 3394 seqq.
842 3349 880 3358 -
914 3317 959 3377 De
991 3316 1112 3378 aurifice
1144 3317 1369 3394 Theophrastus

216 3406 235 3468 l.
250 3426 272 3467 s.
287 3425 310 3466 s.
329 3425 357 3481 p.
373 3406 414 3464 62
440 3401 527 3465 ‘anus
551 3408 581 3465 et
603 3405 738 3466 aunfices
762 3410 794 3466 et
812 3407 944 3472 hariolos
963 3410 994 3465 et
1011 3408 1164 3467 institores
1183 3427 1369 3486 gemmarum

216 3497 435 3571 sericarumque
462 3497 592 3554 uestium
619 3498 645 3556 si
676 3497 887 3568 intromiseris,
919 3496 1084 3571 periculum
1113 3496 1277 3572 pudicitiae
1300 3493 1367 3557 est'.

216 3584 369 3645 Sollicitus
393 3603 455 3645 esse
477 3584 565 3644 debet
591 3585 627 3643 de
655 3585 802 3661 pudicitia
830 3587 966 3658 maritus,
996 3603 1063 3644 cum
1087 3587 1146 3644 iter
1168 3585 1269 3662 aliquo
1292 3605 1369 3646 uxor

218 3677 264 3735 est
287 3678 461 3734 commenta.

305 3757 390 3824 995.
422 3764 538 3823 Nonius
571 3783 599 3839 p.
620 3765 697 3837 272,
718 3766 758 3823 13
797 3760 952 3838 Ὃοοδοτο,
989 3766 1175 3824 conmiscere.
1233 3764 1368 3824 Lucilius

215 3853 266 3913 lib.
281 3853 362 3912 XXX
382 3849 476 3912 “lana
492 3900 498 3911 .
513 3899 520 3912 .
536 3853 646 3927 ,ἴαλλον
661 3899 666 3910 .
682 3899 689 3912 .
704 3899 710 3912 .
726 3849 879 3913 cedunt'’.'
916 3853 1000 3912 Idem
1013 3874 1042 3930 p.
1057 3854 1131 3926 462,
1148 3855 1189 3912 24
1206 3849 1368 3913 ‘Pallorem

216 3945 397 4004 uetustatem
424 3946 455 4001 ct
480 3942 700 4021 neglegentiam
726 3942 859 4003 Lucilius
886 3943 937 4002 lib.
952 3943 1035 4004 XXX
1063 3943 1161 4002 uoluit
1189 3943 1249 4003 dici
1271 3961 1367 4018 posse.

218 4029 313 4093 “lana
332 4078 338 4092 .
355 4079 382 4090 ..
406 4026 579 4092 caedunt''.'
633 4032 742 4091 Mulier
773 4051 828 4092 nec
858 4032 960 4092 lanam
991 4051 1046 4092 nec
1076 4031 1241 4092 lanificium
1273 4035 1368 4092 curat.

216 4122 368 4198 Aristoph.
382 4119 507 4196 Lysistr.
518 4122 580 4180 728
595 4114 691 4182 οἴκαδ’
703 4118 803 4181 ἐλθεῖν
816 4120 969 4200 βούλομαι.
993 4121 1070 4182 οἴκοι
1083 4120 1139 4202 γάρ
1153 4118 1232 4181 ἐστιν
1243 4119 1305 4200 ἔριοί
1315 4143 1368 4198 μοι

217 4210 354 4288 Μιλήσια
368 4208 427 4269 ὑπὸ
441 4218 500 4270 τῶν
515 4207 589 4270 σίων
603 4208 842 4288 κατακοπτόμενα
857 4256 880 4270 ..
894 4257 900 4269 .
912 4202 972 4270 ἀλλ’
990 4207 1028 4270 ἐῶ
1040 4203 1195 4271 ’πολὲσθαι
1209 4207 1293 4287 τόίρια
1307 4214 1368 4270 κτλ.

306 4293 390 4362 996.
413 4300 529 4360 Nonius
556 4320 584 4376 p.
601 4302 679 4375 350,
696 4302 735 4360 18
765 4296 877 4359 ‘Metiri
909 4303 955 4360 est
986 4303 1177 4360 transmeare.
1232 4298 1368 4360 Lucilius

216 4388 267 4447 lih.
282 4388 364 4447 XXX
388 4384 460 4447 “uir
482 4408 563 4449 mare
586 4391 710 4449 metitur
732 4408 875 4467 magnum
898 4394 939 4449 cst
966 4387 1104 4448 fluctibus
1128 4384 1293 4448 crucicle?
1342 4393 1371 4448 ct

216 4495 246 4536 se
259 4478 417 4551 Merceruq
432 4479 522 4538 trudit
540 4477 609 4537 edit.
628 4480 721 4554 princ.
740 4495 823 4537 mere
840 4497 980 4554 νκορκκικ
999 4496 1034 4536 ex
1050 4477 1142 4536 Ennii
1156 4480 1202 4536 cst
1214 4480 1370 4555 sumptum
