3000 5002
484 388 581 451 incest.
601 388 659 451 sed.
677 412 705 451 u.
726 397 911 451 nse-1174.
1212 393 1276 464 311

220 557 327 626 1172.
351 565 466 626 Gellius
485 565 587 644 1124,
607 567 626 625 3
652 561 722 625 ‘Sed
744 568 814 643 post
835 565 867 625 id
890 569 1011 626 senatus
1034 568 1203 627 consultum
1230 568 1278 627 lex

127 654 245 714 Fannia
268 655 332 714 lata
355 658 409 730 est,
433 675 509 732 quae
532 656 611 715 ludis
630 654 782 730 Romanis,
804 657 878 716 item
896 655 975 715 ludis
993 655 1106 733 plebeis
1125 660 1156 716 et
1175 655 1277 717 Satur·

128 743 247 803 nulibus
270 747 301 803 et
324 745 392 805 aliis
415 744 593 821 quibusdam
616 744 719 804 diebus
742 746 775 804 in
798 745 932 823 singulos
955 745 1018 805 dies
1041 750 1179 807 centenos
1200 749 1278 807 aeris

127 834 238 892 insumi
262 834 407 895 concessit
429 834 589 910 decemque
613 834 681 894 aliis
705 834 809 894 diebus
835 837 867 893 iu
894 834 1020 913 singulis
1047 835 1197 895 mensibus
1224 839 1277 896 tri-

128 941 224 997 cenos,
247 926 353 983 ceteris
377 926 477 983 autem
500 923 604 983 diebus
627 923 765 984 omnibus
787 922 886 984 denos.
932 925 1009 984 hanc
1031 924 1164 985 Lucilius
1187 929 1278 1002 poeta

126 1011 224 1090 legem
248 1013 406 1092 significat,
430 1031 499 1072 cum
522 1012 596 1072 dicit
619 1008 741 1072 “Fanni
763 1015 908 1074 centussis
935 1009 1093 1075 misellus”
1123 1006 1228 1096 (sellus
1246 1013 1276 1074 A

126 1105 177 1175 qui
205 1103 242 1161 cb
269 1103 316 1162 bis
343 1103 444 1163 titteris
471 1104 586 1177 incpit,
614 1102 747 1162 misellos
773 1096 903 1185 reliqui).
954 1103 985 1161 in
1014 1123 1074 1180 quo
1102 1109 1278 1164 errauerunt

127 1192 248 1267 quidam
271 1193 551 1252 commentariorum
573 1192 606 1250 iu
629 1191 779 1251 Lucilium
801 1194 968 1269 scriptores,
992 1192 1072 1270 quod
1095 1197 1278 1270 putauerunt

127 1280 244 1341 Fannia
276 1281 341 1359 lege
372 1284 531 1357 perpetuos
563 1283 595 1340 in
628 1300 715 1341 omne
746 1281 863 1341 dierum
895 1300 987 1360 genus
1024 1286 1163 1343 centenos
1200 1285 1277 1343 aeris
1309 1273 1313 1280 ⁵

127 1364 278 1429 statutos’.
314 1370 484 1430 Macrobius
508 1368 570 1429 Sat.
590 1369 637 1429 III
657 1373 708 1445 17,
728 1372 746 1429 5
772 1366 900 1430 ‘Fannia
923 1375 1022 1431 eutem
1042 1372 1134 1431 etiam
1152 1374 1277 1449 sumpti·

126 1458 181 1518 bus
204 1460 326 1519 modum
353 1461 425 1520 fecit
452 1459 567 1520 assibus
595 1462 727 1520 centum:
754 1460 834 1519 unde
858 1478 876 1519 a
899 1460 1016 1521 Lucilio
1044 1465 1134 1539 poeta
1161 1463 1276 1522 festiui-

127 1550 199 1609 totis
222 1569 293 1611 suae
311 1568 393 1609 more
413 1544 607 1610 “centussis''
625 1545 771 1611 uocatur'.
805 1550 895 1609 Errat
915 1554 1020 1610 auctor
1037 1551 1182 1611 Macrobii
1199 1554 1277 1611 teste

127 1636 232 1698 Gellio.
278 1639 382 1715 Neque
404 1639 452 1699 lex
474 1639 542 1715 ipsa
565 1638 675 1699 dicitur
697 1642 851 1709 centussis,
879 1639 931 1700 sed
952 1639 1104 1700 indicatur
1126 1660 1161 1701 eo
1189 1660 1276 1700 uoce·

126 1727 196 1787 bulo
219 1731 355 1806 sumptus
377 1729 453 1806 legis
477 1729 600 1806 exiguus
624 1747 712 1804 quem
738 1729 804 1806 lege
828 1729 944 1788 Fannia
971 1732 1047 1788 teste
1070 1728 1166 1790 Gellio
1194 1732 1276 1791 insu·

125 1837 205 1877 mere
228 1818 333 1878 liceret
355 1817 458 1877 diebus
481 1818 565 1877 festis
588 1818 684 1877 ueluti
706 1817 785 1878 ludis
809 1818 952 1878 Romanis
974 1818 1087 1895 plebeis
1111 1818 1277 1879 Saturnali-

124 1905 188 1965 bus.
234 1908 312 1982 Apte
336 1907 463 1967 eontulit
485 1905 588 1966 Dousa
610 1907 740 1967 Martial.
758 1906 804 1966 III
827 1911 854 1983 7,
876 1911 893 1967 1
919 1903 1058 1967 ‘Centum
1080 1909 1190 1968 miselli
1214 1911 1276 1969 iam

126 1997 224 2056 ualete
253 1992 444 2073 quadrantes'
464 2015 488 2055 e.
503 2018 531 2074 q.
546 2015 568 2056 s.
619 1995 664 2056 De
691 1997 757 2074 lege
784 1996 901 2057 Fannia
927 1997 992 2058 lata
1024 2017 1102 2058 anuo
1131 1992 1273 2077 5931161

126 2084 194 2145 uide
222 2086 260 2144 ad
287 2086 337 2146 lib.
357 2087 385 2143 V
403 2107 431 2144 u.
453 2087 531 2146 193:
563 2085 639 2146 libro
657 2086 701 2145 IV
733 2086 892 2162 adscripsit
923 2087 1093 2147 Muellerus.
1149 2088 1208 2165 Agi
1239 2089 1276 2148 de

126 2173 229 2233 diebus
249 2176 332 2234 festis
351 2194 369 2233 a
387 2179 477 2251 poeta
496 2179 630 2252 apparet,
655 2195 725 2235 nam
744 2176 883 2252 profestis
902 2176 1005 2237 diebus
1024 2196 1097 2236 cena
1114 2177 1276 2237 secundum

126 2263 272 2322 Fanniam
292 2266 356 2323 erat
374 2264 488 2324 deciscis
511 2265 573 2324 siue
595 2264 764 2324 deensibus:
782 2264 852 2324 uide
877 2265 916 2323 ad
934 2265 1037 2326 iucert.
1055 2286 1084 2325 u.
1106 2268 1190 2325 1153
1206 2266 1275 2327 dub.

126 2373 154 2411 u.
171 2354 255 2413 1353
276 2354 447 2413 centenaria
469 2371 542 2412 cene
560 2352 610 2412 lib.
630 2352 704 2413 XIII
722 2374 750 2412 u.
766 2355 844 2428 4403
863 2354 1015 2430 scripsisse
1041 2354 1159 2415 uidetur
1186 2358 1275 2433 poeta

126 2441 221 2501 ueluti
249 2432 404 2519 ‘festisque
432 2442 535 2503 diebus
563 2462 622 2503 non
649 2443 749 2520 placet
776 2443 845 2503 huic
872 2443 986 2503 bomini
1008 2444 1104 2502 Fanni
1133 2447 1275 2505 centussis

126 2527 280 2591 misellus’.
326 2535 466 2592 centussis
489 2531 633 2592 hocloco
656 2532 743 2592 codd:
767 2532 835 2591 uide
863 2533 901 2591 ad
924 2553 953 2594 u.
975 2535 1069 2592 1153.
1116 2532 1160 2593 De
1184 2532 1276 2593 Gellii

127 2623 157 2679 et
180 2620 324 2680 Macrobii
347 2622 420 2682 locis
444 2623 515 2682 conf
529 2622 662 2702 prolegg.
682 2642 709 2699 p.
729 2622 782 2680 LV
791 2640 873 2699 seqq.

219 2702 324 2770 1173.
349 2710 425 2772 Vide
444 2710 482 2770 ad
499 2712 603 2772 incest.
623 2732 650 2770 u.
668 2713 762 2772 1101.
777 2743 821 2753 -
838 2703 944 2774 1174.
967 2711 1137 2772 Macrobius
1156 2711 1275 2772 Saturn.

126 2800 174 2858 III
194 2802 244 2875 16,
265 2803 304 2859 17
326 2795 396 2860 ‘Sed
415 2803 446 2860 et
464 2800 605 2876 Lucilius,
629 2821 696 2862 acer
714 2804 744 2860 et
761 2802 911 2862 uiolentus
929 2805 1028 2878 poeta,
1050 2787 1183 2861 ostendii
1200 2803 1275 2861 seire

126 2910 158 2950 se
180 2890 258 2948 bunc
281 2891 392 2966 piscem
415 2890 527 2969 egregii
550 2893 665 2968 saporis
684 2892 736 2968 qui
752 2893 832 2951 inter
850 2891 923 2951 duos
941 2895 1048 2967 pontes
1066 2893 1171 2967 ceptus
1189 2896 1276 2965 esset,

126 2998 252 3055 eumque
284 2981 371 3056 quasi
402 2980 603 3058 ligurritorem
637 2975 856 3041 “cabilonem’'
890 2981 1037 3058 appellat,
1073 2980 1187 3040 scilicet
1223 2983 1275 3057 qui

126 3070 261 3145 proxime
284 3070 366 3146 ripas
390 3073 503 3129 stereus
525 3071 745 3130 insectaretur.
766 3073 887 3149 proprie
905 3074 1006 3129 autem
1024 3069 1180 3130 catillones
1199 3069 1276 3130 dice·

125 3158 248 3231 bantur,
277 3160 329 3234 qui
352 3157 392 3217 ad
413 3158 578 3234 polluctum
602 3159 739 3220 Herculis
761 3158 862 3218 ultimi
884 3177 951 3219 cum
978 3162 1129 3235 uenirent,
1156 3160 1275 3220 catillos

127 3248 316 3326 ligunlbant.
357 3247 468 3307 Lucilii
493 3267 594 3308 uersus
621 3249 652 3307 hi
680 3253 751 3309 sunt
774 3244 908 3328 “fingere
1000 3249 1152 3311 Tiberinas
1176 3244 1274 3331 (Tibe-

126 3339 205 3396 rtme'
236 3336 328 3398 lenus
360 3330 478 3418 Dousa)
497 3382 504 3396 .
525 3384 530 3395 .
551 3384 557 3396 .
576 3334 724 3399 catillo'’.'
780 3338 891 3398 Paulus
924 3357 959 3398 er
990 3339 1080 3399 Festo
1107 3360 1136 3416 p.
1156 3341 1213 3413 44,
1234 3342 1273 3399 12

128 3423 302 3488 ‘GatiMoues
328 3426 523 3505 appellabant
549 3430 668 3504 antiqui
694 3424 824 3506 gulosos’
849 3448 877 3504 p.
898 3430 988 3503 90,2
1014 3423 1169 3489 ‘Fiscellus
1196 3431 1275 3490 casei

126 3516 226 3577 mollis
249 3518 413 3593 appetitor,
440 3519 476 3575 ut
500 3517 656 3579 catillones
683 3517 853 3577 ostillorum
881 3513 1088 3595 ligunitores'.
1134 3504 1275 3595 Reliquus

126 3607 240 3684 glossas
263 3625 339 3683 quae
361 3608 533 3683 pertineant
555 3606 593 3666 ad
615 3608 694 3667 hunc
711 3628 740 3666 u.
759 3610 902 3667 enarrant
919 3606 1058 3667 Goetaius
1075 3609 1107 3666 in
1122 3606 1274 3667 Thesauro

126 3696 214 3773 gloss.
233 3715 288 3755 em.
307 3714 329 3754 s.
348 3715 376 3754 u.
396 3696 499 3755 catillo
522 3695 662 3756 Loeweus
686 3698 717 3755 in
739 3696 903 3757 Prodromo
926 3716 955 3774 p.
975 3698 1048 3756 321.
1095 3695 1274 3756 Catillonem

126 3784 299 3844 Tiberinum
332 3803 399 3843 eum
432 3787 542 3863 piscem
573 3787 625 3863 qui
656 3789 769 3846 stercus
800 3789 832 3844 iu
862 3784 964 3846 Tiberi
990 3787 1186 3845 insectaretur
1213 3778 1273 3844 κατ’

126 3871 304 3951 ἀντίφρασιν
326 3878 417 3950 poete
440 3874 606 3951 appellauit
628 3875 691 3933 siue
714 3893 749 3934 ex
772 3876 931 3950 contrario,
953 3877 989 3933 ut
1011 3877 1036 3933 si
1059 3875 1127 3951 quis
1150 3874 1275 3951 impium

127 3963 251 4021 Aenean
264 3963 314 4022 uel
329 3963 499 4022 adulterum
513 3963 713 4040 Hippolytum
730 3965 863 4040 appellet
881 3957 934 4046 (ad
947 3963 1017 4023 Her.
1027 3963 1072 4023 IV
1086 3965 1138 4038 34,
1149 3966 1189 4024 46
1201 3966 1274 4022 extr.

127 4051 251 4122 Quintil.
272 4051 346 4112 VIII
366 4053 395 4128 6,
415 4045 576 4134 54seqq.):
611 4055 706 4129 pisces
742 4052 904 4113 fluuiatiles
940 4056 1053 4113 stercus
1089 4051 1276 4112 comedentes

127 4144 273 4202 memorat
302 4142 437 4203 Philemo
463 4140 540 4200 GAF
558 4142 588 4200 11
607 4162 635 4219 p.
656 4143 730 4216 500,
752 4140 830 4201 1811
861 4140 957 4200 καίτοι
987 4138 1155 4221 παρέλαβον
1187 4140 1275 4219 ἰχθῦς

126 4231 291 4310 ποταμίους
322 4229 480 4304 ἐσθίοντας
511 4229 667 4311 βόρβορον.
721 4231 840 4306 Lupum
871 4231 982 4306 piscem
1019 4250 1106 4306 quem
1143 4230 1275 4310 λάβρακα

128 4321 234 4382 Graeci
257 4321 361 4381 dicunt
383 4323 461 4381 inter
483 4319 558 4380 duos
575 4323 681 4396 pontes
700 4324 821 4396 captum
840 4325 874 4379 ut
891 4320 1038 4395 optimum
1057 4319 1155 4379 Titius
1174 4323 1276 4379 orator

127 4413 235 4470 aetatis
262 4410 436 4471 Lucilianae
464 4413 610 4470 memoret
632 4428 679 4486 ap.
703 4409 831 4468 Macrob.
850 4410 870 4469 l.
889 4427 911 4468 s.
931 4427 976 4483 s.,
998 4412 1153 4484 praeterea
1180 4407 1275 4468 Hora·

126 4502 188 4561 tius
215 4519 301 4561 serm.
320 4500 351 4559 H
370 4503 403 4576 2,
428 4502 468 4561 32
493 4499 607 4559 Plinius
634 4502 696 4559 nat.
719 4499 788 4558 hist.
806 4499 849 4558 IX
870 4501 946 4573 169,
973 4498 1080 4576 lupum
1102 4498 1276 4559 Tiberinum

1008 4600 1062 4653 ῃ*
