3030 5002
193 317 236 381 56
678 310 716 364 ΙΙΙ
735 298 842 364 1117.

194 479 348 568 (Dessauii
369 485 457 544 inser.
481 483 532 542 sel.
554 481 638 543 5161
661 500 679 540 1
704 471 808 562 seqq).
855 479 958 539 Veluti
981 480 1083 557 potuit
1105 477 1231 539 scribere
1254 480 1344 557 poeta

195 572 328 636 ‘broccus
351 572 432 633 Noui
454 566 657 650 <Ae>uanus=
686 565 798 629 “dente
822 569 947 629 aduerso
971 569 1101 628 eminulo
1124 569 1173 628 hic
1196 571 1242 629 est
1263 567 1343 627 rino-

194 659 332 726 ceros!'’'
371 661 519 723 Accianus
542 663 577 721 ut
599 659 701 719 eodem
724 658 812 718 modo
836 661 867 718 et
888 658 1002 718 dictum
1025 661 1056 718 et
1081 660 1113 716 in
1141 657 1216 719 codd
1244 675 1344 717 corru-

194 756 280 832 ptum
299 754 340 812 sii
357 770 418 829 quo
437 749 621 811 Aeserninus
638 747 689 808 lib.
708 749 752 807 IV
771 769 799 807 u.
821 750 893 807 149.
916 780 953 789 -
975 750 1108 818 broccus,
1134 747 1213 824 quod
1233 746 1344 807 Graeco

195 841 320 923 βρόγχος
343 842 498 918 comparat
520 838 738 912 Lachmannus,
761 857 859 897 errore
880 837 972 897 Nonii
995 841 1100 897 natum
1122 855 1185 898 esse
1204 835 1345 896 arbitror:

195 951 291 1008 neque
310 931 388 991 anim
408 929 483 990 alias
502 930 585 989 extat
603 928 659 988 hoc
677 927 854 988 uocabulum
874 929 907 985 iu
925 927 1035 987 litteris
1054 926 1171 986 hannis
1189 930 1220 987 et
1240 927 1346 985 melius
1372 959 1380 979 .

196 1040 286 1099 quam
313 1019 406 1081 Nonii
433 1018 508 1079 codd
536 1018 670 1083 seruauit
698 1036 801 1075 ueram
832 1017 990 1076 lectionem
1022 1018 1200 1095 glossarium
1224 1014 1346 1076 cciv

196 1133 224 1188 p.
245 1111 320 1184 443,
340 1110 380 1167 28
415 1104 524 1167 ‘hrocci
558 1110 627 1168 sunt
658 1105 803 1182 producto
835 1124 885 1167 ore
917 1108 949 1165 et
980 1098 1055 1185 (orci
1088 1097 1177 1187 codd)
1207 1105 1346 1165 dentibus

196 1193 445 1278 prominentibus'
465 1200 509 1257 40
528 1191 646 1256 ‘brocca
664 1191 794 1256 labrosa’
814 1215 842 1272 p.
860 1198 932 1270 272,
948 1195 989 1254 28
1010 1190 1144 1256 ‘broccus
1164 1196 1216 1271 qui
1229 1194 1347 1255 labrum

196 1289 331 1366 superius
358 1287 507 1347 tumidum
529 1281 631 1346 habet’
650 1286 682 1345 Π
704 1305 733 1362 p.
754 1286 805 1360 31,
826 1287 869 1344 20
897 1279 1035 1344 ‘brochus
1060 1279 1076 1343 d
1104 1282 1137 1344 τὸ
1163 1280 1227 1344 ἄνω
1253 1287 1348 1363 χεῖλος

196 1372 339 1461 qidqanir’.
390 1376 435 1436 De
463 1375 601 1436 dentibus
629 1375 764 1435 eminulis
794 1393 902 1434 canum
928 1373 1024 1433 Varro
1052 1394 1107 1433 rer.
1135 1377 1208 1434 rust.
1226 1374 1258 1432 II
1278 1375 1346 1448 9,3

197 1468 277 1528 idern
300 1465 423 1526 adhibet
445 1466 626 1526 adiectiuum
650 1460 668 1523 ‘.
685 1511 691 1523 .
708 1511 713 1522 .
729 1462 838 1523 debent
860 1482 922 1524 esse
938 1510 943 1522 .
960 1511 965 1522 .
982 1510 988 1522 .
1003 1465 1104 1525 mento
1132 1482 1289 1542 suppresso
1318 1465 1349 1522 et

198 1578 233 1618 ex
256 1576 290 1617 1ο
315 1556 411 1617 enatis
437 1555 552 1616 duobus
579 1552 717 1613 dentibus
745 1553 850 1612 dextra
877 1555 909 1612 at
935 1552 1057 1614 sinIstru
1083 1554 1174 1631 paulo
1202 1554 1348 1626 eminulis,

198 1645 399 1724 superioribus
422 1645 546 1705 derectis
568 1644 669 1720 potius
690 1661 781 1719 quam
802 1638 958 1718 brocehie';
980 1643 1059 1702 idem
1081 1643 1113 1702 H
1134 1646 1161 1717 7,
1181 1644 1200 1702 3
1224 1642 1260 1702 11
1279 1642 1348 1701 den·

198 1735 279 1796 tibus
302 1753 446 1810 equorum
469 1729 691 1809 ‘praeterquam
714 1751 781 1791 oum
804 1732 907 1791 dentes
930 1731 992 1792 siut
1014 1733 1088 1791 lacti
1106 1728 1235 1792 brocchi'
1261 1750 1349 1808 quem

200 1826 298 1885 locum
327 1824 483 1898 exscripsit
505 1822 581 1880 Plin.
609 1824 670 1880 nat.
694 1821 763 1881 hIst.
782 1821 825 1881 XI
846 1822 908 1880 169
939 1816 1085 1882 ‘senectus
1112 1822 1144 1880 in
1172 1823 1256 1898 equis
1281 1869 1286 1879 .
1312 1869 1317 1879 .
1342 1868 1348 1879 .

200 1913 387 1992 intellegitur
414 1912 548 1972 dentium
571 1906 776 1985 brocchitate’‚
803 1930 870 1970 cum
898 1910 1064 1972 Columella
1081 1912 1125 1970 VI
1145 1913 1196 1987 29,
1216 1912 1234 1970 5
1259 1930 1349 1988 equo-

200 2024 268 2063 rum
286 2001 501 2082 senescentium
519 2000 602 2060 dieat
620 1995 734 2060 ‘dentes
752 1996 941 2077 prominere’3
960 1999 1029 2060 uide
1048 2001 1140 2060 Keilii
1158 2002 1349 2060 commentar.

200 2114 228 2171 p.
251 2093 323 2151 186.
381 2091 531 2151 Foerateri
568 2089 675 2166 Script
711 2088 907 2167 Physiogn.1
933 2110 961 2167 p.
982 2092 1095 2165 427,8
1135 2087 1350 2169 Φελολοιδόρου

201 2185 319 2260 σημεῖα·
343 2178 375 2241 τὸ
398 2176 461 2241 dves
475 2183 570 2259 χεῖλος
593 2174 736 2257 μετέωρον
759 2175 859 2238 καὶτὸ
880 2177 958 2238 κάτω
977 2175 1102 2259 repauset
1137 2175 1350 2258 ...ἀναφέρε-

200 2293 247 2331 ται
270 2267 319 2330 ἐπὶ
340 2267 410 2342 τοὺς
433 2267 537 2341 κύνας·
563 2267 622 2328 ἴδοι
645 2259 673 2327 δ’
698 2262 737 2326 dv
755 2289 799 2339 τις
817 2264 866 2326 καὶ
884 2264 932 2327 ἐπὶ
950 2276 1009 2328 τῶν
1027 2266 1232 2348 γεγηρακότων
1250 2267 1351 2329 ianoe

201 2382 229 2439 p.
251 2361 361 2435 36,11
390 2357 607 2438 calescitque·
636 2349 682 2429 οἷς
704 2354 735 2418 τὸ
759 2352 822 2417 dves
849 2359 946 2436 χεῖλος
974 2353 1118 2437 μετέωρον
1146 2354 1196 2416 καὶ
1223 2355 1258 2417 τὰ
1285 2357 1350 2435 εἴδη

202 2453 365 2528 προπετεῖς,
389 2447 496 2525 quibus
519 2446 593 2507 locis
616 2447 717 2526 agItur
740 2446 776 2506 11
796 2446 993 2524 ringentibus.
1031 2446 1090 2507 Sed
1108 2449 1187 2507 recte
1206 2447 1352 2526 glossaria

202 2539 257 2599 illa
280 2558 356 2615 quae
378 2537 500 2598 broccus
523 2535 703 2596 uocabulum
724 2536 763 2595 ad
780 2535 866 2595 labra
883 2536 1032 2613 pertinere
1051 2535 1187 2596 edocent:
1209 2539 1254 2596 ita
1272 2536 1350 2595 enim

202 2627 317 2688 Plinius
335 2628 428 2688 refert
445 2629 506 2687 nat.
525 2626 593 2686 1111.
608 2625 651 2685 XI
667 2627 729 2685 159
750 2620 855 2700 labra,
875 2645 894 2685 a
911 2624 1020 2701 quibus
1033 2625 1169 2702 Brocchi,
1187 2620 1349 2686 Labeones‘

203 2721 234 2777 11
251 2717 401 2796 significat
419 2717 538 2793 proprie
556 2714 699 2776 brocchus
712 2715 874 2789 productis
892 2715 941 2774 uel
956 2717 1084 2775 eminens
1098 2716 1180 2774 labro
1193 2719 1352 2791 11111111,

202 2806 383 2867 transfertur
405 2825 424 2864 a
447 2804 582 2865 Varrone
605 2824 624 2865 a
645 2803 738 2864 labris
761 2804 800 2863 ad
827 2803 944 2880 dentes,
971 2823 1040 2863 cum
1067 2822 1214 2882 nusquam
1241 2804 1273 2864 id
1301 2806 1352 2866 ad-

202 2894 306 2955 hibeat
328 2895 436 2956 omisso
462 2894 651 2954 substantiae
679 2894 764 2953 dens·
790 2892 934 2954 brocebus
961 2895 1056 2973 igitur
1083 2896 1129 2954 est
1156 2897 1208 2971 qui
1235 2894 1353 2954 labrum

203 2986 339 3061 superius
362 2983 511 3043 tumidum
533 2982 624 3042 habet
648 2983 829 3060 poniturque
856 2982 913 3042 hoc
940 2982 1122 3044 adiectiuum
1149 2984 1246 3044 solum
1273 2984 1353 3060 apud

205 3073 349 3133 Plautum
373 3072 557 3150 Sitellitergo
584 3063 826 3153 (81111375)
855 3071 1004 3133 Lucilium
1028 3074 1046 3132 l.
1066 3091 1102 3147 a,
1129 3075 1165 3133 ut
1190 3092 1352 3152 cognomen

205 3164 366 3240 apponitur
392 3160 531 3239 gentibus
556 3161 707 3221 Romanis.
753 3159 832 3230 Quid
862 3179 1025 3239 cognomen
1052 3162 1110 3222 sibi
1137 3163 1212 3223 uelit
1239 3162 1353 3240 gladia·

206 3252 282 3312 toris
305 3250 463 3324 Luciliani,
486 3249 621 3326 Scriptor
639 3249 904 3329 Physiognomicus
923 3251 939 3310 I
961 3272 990 3329 p.
1011 3253 1062 3326 64,
1084 3251 1158 3311 1411
1177 3251 1307 3327 explieat
1325 3250 1356 3311 oi

205 3336 236 3400 δὲ
263 3336 300 3399 τὰ
326 3338 405 3419 χείλη
433 3335 526 3418 παχέα
552 3336 666 3418 ἔχοντες
693 3335 743 3399 καὶ
769 3338 802 3400 τὸ
829 3336 892 3400 ἅνω
919 3349 972 3401 τοῦ
1002 3340 1081 3401 κάτω
1112 3339 1354 3421 προκρεμάμενον

205 3427 311 3508 μωροί·
343 3424 521 3509 ἀναφέρεται
550 3425 600 3488 ἐπὶ
627 3426 697 3501 τοὺς
728 3424 818 3501 ὄνους
850 3422 937 3511 (conf
966 3450 1042 3507 quae
1074 3430 1283 3491 adnotauimus
1316 3428 1353 3489 ad

207 3519 310 3578 iucert.
329 3538 356 3576 u.
379 3509 479 3599 1299)
502 3539 531 3578 τε
553 3514 604 3577 καὶ
626 3516 779 3595 πιθήκους
793 3544 835 3566 =
850 3519 881 3578 II
904 3540 932 3597 p.
953 3521 1027 3600 228,
1048 3522 1066 3579 7
1090 3519 1169 3599 χείλη
1192 3514 1285 3597 παχέα
1305 3516 1355 3578 καὶ

205 3605 329 3685 μάλιστα
351 3603 387 3667 τὰ
408 3602 471 3668 ἅνω
491 3606 602 3686 μωρίας
620 3612 752 3686 σημεῖον.
790 3607 881 3668 Cuius
899 3608 1088 3670 aduersarius
1107 3609 1186 3687 apud
1205 3607 1355 3667 Lucilium

205 3716 264 3757 non
292 3696 433 3758 brocohos
460 3696 551 3757 habet
578 3716 680 3757 omnes
707 3697 822 3773 dentes,
854 3697 905 3758 sed
937 3719 1031 3758 unum
1061 3697 1270 3759 tantummodo
1304 3699 1354 3759 ad-

206 3806 326 3847 uersum
345 3787 508 3847 eminulum
527 3779 614 3868 (conf
628 3786 678 3846 lib.
698 3786 741 3845 IX
760 3807 788 3846 u.
809 3788 871 3847 337
891 3787 980 3846 XVII
998 3808 1026 3847 u.
1047 3781 1140 3871 546):
1164 3808 1255 3865 quare
1275 3790 1354 3848 riuo-

206 3879 308 3938 cerota
335 3896 403 3937 eum
430 3876 508 3937 dixit
534 3877 723 3936 aduersarius
750 3895 769 3936 a
796 3895 902 3937 cornus
932 3878 1131 3938 similitudine
1159 3878 1238 3956 quod
1265 3878 1357 3938 hahet

206 3966 288 4027 istud
311 3966 423 4028 animal
446 3985 519 4027 naso
542 3967 814 4044 superimpositum.
833 3997 878 4007 -
895 3965 1202 4027 Animaduertendum
1230 3970 1275 4026 est
1297 3966 1356 4026 Lu·

207 4055 311 4114 cilium
333 4056 572 4115 uetustissimum
595 4072 656 4114 esse
677 4056 852 4131 scriptorem
870 4053 1013 4115 Latinum
1032 4058 1085 4132 qui
1102 4057 1139 4116 de
1156 4057 1212 4115 hoo
1231 4056 1356 4116 animali

206 4144 389 4220 mentionem
411 4144 528 4204 lacent:
556 4144 637 4202 inter
659 4142 786 4203 Graecos
809 4146 922 4220 primus
946 4145 1090 4205 nonnulla
1113 4145 1149 4204 11
1175 4144 1232 4204 bac
1259 4144 1356 4204 bestia

207 4231 327 4290 uidetur
344 4232 503 4293 tradidisse
516 4232 723 4293 Artemidorus
737 4233 884 4311 Ephesius
898 4232 1008 4293 Lucilii
1026 4236 1104 4294 senis
1122 4234 1257 4309 aequalis
1274 4233 1355 4310 apud

209 4319 305 4381 Strab.
325 4320 398 4380 XVI
419 4342 448 4398 p.
469 4323 542 4380 774.
596 4320 779 4381 Artemidori
815 4324 1000 4383 narrationes
1036 4321 1176 4383 exhibent
1210 4322 1355 4382 Aelianus

206 4410 275 4470 hist.
294 4428 342 4468 an.
361 4410 448 4470 XVII
468 4411 509 4469 44
533 4410 609 4470 Plin.
632 4413 695 4471 nat.
722 4411 790 4472 hist.
810 4412 885 4472 VIII
905 4414 954 4470 71.
1004 4411 1146 4488 Inprimis
1173 4412 1229 4471 illa
1255 4414 1354 4472 111111
