3060 5010
214 354 258 421 80
664 353 692 410 ·V
709 359 906 411 6181-191.

215 526 273 585 fuit
299 524 409 585 Licinii
437 523 536 585 Crassi
561 524 639 585 illud
666 525 805 585 similiter
831 524 969 586 desinam
1000 525 1131 603 positum
1164 525 1197 585 in
1226 525 1364 587 suasione

213 616 289 694 legis
317 613 462 674 Seruiliae
490 614 562 675 anni
591 609 739 695 106l648
769 611 888 693 ‘quibus
915 617 946 675 et
974 633 1134 693 possumus
1158 616 1188 674 et
1211 611 1363 676 dehemus’

214 696 330 782 (ow
351 724 380 780 p.
401 705 466 765 300
488 704 520 763 Μ
547 705 623 765 rhet.
642 704 681 763 ad
707 704 778 764 Her.
797 705 841 764 IV
862 707 895 780 3,
920 706 938 764 6
960 704 1074 765 01616
1102 704 1251 779 or.152,
1276 697 1363 786 226).

213 794 361 854 Ριιθνὲίεοι
388 793 534 854 eiusmodi
561 794 757 856 elocutionem
786 793 977 871 reprehendit
1001 795 1078 853 rhet.
1097 793 1136 853 ad
1158 794 1228 853 Her.
1249 792 1294 853 IV
1314 796 1365 870 23,

219 884 271 943 326
309 883 437 943 audiunt
472 883 617 943 eiusmodi
652 883 766 963 figurae
807 882 1009 963 μειρακιώδεις
1050 883 1250 963 σχηματισμοί
1283 883 1365 960 apud

215 972 340 1050 Dionys.
360 973 456 1033 Halio.
473 973 512 1031 ad
530 973 627 1032 Amm.
642 973 679 1033 de
693 972 824 1050 Thucyd.
840 992 903 1050 oap.
920 976 959 1033 17
979 994 1008 1050 p.
1023 974 1098 1049 437,
1118 972 1277 1034 47666611
1290 973 1364 1032 1161.

215 1064 386 1139 oarpaitque
416 1062 637 1139 Theophrastus
665 1063 749 1124 ouius
775 1062 920 1122 iudicium
947 1064 1066 1122 secutus
1092 1066 1138 1122 est
1169 1062 1303 1123 Lucilius
1332 1059 1364 1122 τὸ

213 1150 373 1224 παιδιῶδες
386 1154 419 1211 16
437 1151 549 1212 talibus
568 1144 706 1234 (Dionys.
720 1152 818 1212 Halia.
833 1150 869 1211 de
883 1150 952 1228 Lys.
967 1171 1030 1228 666.
1047 1154 1088 1211 14
1103 1173 1131 1229 p.
1148 1154 1199 1228 24,
1220 1155 1237 1211 7
1253 1152 1304 1211 Vs.
1314 1146 1364 1233 R).

214 1241 260 1300 De
278 1240 418 1301 Isooratis
436 1241 680 1302 homoeoteleutis
695 1243 796 1320 agitur
809 1244 965 1317 praeterea
979 1240 1038 1300 016.
1054 1260 1095 1301 or.
1112 1244 1163 1317 12,
1178 1242 1219 1302 38
1235 1240 1364 1300 Demetr.

214 1330 251 1390 de
274 1331 346 1391 6166.
365 1349 429 1407 oap.
445 1332 487 1390 26
507 1329 560 1389 Ru
579 1330 623 1390 IX
639 1351 669 1407 p.
686 1333 737 1406 16,
757 1333 775 1390 5
796 1330 845 1389 W.
859 1330 907 1389 111
924 1352 952 1408 p.
969 1332 1043 1405 267,
1063 1332 1081 1390 6
1102 1329 1152 1407 Sp.
1171 1331 1315 1391 Alexand.
1335 1333 1366 1390 61

216 1418 517 1497 Τ1666.11(17Π16.
533 1421 611 1496 475,
637 1422 687 1481 10.
712 1421 775 1480 662
790 1419 900 1480 W.HI
921 1440 951 1497 p.
967 1421 1022 1496 36,
1050 1422 1077 1479 1.
1104 1422 1159 1494 74,
1186 1422 1227 1480 29
1248 1420 1297 1497 Sp.
1321 1451 1366 1461 —

219 1510 291 1569 184.
314 1513 350 1569 ut
372 1511 495 1587 periisse
521 1504 611 1589 uelis]
640 1508 745 1569 (11616
768 1508 852 1569 Verr.
866 1510 914 1569 ΠΙ
935 1512 989 1584 77,
1014 1510 1078 1569 180
1102 1504 1182 1569 ‘uide
1202 1512 1365 1586 .si.quis

215 1602 282 1658 est.
299 1643 327 1657 ..
347 1599 399 1676 qui
422 1601 453 1659 16
470 1600 548 1658 nolit
569 1593 692 1675 perisse’
713 1591 856 1680 (interpp.
876 1599 913 1659 ad
931 1598 1004 1659 Hor.
1019 1616 1105 1658 serm.
1119 1599 1151 1658 11
1171 1600 1200 1674 3,
1220 1591 1307 1681 187).
1321 1631 1366 1641 -

218 1687 291 1746 186.
313 1690 344 1747 16
367 1688 393 1748 si
415 1690 515 1748 minus
538 1683 681 1768 delectat]
704 1690 749 1747 ita
769 1687 887 1748 (laelius
910 1688 990 1766 apud
1015 1687 1312 1766 cieepistvm1,
1333 1692 1366 1748 1:

216 1773 313 1846 ‘Quod
327 1778 495 1854 exemplum
510 1778 626 1837 siforte
640 1779 782 1838 minuata
796 1773 961 1838 1616616111
983 1824 988 1836 .
1005 1825 1011 1836 .
1027 1824 1033 1836 .
1069 1778 1114 1838 De
1127 1777 1366 1855 interpunctione

213 1867 304 1926 huius
322 1867 493 1946 fragmenti,
511 1867 591 1943 quod
609 1867 673 1927 sine
691 1869 880 1946 grammatici
898 1885 989 1944 opera
1007 1867 1141 1947 intellegi
1160 1870 1212 1926 uix
1225 1869 1366 1944 potuerit,

217 1955 288 2016 6661
308 1974 385 2032 6666
408 1956 444 2016 V.
459 1957 632 2017 Wilolrenus
655 1959 793 2034 exposuit
814 1956 915 2017 Herm.
930 1957 1045 2016 XXXII
1065 1958 1149 2016 1897
1169 1977 1198 2033 p.
1214 1958 1287 2016 482.

308 2037 389 2105 189.
412 2045 489 2106 Non.
504 2066 532 2123 p.
550 2047 623 2120 173,
643 2049 683 2105 17
710 2041 886 2122 ‘Sententia
908 2046 1089 2107 sensibilitas
1106 2094 1111 2105 .
1127 2091 1134 2105 .
1150 2045 1250 2106 ,11661
1272 2046 1324 2106 lib.
1337 2045 1365 2102 V

216 2130 267 2194 “si
286 2183 292 2196 .
309 2181 315 2194 .
331 2180 337 2193 .
356 2138 510 2210 scriptores
529 2153 620 2212 quam
639 2180 645 2193 .
661 2181 668 2195 .
685 2181 690 2193 .
710 2131 838 2196 oordi’'.'
875 2134 948 2197 Post
965 2138 1118 2212 scriptoris
1134 2138 1214 2196 reete
1229 2136 1367 2196 distinxit

216 2221 385 2285 Onionsius.
405 2223 572 2301 Scripserat
589 2224 721 2286 Lucilius
740 2226 772 2285 in
791 2226 842 2300 eis,
861 2227 913 2302 qui
927 2226 981 2286 hos
995 2228 1218 2287 anteoessemnt
1231 2225 1366 2286 uersibus

216 2308 354 2373 ‘fortasse
386 2316 421 2372 tu
452 2333 511 2373 nou
544 2314 643 2375 orodes
675 2334 723 2375 me
755 2333 818 2375 6666
849 2316 1005 2392 tantopere
1034 2316 1172 2376 affectum
1200 2316 1366 2375 miserrima

214 2404 346 2480 corporis
368 2403 543 2463 infirmitate
566 2423 671 2481 meque
694 2403 773 2464 diaes
797 2403 833 2464 de
855 2404 1027 2464 ualetudine
1049 2425 1110 2466 non
1133 2425 1206 2465 uera
1224 2404 1365 2482 profiteri.

216 2491 289 2566 Sed,
317 2493 401 2552 oredo
428 2492 516 2570 mihi,
543 2512 598 2574 ego
626 2494 788 2572 gauderem
816 2489 853 2553 ‘si
883 2496 946 2553 tam
969 2512 1076 2571 corpus
1099 2494 1208 2554 Luoilii
1230 2494 1367 2553 ualidum

215 2585 349 2642 maneret
370 2586 525 2659 tamquam
547 2584 633 2643 miles
656 2583 722 2643 loeo
745 2603 780 2643 ao
802 2585 931 2662 regione,
955 2603 1045 2661 quam
1067 2585 1181 2644 ueritas
1204 2586 1232 2644 ei
1250 2601 1367 2660 semper

215 2674 317 2732 manet
348 2672 430 2733 cordi
468 2674 500 2732 in
536 2669 681 2733 dicendo’.
736 2672 846 2733 Poetae
885 2675 1045 2733 ueritatem
1080 2673 1186 2734 laudat
1222 2672 1366 2734 Horatius

215 2780 299 2822 serm.
313 2761 345 2820 Π
366 2764 399 2838 1,
423 2763 474 2820 31.
526 2762 605 2822 Looo
633 2781 668 2822 ao
695 2765 816 2840 regione
843 2765 878 2822 ut
904 2763 1206 2824 Ρ1661.Ρ6661.696
1236 2759 1280 2823 ‘hi
1309 2762 1366 2823 loci

215 2853 286 2911 sunt
314 2854 405 2927 atque
431 2851 488 2911 hae
515 2848 661 2932 regiones'
690 2852 845 2912 1161227
878 2847 963 2912 ‘haec
990 2856 1060 2913 sunt
1089 2853 1155 2913 1666
1187 2856 1277 2929 61666
1309 2854 1366 2911 hae

216 2936 364 3019 regiones'
388 2939 520 3000 Luor.H
539 2943 603 3002 634
623 2936 668 3001 ‘at
694 2942 814 3020 regione
841 2942 966 3018 locoque
994 2944 1053 3002 6116
1075 2944 1222 3018 terrisque
1245 2943 1366 3002 rtmotis

216 3030 312 3089 multa
339 3029 411 3088 11661
437 3048 544 3109 genere
571 3049 633 3090 6666
660 3033 693 3089 16
720 3026 767 3090 66’
795 3024 854 3113 (IV
874 3024 966 3114 786);
995 3031 1064 3091 6116
1086 3031 1146 3091 ind.
1162 3051 1285 3110 gramm.
1300 3048 1322 3090 s.
1337 3051 1365 3090 u.

215 3119 412 3195 tendiodyotn
448 3121 479 3178 61
513 3122 670 3180 castrensis
705 3138 809 3181 sermo.
863 3123 975 3181 6661166
1011 3123 1152 3181 creticum
1188 3119 1366 3180 uooabulum

217 3225 322 3267 uersus
340 3226 400 3267 non
418 3209 501 3284 capit
518 3208 596 3268 unde
614 3228 687 3269 uera
705 3212 853 3270 sententia
867 3209 1009 3286 Lucilius,
1027 3230 1100 3271 uera
1117 3210 1196 3270 ratio
1210 3209 1366 3269 Lucretius

216 3296 363 3357 dixerunt.

307 3377 389 3448 191.
408 3386 523 3447 Nonius
542 3407 569 3464 p.
587 3391 638 3464 13,
658 3391 698 3448 26
719 3383 860 3467 ‘crepera
878 3408 925 3450 res
944 3391 1063 3467 proprie
1081 3389 1192 3450 dieitur
1210 3389 1365 3449 dubia.

216 3474 349 3535 Lucilius
376 3478 546 3552 satyrarum
568 3477 619 3537 lib.
634 3478 662 3535 V
687 3472 840 3539 “sonnoot
862 3481 932 3539 66116
959 3481 1034 3538 mihi
1061 3482 1093 3540 in
1120 3498 1230 3558 magno
1257 3496 1367 3539 merore

216 3566 344 3625 tristitia
370 3566 402 3624 in
429 3583 543 3626 666666
570 3585 688 3642 crepero
714 3569 854 3629 inuentus
877 3565 1029 3629 salutis''.'
1075 3569 1207 3630 Verbum
1230 3568 1367 3629 substan*

216 3656 314 3714 tiuum
337 3673 405 3715 oum
427 3657 468 3715 sit
491 3658 641 3733 omissum,
664 3659 728 3718 iure
750 3661 852 3718 nostro
871 3660 1030 3719 nossetis
1048 3660 1107 3719 166
1125 3661 1366 3720 constituerimus

216 3744 321 3804 uerba:
352 3745 397 3806 sol
428 3747 455 3806 is
486 3747 562 3806 mihi
592 3748 733 3808 inuentus
760 3750 792 3806 in
824 3767 1012 3825 creperum,
1044 3749 1076 3807 id
1106 3752 1151 3810 661
1177 3751 1210 3808 16
1236 3749 1366 3809 tenebris

216 3836 359 3895 maeroris
382 3834 528 3911 datorque
551 3837 671 3897 salutis:
694 3837 766 3897 6661
787 3836 945 3897 611164
970 3834 1008 3898 ‘is
1031 3838 1080 3898 hio
1098 3841 1175 3899 situs
1194 3841 1263 3915 quei
1281 3859 1366 3897 num-

217 3942 308 4000 quam
335 3926 432 3985 uiotus
460 3927 506 3986 est
533 3921 679 3986 uirtutei’.
725 3926 871 3986 Artemid.
885 3927 917 3986 H
937 3928 977 3986 36
998 3949 1026 4005 p.
1043 3929 1121 4005 133,
1142 3929 1182 3988 26
1203 3929 1239 3986 H
1263 3924 1368 4007 ἡλίους

293 4011 327 4073 τὰ
350 4011 488 4095 ἀρρενικὰ
511 4012 599 4075 τέκνα
627 4015 658 4075 οἵ
677 4019 775 4095 γονεῖς
797 4013 1041 4097 ὑποκοριζόμενοι
1068 4021 1191 4079 καλοῦσι
1281 4016 1367 4096 ἥλιον

292 4099 342 4162 καὶ
372 4101 427 4181 τὴν
458 4101 630 4184 ἐλευθερίαν
661 4109 804 4165 καλοῦσιν
835 4102 993 4186 ἅνθρωποι
1014 4106 1087 4167 Hor.
1114 4102 1236 4167 'sarmI
1263 4109 1297 4182 7,
1324 4108 1365 4166 24

218 4187 322 4251 ‘solem
348 4191 439 4252 Asiae
466 4194 594 4254 Brutum
621 4190 767 4272 appellat'
800 4194 852 4254 uhi
878 4194 1076 4275 Xiesslingius
1105 4196 1185 4273 quod
1212 4198 1368 4273 oomparat

217 4281 402 4358 epigramma
433 4281 626 4342 Kaibelianae
659 4284 787 4363 syllogus
821 4285 884 4344 306
917 4285 1004 4365 γαίης
1031 4278 1191 4367 Ἰλλυρίδος
1230 4286 1366 4366 δεύτερον

216 4364 316 4446 ἠέλιον
342 4374 532 4446 comparetur
559 4374 679 4449 oportet
704 4393 772 4433 oum
801 4372 859 4434 016.
879 4374 916 4433 16
938 4378 1000 4435 nat
1019 4376 1098 4436 deor.
1112 4375 1144 4435 Π
1163 4377 1199 4452 6,
1224 4378 1265 4434 14
1296 4371 1366 4452 ‘quo

219 4457 339 4534 quidem
358 4477 436 4518 anno
455 4459 486 4519 P.
500 4459 660 4521 Africanus
679 4462 724 4522 sol
742 4463 820 4521 alter
837 4464 985 4523 extinctus
1003 4459 1069 4524 est'.
1110 4469 1194 4542 ipro
1212 4468 1240 4525 is
1257 4483 1367 4543 ponere
