3036 5004
579 341 655 416 XXX
673 347 866 440 11978-980.
1240 344 1307 409 319

160 530 222 572 esse
246 514 374 589 apparet
395 513 428 571 in
451 511 564 588 plurali
586 513 741 585 γλιεάιιίοει
768 513 875 572 Munro
898 512 1037 573 lacunam
1062 515 1171 573 statuit
1198 515 1308 574 iactam

159 620 223 661 esse
246 604 314 677 post
337 602 418 660 istud
441 601 565 661 uerbum
588 621 678 678 quam
701 603 854 679 suppleuit
877 601 975 662 uerbis
999 606 1025 661 ct
1046 603 1187 678 ιικδίρνε,
1214 603 1308 664 Lach-

158 710 285 750 mannus
308 691 435 764 ficedula
458 693 560 766 posuit
582 690 782 769 singulariter.
825 690 919 760 Quem
941 695 1020 752 recte
1043 694 1148 752 fecisse
1167 693 1308 753 arbitror:

157 781 236 839 idem
255 799 312 840 usn
330 780 414 839 uenit
432 779 576 839 Varronis
592 781 611 839 l.
627 800 649 840 s.
664 799 696 854 s,
714 781 793 840 idem
811 780 921 840 Lucilii
939 781 989 840 lib.
1005 780 1048 838 VI
1067 802 1094 840 u.
1116 784 1178 841 252
1195 778 1309 859 ‘pluma

157 873 248 947 etque
277 865 482 947 amphitapoe'
506 870 721 930 1110111995
753 866 835 929 ‘lana
863 889 936 947 opus
965 889 1051 930 omne
1078 871 1170 948 perit,
1202 872 1309 948 pallor,

157 960 252 1018 tiniae
276 960 379 1019 omnia
400 953 540 1019 caedunt’
570 961 674 1019 incert.
693 980 720 1018 u.
742 960 827 1020 1315
853 955 928 1019 ‘tum
956 978 1059 1036 spara,
1088 965 1153 1019 tum
1183 961 1309 1020 rumices

158 1052 330 1124 portantur,
368 1049 490 1128 tragula
525 1044 636 1125 porro',
673 1048 751 1108 idem
786 1048 866 1126 apud
898 1048 1026 1109 Graecos
1059 1054 1163 1127 poetas
1200 1052 1309 1110 aetatis

157 1137 348 1197 Lucilianae:
377 1136 502 1197 Nicand.
522 1138 607 1197 Ther.
628 1139 692 1197 405
716 1136 787 1198 οόδέ
813 1161 858 1211 τις
885 1133 952 1199 οὐδ’
982 1137 1089 1211 οἰωνὸς
1116 1135 1192 1220 όπέρ
1220 1137 1310 1200 νέκυν

158 1226 236 1305 ἴχνια
259 1227 372 1304 τείνας,
400 1224 533 1307 αἰγυπιοὶ
555 1224 646 1307 γῦπές
673 1248 718 1303 τε,
745 1226 836 1307 κόραξ
864 1221 885 1286 τ’
915 1224 1065 1308 όμβρήρεα
1091 1227 1213 1308 κράζων
1239 1225 1309 1289 οὐδὲ

159 1311 213 1393 μὲν
239 1314 312 1376 ’όσσα
331 1336 361 1376 τε
384 1308 455 1392 φῦλ’
482 1312 654 1393 ὀνομάζεται
672 1313 773 1396 οόρεσι
790 1321 897 1396 θηρῶν
915 1316 1072 1378 δαίνυνται
1090 1318 1228 1395 Alexiph.
1245 1320 1307 1378 182

159 1403 206 1464 ὅτε
230 1402 353 1485 δοιζηδὰ
376 1402 523 1483 μέλισσαι,
546 1403 731 1485 πεμφρηδδιν
754 1403 868 1484 σφῆκίς
890 1428 919 1466 τε
937 1404 988 1466 καλ
1005 1404 1039 1466 ίκ
1057 1404 1200 1486 βέμβικες
1217 1405 1310 1488 όρειαι

157 1497 282 1574 γλεῦκος
300 1493 364 1566 άλις
387 1494 542 1555 δαίνυνται
565 1488 753 1577 (Schneideri
772 1494 888 1555 Gallim.
907 1496 922 1554 I
940 1516 968 1572 p.
990 1489 1068 1578 374)
1093 1496 1168 1556 (late
1191 1496 1228 1557 de
1247 1517 1309 1576 agr.

159 1584 229 1643 cult.
252 1585 363 1659 162,3
393 1579 458 1644 ‘nec
486 1585 563 1643 tinia
590 1603 644 1644 nec
676 1604 791 1645 uermes
823 1581 969 1664 tangent'.
1019 1586 1226 1664 Descripserat
1255 1587 1309 1646 hoc

157 1692 248 1733 uersu
276 1677 366 1749 poeta
392 1673 488 1734 uitam
516 1673 645 1733 similem
671 1682 725 1733 τοῦ
752 1672 801 1734 έπλ
827 1674 950 1754 Κρόνου
976 1675 1060 1753 βίου,
1090 1695 1149 1753 quo
1176 1679 1309 1753 tempore

160 1763 255 1822 fertur
278 1760 310 1822 τὸ
334 1760 397 1840 μέλι
420 1761 492 1823 αὐτὸ
515 1759 546 1835 ές
567 1759 603 1823 τὰ
626 1761 754 1841 στόματα
776 1760 872 1843 έσρεῖν
895 1761 927 1824 έκ
949 1771 1003 1824 τοῦ
1021 1763 1153 1844 οὐρανοῦ
1171 1758 1308 1847 (Lucian.

160 1852 259 1930 Fugit.
277 1845 341 1934 17),
359 1852 408 1911 nel
425 1855 536 1911 terram
555 1853 640 1911 illam
658 1853 711 1912 ubi
728 1855 813 1929 porci
830 1855 908 1913 cocti
922 1854 1078 1914 ambulant
1092 1846 1226 1934 (Petron.
1242 1847 1309 2002 452.

159 1941 224 2010 Qua
248 1942 279 1999 in
306 1961 338 2000 re
366 1945 485 2002 secutus
514 1945 560 2002 est
586 1944 697 2002 ueteris
725 1943 894 2002 comoediae
918 1943 1038 2004 Atticae
1065 1947 1170 2020 poetas
1198 1935 1241 2004 ὧν
1268 1965 1310 2016 ες

158 2028 238 2091 ἔστιν
271 2027 287 2090 ό
316 2023 522 2103 Ἀττικώτατος
555 2031 755 2111 Φερεκράτης,
791 2028 824 2105 ὃς
856 2029 889 2092 έν
920 2036 981 2104 τοῖς
1011 2033 1200 2093 Μεταλλεῦσί
1234 2050 1310 2111 φησι

159 2114 283 2201 (Athen.
303 2119 347 2178 VI
365 2141 393 2197 p.
414 2122 477 2180 268
498 2139 514 2179 e
533 2118 610 2180 CAF
627 2121 643 2179 Ι
662 2141 690 2197 p.
712 2122 785 2196 175,
804 2121 884 2180 2211
916 2121 953 2181 de
984 2124 1050 2181 uita
1077 2122 1157 2199 apud
1183 2117 1309 2203 inferos)

160 2209 260 2268 ...τί
281 2208 355 2286 δήτα
378 2207 477 2287 λέξεις,
500 2204 649 2269 τάπίλοιπ’
674 2202 774 2291 ἠνπερ’
798 2209 901 2295 πάθης
930 2207 1017 2270 ὀπταλ
1039 2210 1134 2289 κίχλαι
1156 2210 1213 2291 γάρ
1235 2209 1309 2271 δινα-

159 2297 261 2377 βράσει
283 2291 310 2358 τ’
335 2294 497 2378 ἠρτυμέναι
519 2295 585 2379 περλ
608 2296 640 2359 τὸ
664 2291 742 2377 στόμ’
767 2292 897 2360 ἐπέτοντ’
922 2297 1134 2379 ἀντιβολοῦσαι
1156 2306 1310 2361 καταπιεῖν

159 2385 218 2448 ὑπὸ
241 2388 411 2467 μυρρίναισι
433 2385 618 2466 κάνεμώναις
640 2384 810 2467 κεχυμένοις
829 2381 999 2471 (κεχυμέναι
1018 2382 1133 2471 uulgo).
1170 2390 1230 2448 Vbi
1249 2410 1309 2449 me·

159 2480 315 2538 morantur
336 2477 418 2536 turdi
441 2478 501 2538 assi
524 2481 554 2537 et
576 2478 648 2536 elixi
666 2498 694 2536 u.
715 2478 756 2536 23
782 2478 833 2554 qui
856 2498 903 2554 ap.
921 2478 1031 2537 Athen.
1050 2478 1069 2536 1.
1089 2497 1111 2539 s.
1130 2479 1175 2537 ita
1198 2479 1310 2557 legitur

158 2567 190 2625 in
218 2565 273 2626 cod
291 2566 331 2625 A:
360 2563 447 2627 όπταλ
474 2563 525 2625 καλ
551 2566 646 2645 κίχλαι
673 2564 728 2645 γὰρ
755 2565 799 2639 εἰς
825 2563 1003 2646 άναβρασεις
1032 2568 1209 2647 αναβρασεις
1237 2565 1309 2627 δινα-

159 2650 260 2735 βραστ’
287 2652 457 2735 ἠρτυμέναι,
480 2675 527 2732 ap.
546 2656 620 2716 Poll.
640 2656 683 2714 VI
703 2657 745 2714 60
769 2651 856 2716 ὀπταλ
878 2656 973 2734 κίχλαι
995 2648 1025 2715 δ’
1049 2653 1098 2716 cc
1121 2650 1214 2716 τοῖσδ’
1235 2654 1309 2716 άνά-

159 2736 262 2823 βραστ’
288 2741 461 2824 ἠρτυμέναι,
490 2745 577 2805 lcctio
600 2745 727 2824 uulgata
756 2740 843 2804 όπταλ
870 2745 965 2824 κίχλαι
992 2742 1049 2825 γὰρ
1076 2743 1118 2817 είς
1146 2739 1308 2823 ἀνάβραστ’

160 2830 321 2914 ἠρτυμέναι
343 2833 469 2893 debetur
490 2834 652 2895 Meineki0:
676 2834 712 2894 de
734 2831 910 2913 άναβράζειν
933 2834 1034 2913 κίχλας
1056 2835 1136 2910 quod
1160 2834 1243 2893 aliud
1265 2840 1311 2895 est

160 2926 250 3000 atque
270 2918 363 2982 ὀπτᾶν
382 2924 453 2982 conf
468 2925 645 3000 interpretes
664 2923 702 2983 ad
720 2924 874 2999 Aristoph.
888 2924 1017 2984 Acharn.
1035 2926 1120 2984 1005
1140 2925 1206 2983 Pac.
1225 2927 1309 2983 1197

160 3013 235 3071 Itan.
256 3013 329 3072 510.
375 3012 470 3091 κίχλαι
497 3032 613 3090 semper
640 3014 701 3073 fere
728 3013 759 3072 in
787 3014 934 3072 eiusmodi
965 3012 1076 3073 fabulis
1109 3017 1312 3073 memorantur

159 3101 240 3178 apud
263 3102 382 3162 Atticos
412 3102 508 3161 ueluti
533 3101 612 3162 idem
640 3104 831 3162 Pherecrates
854 3103 952 3162 Persia
982 3101 1058 3161 OAF
1077 3102 1092 3160 Ι
1111 3123 1138 3179 p.
1160 3105 1233 3178 182,
1254 3103 1311 3163 91(

160 3188 194 3250 τά
218 3187 250 3251 δέ
273 3188 311 3268 δή
336 3188 444 3271 δένδρη
467 3188 521 3252 τάν
543 3197 605 3264 τοῖς
629 3188 727 3271 ὄρεσιν
754 3191 873 3272 χορδαῖς
900 3188 1005 3265 ὀπταῖς
1031 3190 1173 3272 ἐριφείοις
1201 3195 1311 3268 φυλλο-

159 3279 260 3360 ροήσει
282 3277 332 3340 καλ
355 3280 518 3354 τευθιδίοις
538 3278 677 3341 ἁπαλοῖσι
694 3281 807 3360 κίχλαις
825 3273 850 3340 τ’
871 3278 1311 3360 άναβράστοις-ΤοΙοοΙοίδοε

159 3370 421 3447 Amphictionibus
440 3370 460 3429 l.
479 3390 501 3430 s.
521 3389 542 3429 s.
562 3392 590 3448 p.
612 3372 685 3447 209,
707 3373 746 3431 12
771 3366 858 3431 δπταλ
881 3367 913 3430 δὲ
936 3370 1031 3449 κίχλαι
1055 3363 1114 3448 μετ’
1140 3368 1311 3450 ἀμητίσκων

159 3458 202 3531 εἰς
231 3458 284 3520 τὸν
312 3451 423 3539 φάρυγ’
453 3457 642 3521 εἰσεπέτοντο.
689 3457 851 3541 ἠρτυμέναι
878 3459 959 3537 quod
985 3461 1098 3537 legitur
1129 3480 1176 3538 ap.
1205 3461 1311 3521 Phere-

160 3552 271 3608 cratem
299 3550 378 3608 idem
406 3552 452 3608 est
479 3551 559 3626 qued
586 3552 682 3610 curati
709 3569 756 3627 ap.
783 3549 948 3609 Lucilium:
981 3570 1035 3627 pro
1067 3553 1178 3610 acatis
1204 3551 1312 3627 scripsi

160 3641 256 3698 curuli
282 3655 330 3698 cs:
357 3641 426 3698 cccli
455 3637 655 3700 Stcwasserus
679 3639 763 3699 Stud.
783 3639 910 3698 Vindob.
929 3639 957 3697 V
978 3640 1063 3698 1883
1085 3660 1114 3716 p.
1135 3641 1207 3699 256.
1253 3642 1310 3699 De-

160 3728 313 3803 scripsisse
341 3728 435 3805 igitur
461 3728 595 3789 Lucilius
622 3729 742 3788 uidetur
769 3748 829 3788 non
856 3731 952 3788 uitam
981 3727 1110 3787 Saturno
1138 3748 1206 3807 rege
1235 3748 1311 3805 quae

161 3816 253 3876 fuerit
275 3816 340 3890 sed,
368 3817 458 3877 sicuti
481 3817 516 3876 fit
538 3818 619 3894 apud
641 3818 864 3893 Pherecratem,
891 3820 996 3877 narrat
1019 3817 1153 3877 fabulam
1183 3818 1218 3876 de
1246 3818 1312 3877 uita

160 3904 250 3964 beata
273 3909 465 3964 mortuorum.

251 3988 336 4055 880.
359 3995 474 4055 Nonius
492 4015 521 4071 p.
542 3997 616 4070 341,
636 3998 654 4054 5
680 3990 818 4056 ‘Laesum
841 3996 952 4056 dicitur
972 3996 1141 4073 fatigatum.
1178 3994 1312 4057 Lucilius

161 4083 213 4143 lib.
232 4085 315 4143 XXX
339 4077 479 4144 “leonem
502 4088 657 4162 aegrotum
681 4104 716 4145 ac
737 4081 895 4146 lassum”.’
934 4085 1076 4161 Sequitur
1093 4084 1226 4145 Lucilius
1245 4104 1312 4145 eam

162 4174 290 4235 formam
317 4173 452 4251 apologi,
480 4192 571 4250 quam
598 4174 717 4234 exhibet
740 4174 921 4235 Themistius
945 4193 987 4234 or.
1006 4174 1080 4233 XIH
1098 4195 1126 4251 p.
1147 4175 1311 4235 214Dind.

161 4261 260 4344 ὥσπερ
287 4262 340 4323 τὸν
366 4260 484 4341 λέοντα,
517 4257 553 4322 ὃν
579 4260 718 4342 ἐποίησεν
746 4262 902 4342 Αἴσωπος,
931 4260 1181 4344 ἀρρωστοῦντα
1210 4262 1243 4324 έν
1275 4270 1314 4349 τῷ

164 4353 299 4438 σπηλαίῳ
322 4348 342 4429 ἠ
365 4349 460 4434 κερδὼ
478 4349 627 4431 έρεσχελεῖ,
649 4352 802 4415 εἰσιόντων
825 4350 859 4413 τδι
879 4351 962 4432 ίσχνή
982 4352 1122 4413 δεικνῦσα
1139 4362 1199 4413 τῶν
1218 4349 1311 4437 ζῴων,

162 4439 302 4516 ἐξιόντων
325 4438 357 4502 δέ
380 4438 426 4502 cii.
463 4442 521 4513 Qui
543 4442 575 4502 in
598 4444 820 4520 comparatione
839 4443 992 4503 Platonem
1013 4443 1147 4520 sequitur
1164 4443 1311 4505 Alcibiarl
