<?xml version="1.0" encoding="UTF-8"?>
<!DOCTYPE html PUBLIC "-//W3C//DTD XHTML 1.0 Transitional//EN"
    "http://www.w3.org/TR/xhtml1/DTD/xhtml1-transitional.dtd">
<html xmlns="http://www.w3.org/1999/xhtml" xml:lang="en" lang="en">
 <head>
  <title>
</title>
<meta http-equiv="Content-Type" content="text/html;charset=utf-8" />
  <meta name='ocr-system' content='tesseract 3.04.00' />
  <meta name='ocr-capabilities' content='ocr_page ocr_carea ocr_par ocr_line ocrx_word'/>
</head>
<body>
  <div class='ocr_page' id='page_1' title='image "./cluciliicarminu00lucigoog_0036.png"; bbox 0 0 3030 5002; ppageno 0'>
   <div class='ocr_carea' id='block_1_1' title="bbox 603 377 1254 448">
    <p class='ocr_par' dir='ltr' id='par_1_1' title="bbox 603 377 1254 448">
     <span class='ocr_line' id='line_1_1' title="bbox 603 377 1254 448; baseline 0 -12"><span class='ocrx_word' id='word_1_1' title='bbox 603 377 616 436; x_wconf 94' lang='grc' dir='ltr'><strong>Ῑ</strong></span> <span class='ocrx_word' id='word_1_2' title='bbox 633 400 661 438; x_wconf 91' lang='grc'>9.</span> <span class='ocrx_word' id='word_1_3' title='bbox 681 385 758 438; x_wconf 73' lang='lat'>2-7-8.</span> <span class='ocrx_word' id='word_1_4' title='bbox 1233 378 1254 448; x_wconf 82' lang='lat'><strong>3</strong></span> 
     </span>
    </p>
   </div>
   <div class='ocr_carea' id='block_1_2' title="bbox 106 551 1259 4637">
    <p class='ocr_par' dir='ltr' id='par_1_2' title="bbox 106 551 1259 1329">
     <span class='ocr_line' id='line_1_2' title="bbox 108 551 1255 632; baseline -0.001 -19"><span class='ocrx_word' id='word_1_5' title='bbox 108 572 203 632; x_wconf 88' lang='lat' dir='ltr'>neque</span> <span class='ocrx_word' id='word_1_6' title='bbox 234 554 313 613; x_wconf 88' lang='lat' dir='ltr'>enim</span> <span class='ocrx_word' id='word_1_7' title='bbox 345 552 439 612; x_wconf 88' lang='lat' dir='ltr'>uerba</span> <span class='ocrx_word' id='word_1_8' title='bbox 469 555 515 612; x_wconf 90' lang='lat' dir='ltr'>ita</span> <span class='ocrx_word' id='word_1_9' title='bbox 547 557 618 612; x_wconf 92' lang='lat' dir='ltr'>sunt</span> <span class='ocrx_word' id='word_1_10' title='bbox 649 557 823 628; x_wconf 88' lang='lat' dir='ltr'>comparata</span> <span class='ocrx_word' id='word_1_11' title='bbox 858 557 894 611; x_wconf 90' lang='lat' dir='ltr'>ut</span> <span class='ocrx_word' id='word_1_12' title='bbox 929 551 1010 614; x_wconf 90' lang='lat' dir='ltr'>credi</span> <span class='ocrx_word' id='word_1_13' title='bbox 1041 553 1137 630; x_wconf 89' lang='lat' dir='ltr'>possit</span> <span class='ocrx_word' id='word_1_14' title='bbox 1168 553 1255 613; x_wconf 89' lang='lat' dir='ltr'>deum</span> 
     </span>
     <span class='ocr_line' id='line_1_3' title="bbox 108 639 1256 721; baseline 0 -18"><span class='ocrx_word' id='word_1_15' title='bbox 108 645 237 721; x_wconf 89' lang='lat' dir='ltr'>aliquem</span> <span class='ocrx_word' id='word_1_16' title='bbox 261 645 346 719; x_wconf 90' lang='lat' dir='ltr'>queri</span> <span class='ocrx_word' id='word_1_17' title='bbox 369 643 405 703; x_wconf 91' lang='lat' dir='ltr'>de</span> <span class='ocrx_word' id='word_1_18' title='bbox 428 643 599 719; x_wconf 78' lang='lat' dir='ltr'>proceribus</span> <span class='ocrx_word' id='word_1_19' title='bbox 622 643 734 702; x_wconf 85' lang='lat' dir='ltr'>Romae</span> <span class='ocrx_word' id='word_1_20' title='bbox 757 643 806 701; x_wconf 92' lang='lat' dir='ltr'>uel</span> <span class='ocrx_word' id='word_1_21' title='bbox 825 641 861 702; x_wconf 91' lang='lat' dir='ltr'>de</span> <span class='ocrx_word' id='word_1_22' title='bbox 880 641 965 718; x_wconf 92' lang='lat' dir='ltr'>Lupo</span> <span class='ocrx_word' id='word_1_23' title='bbox 984 644 1035 719; x_wconf 92' lang='lat' dir='ltr'>qui</span> <span class='ocrx_word' id='word_1_24' title='bbox 1056 639 1256 703; x_wconf 87' lang='lat' dir='ltr'>‘rancidulum</span> 
     </span>
     <span class='ocr_line' id='line_1_4' title="bbox 106 724 1255 813; baseline 0.001 -21"><span class='ocrx_word' id='word_1_25' title='bbox 106 733 247 810; x_wconf 76' lang='lat' dir='ltr'>quiddam</span> <span class='ocrx_word' id='word_1_26' title='bbox 279 733 369 792; x_wconf 87' lang='lat' dir='ltr'>balba</span> <span class='ocrx_word' id='word_1_27' title='bbox 398 732 434 792; x_wconf 89' lang='lat' dir='ltr'>de</span> <span class='ocrx_word' id='word_1_28' title='bbox 466 751 538 792; x_wconf 87' lang='lat' dir='ltr'>nare</span> <span class='ocrx_word' id='word_1_29' title='bbox 570 727 699 792; x_wconf 90' lang='lat' dir='ltr'>locutus’</span> <span class='ocrx_word' id='word_1_30' title='bbox 733 725 863 813; x_wconf 85' lang='lat' dir='ltr'>(Persl</span> <span class='ocrx_word' id='word_1_31' title='bbox 886 724 943 813; x_wconf 89' lang='grc'>33)</span> <span class='ocrx_word' id='word_1_32' title='bbox 975 732 1134 792; x_wconf 77' lang='lat' dir='ltr'>inducatur</span> <span class='ocrx_word' id='word_1_33' title='bbox 1165 734 1255 793; x_wconf 88' lang='lat' dir='ltr'>sicuti</span> 
     </span>
     <span class='ocr_line' id='line_1_5' title="bbox 108 821 1255 902; baseline -0.001 -20"><span class='ocrx_word' id='word_1_34' title='bbox 108 822 225 882; x_wconf 78' lang='lat' dir='ltr'>Claudii</span> <span class='ocrx_word' id='word_1_35' title='bbox 247 824 351 902; x_wconf 90' lang='lat' dir='ltr'>lingua</span> <span class='ocrx_word' id='word_1_36' title='bbox 373 822 486 882; x_wconf 87' lang='lat' dir='ltr'>absona</span> <span class='ocrx_word' id='word_1_37' title='bbox 508 821 623 881; x_wconf 81' lang='lat' dir='ltr'>ridetur</span> <span class='ocrx_word' id='word_1_38' title='bbox 645 842 664 882; x_wconf 93' lang='lat' dir='ltr'>a</span> <span class='ocrx_word' id='word_1_39' title='bbox 687 821 798 882; x_wconf 86' lang='lat' dir='ltr'>Seneca</span> <span class='ocrx_word' id='word_1_40' title='bbox 820 823 1014 898; x_wconf 85' lang='grc'>999991995.</span> <span class='ocrx_word' id='word_1_41' title='bbox 1041 854 1079 864; x_wconf 89' lang='lat'>-</span> <span class='ocrx_word' id='word_1_42' title='bbox 1101 823 1145 881; x_wconf 93' lang='lat' dir='ltr'>De</span> <span class='ocrx_word' id='word_1_43' title='bbox 1168 822 1255 882; x_wconf 90' lang='lat' dir='ltr'>hiatu</span> 
     </span>
     <span class='ocr_line' id='line_1_6' title="bbox 107 903 1256 993; baseline -0.001 -22"><span class='ocrx_word' id='word_1_44' title='bbox 107 931 194 986; x_wconf 74' lang='grc'>99999</span> <span class='ocrx_word' id='word_1_45' title='bbox 211 914 294 972; x_wconf 74' lang='lat' dir='ltr'>torreo</span> <span class='ocrx_word' id='word_1_46' title='bbox 313 914 376 990; x_wconf 91' lang='lat' dir='ltr'>egit</span> <span class='ocrx_word' id='word_1_47' title='bbox 393 911 426 970; x_wconf 89' lang='lat' dir='ltr'>L.</span> <span class='ocrx_word' id='word_1_48' title='bbox 441 912 601 972; x_wconf 81' lang='lat' dir='ltr'>Muellerus</span> <span class='ocrx_word' id='word_1_49' title='bbox 620 912 657 971; x_wconf 92' lang='lat' dir='ltr'>de</span> <span class='ocrx_word' id='word_1_50' title='bbox 675 931 706 970; x_wconf 92' lang='lat' dir='ltr'>re</span> <span class='ocrx_word' id='word_1_51' title='bbox 724 915 809 970; x_wconf 88' lang='lat' dir='ltr'>metr.</span> <span class='ocrx_word' id='word_1_52' title='bbox 821 903 833 943; x_wconf 78' lang='lat'>²</span> <span class='ocrx_word' id='word_1_53' title='bbox 847 904 964 993; x_wconf 81' lang='grc'>(1894)</span> <span class='ocrx_word' id='word_1_54' title='bbox 978 932 1007 988; x_wconf 89' lang='lat' dir='ltr'>p.</span> <span class='ocrx_word' id='word_1_55' title='bbox 1024 913 1102 971; x_wconf 81' lang='lat'>371:</span> <span class='ocrx_word' id='word_1_56' title='bbox 1116 912 1256 971; x_wconf 85' lang='lat' dir='ltr'>similiter</span> 
     </span>
     <span class='ocr_line' id='line_1_7' title="bbox 107 994 1255 1082; baseline -0.002 -21"><span class='ocrx_word' id='word_1_57' title='bbox 107 1002 261 1061; x_wconf 91' lang='lat' dir='ltr'>Lucretius</span> <span class='ocrx_word' id='word_1_58' title='bbox 288 1001 335 1060; x_wconf 93' lang='lat' dir='ltr'>llI</span> <span class='ocrx_word' id='word_1_59' title='bbox 365 1002 449 1062; x_wconf 79' lang='grc'>1082</span> <span class='ocrx_word' id='word_1_60' title='bbox 478 994 524 1082; x_wconf 89' lang='grc' dir='ltr'>(Π</span> <span class='ocrx_word' id='word_1_61' title='bbox 549 1004 610 1060; x_wconf 82' lang='grc'>617</span> <span class='ocrx_word' id='word_1_62' title='bbox 636 1000 734 1059; x_wconf 69' lang='grc'>1774,</span> <span class='ocrx_word' id='word_1_63' title='bbox 764 1003 781 1060; x_wconf 81' lang='lat'>‘1</span> <span class='ocrx_word' id='word_1_64' title='bbox 811 1000 854 1059; x_wconf 87' lang='lat' dir='ltr'>VI</span> <span class='ocrx_word' id='word_1_65' title='bbox 884 1002 956 1060; x_wconf 79' lang='lat'>716.</span> <span class='ocrx_word' id='word_1_66' title='bbox 987 994 1065 1081; x_wconf 81' lang='lat'>796)</span> <span class='ocrx_word' id='word_1_67' title='bbox 1094 997 1157 1060; x_wconf 81' lang='lat' dir='ltr'>‘sed</span> <span class='ocrx_word' id='word_1_68' title='bbox 1185 1001 1255 1060; x_wconf 89' lang='lat' dir='ltr'>dum</span> 
     </span>
     <span class='ocr_line' id='line_1_8' title="bbox 108 1085 1254 1168; baseline -0.001 -17"><span class='ocrx_word' id='word_1_69' title='bbox 108 1092 190 1151; x_wconf 89' lang='lat' dir='ltr'>abest</span> <span class='ocrx_word' id='word_1_70' title='bbox 212 1089 292 1168; x_wconf 91' lang='lat' dir='ltr'>quod</span> <span class='ocrx_word' id='word_1_71' title='bbox 315 1087 449 1150; x_wconf 85' lang='lat' dir='ltr'>anemus&#39;</span> <span class='ocrx_word' id='word_1_72' title='bbox 473 1089 586 1152; x_wconf 79' lang='lat'>[1681</span> <span class='ocrx_word' id='word_1_73' title='bbox 614 1085 743 1149; x_wconf 86' lang='lat' dir='ltr'>‘reddita</span> <span class='ocrx_word' id='word_1_74' title='bbox 770 1093 841 1150; x_wconf 90' lang='lat' dir='ltr'>sunt</span> <span class='ocrx_word' id='word_1_75' title='bbox 867 1109 934 1149; x_wconf 90' lang='lat' dir='ltr'>cum</span> <span class='ocrx_word' id='word_1_76' title='bbox 962 1091 1051 1150; x_wconf 90' lang='lat' dir='ltr'>odore</span> <span class='ocrx_word' id='word_1_77' title='bbox 1079 1091 1111 1148; x_wconf 91' lang='lat' dir='ltr'>in</span> <span class='ocrx_word' id='word_1_78' title='bbox 1138 1086 1254 1166; x_wconf 85' lang='lat' dir='ltr'>primis&#39;</span> 
     </span>
     <span class='ocr_line' id='line_1_9' title="bbox 106 1175 1259 1255; baseline -0.003 -15"><span class='ocrx_word' id='word_1_79' title='bbox 106 1180 249 1240; x_wconf 78' lang='lat' dir='ltr'>Horatius</span> <span class='ocrx_word' id='word_1_80' title='bbox 282 1199 366 1239; x_wconf 88' lang='lat' dir='ltr'>serm.</span> <span class='ocrx_word' id='word_1_81' title='bbox 386 1179 416 1238; x_wconf 89' lang='grc' dir='ltr'>Π</span> <span class='ocrx_word' id='word_1_82' title='bbox 441 1182 475 1255; x_wconf 80' lang='lat'>2,</span> <span class='ocrx_word' id='word_1_83' title='bbox 508 1180 549 1238; x_wconf 82' lang='lat'>28</span> <span class='ocrx_word' id='word_1_84' title='bbox 584 1175 679 1240; x_wconf 84' lang='lat' dir='ltr'>‘cocto</span> <span class='ocrx_word' id='word_1_85' title='bbox 711 1199 782 1238; x_wconf 90' lang='lat' dir='ltr'>num</span> <span class='ocrx_word' id='word_1_86' title='bbox 815 1178 901 1239; x_wconf 90' lang='lat' dir='ltr'>adest</span> <span class='ocrx_word' id='word_1_87' title='bbox 929 1180 1024 1239; x_wconf 91' lang='lat' dir='ltr'>honor</span> <span class='ocrx_word' id='word_1_88' title='bbox 1050 1175 1155 1238; x_wconf 85' lang='lat' dir='ltr'>idem’:</span> <span class='ocrx_word' id='word_1_89' title='bbox 1188 1181 1259 1239; x_wconf 86' lang='lat' dir='ltr'>conf</span> 
     </span>
     <span class='ocr_line' id='line_1_10' title="bbox 107 1269 411 1329; baseline -0.003 -1"><span class='ocrx_word' id='word_1_90' title='bbox 107 1269 156 1329; x_wconf 94' lang='lat' dir='ltr'>lib.</span> <span class='ocrx_word' id='word_1_91' title='bbox 171 1269 253 1328; x_wconf 89' lang='lat' dir='ltr'>XXX</span> <span class='ocrx_word' id='word_1_92' title='bbox 272 1290 299 1328; x_wconf 93' lang='lat' dir='ltr'>u.</span> <span class='ocrx_word' id='word_1_93' title='bbox 317 1271 411 1329; x_wconf 80' lang='lat'>1020.</span> 
     </span>
    </p>

    <p class='ocr_par' dir='ltr' id='par_1_3' title="bbox 106 1351 1259 4564">
     <span class='ocr_line' id='line_1_11' title="bbox 196 1351 1256 1436; baseline 0.001 -19"><span class='ocrx_word' id='word_1_94' title='bbox 196 1351 230 1420; x_wconf 82' lang='grc'>3.</span> <span class='ocrx_word' id='word_1_95' title='bbox 255 1358 376 1418; x_wconf 89' lang='lat' dir='ltr'>Seruius</span> <span class='ocrx_word' id='word_1_96' title='bbox 402 1359 441 1418; x_wconf 90' lang='lat' dir='ltr'>ad</span> <span class='ocrx_word' id='word_1_97' title='bbox 463 1357 653 1418; x_wconf 87' lang='lat' dir='ltr'>AeneidosX</span> <span class='ocrx_word' id='word_1_98' title='bbox 670 1360 733 1419; x_wconf 87' lang='grc'>104</span> <span class='ocrx_word' id='word_1_99' title='bbox 753 1354 900 1435; x_wconf 79' lang='lat' dir='ltr'>‘Accipite</span> <span class='ocrx_word' id='word_1_100' title='bbox 919 1377 989 1436; x_wconf 87' lang='lat' dir='ltr'>ergo</span> <span class='ocrx_word' id='word_1_101' title='bbox 1009 1358 1124 1418; x_wconf 89' lang='lat' dir='ltr'>animis.</span> <span class='ocrx_word' id='word_1_102' title='bbox 1162 1359 1256 1419; x_wconf 86' lang='lat' dir='ltr'>Totus</span> 
     </span>
     <span class='ocr_line' id='line_1_12' title="bbox 108 1447 1256 1524; baseline -0.001 -17"><span class='ocrx_word' id='word_1_103' title='bbox 108 1450 155 1509; x_wconf 88' lang='lat' dir='ltr'>hic</span> <span class='ocrx_word' id='word_1_104' title='bbox 183 1448 266 1508; x_wconf 89' lang='lat' dir='ltr'>locus</span> <span class='ocrx_word' id='word_1_105' title='bbox 299 1448 335 1508; x_wconf 95' lang='lat' dir='ltr'>de</span> <span class='ocrx_word' id='word_1_106' title='bbox 366 1449 463 1524; x_wconf 83' lang='lat' dir='ltr'>primo</span> <span class='ocrx_word' id='word_1_107' title='bbox 495 1448 605 1507; x_wconf 79' lang='lat' dir='ltr'>Lucilii</span> <span class='ocrx_word' id='word_1_108' title='bbox 637 1448 801 1509; x_wconf 71' lang='lat' dir='ltr'>manslatns</span> <span class='ocrx_word' id='word_1_109' title='bbox 834 1451 892 1522; x_wconf 92' lang='lat' dir='ltr'>est,</span> <span class='ocrx_word' id='word_1_110' title='bbox 924 1449 976 1507; x_wconf 91' lang='lat' dir='ltr'>ubi</span> <span class='ocrx_word' id='word_1_111' title='bbox 1004 1447 1186 1507; x_wconf 87' lang='lat' dir='ltr'>inducuntur</span> <span class='ocrx_word' id='word_1_112' title='bbox 1213 1447 1256 1506; x_wconf 90' lang='lat' dir='ltr'>dii</span> 
     </span>
     <span class='ocr_line' id='line_1_13' title="bbox 107 1532 1256 1616; baseline -0.002 -19"><span class='ocrx_word' id='word_1_113' title='bbox 107 1538 214 1597; x_wconf 89' lang='lat' dir='ltr'>habere</span> <span class='ocrx_word' id='word_1_114' title='bbox 243 1537 415 1613; x_wconf 84' lang='lat' dir='ltr'>concilium,</span> <span class='ocrx_word' id='word_1_115' title='bbox 443 1541 474 1596; x_wconf 89' lang='lat' dir='ltr'>et</span> <span class='ocrx_word' id='word_1_116' title='bbox 501 1557 590 1615; x_wconf 87' lang='lat' dir='ltr'>agere</span> <span class='ocrx_word' id='word_1_117' title='bbox 616 1540 714 1614; x_wconf 90' lang='lat' dir='ltr'>primo</span> <span class='ocrx_word' id='word_1_118' title='bbox 742 1538 779 1597; x_wconf 90' lang='lat' dir='ltr'>de</span> <span class='ocrx_word' id='word_1_119' title='bbox 804 1539 931 1596; x_wconf 89' lang='lat' dir='ltr'>interitu</span> <span class='ocrx_word' id='word_1_120' title='bbox 953 1537 1032 1614; x_wconf 88' lang='lat' dir='ltr'>Lupi</span> <span class='ocrx_word' id='word_1_121' title='bbox 1055 1532 1256 1616; x_wconf 88' lang='lat' dir='ltr'>cuiusdam†</span> 
     </span>
     <span class='ocr_line' id='line_1_14' title="bbox 107 1626 1257 1705; baseline 0 -19"><span class='ocrx_word' id='word_1_122' title='bbox 107 1627 190 1686; x_wconf 90' lang='lat' dir='ltr'>ducis</span> <span class='ocrx_word' id='word_1_123' title='bbox 213 1630 245 1685; x_wconf 90' lang='lat' dir='ltr'>in</span> <span class='ocrx_word' id='word_1_124' title='bbox 268 1627 365 1702; x_wconf 89' lang='lat' dir='ltr'>rebus,</span> <span class='ocrx_word' id='word_1_125' title='bbox 387 1630 492 1704; x_wconf 87' lang='lat' dir='ltr'>postea</span> <span class='ocrx_word' id='word_1_126' title='bbox 514 1629 678 1687; x_wconf 86' lang='lat' dir='ltr'>sententias</span> <span class='ocrx_word' id='word_1_127' title='bbox 701 1628 806 1686; x_wconf 87' lang='lat' dir='ltr'>dicere.</span> <span class='ocrx_word' id='word_1_128' title='bbox 848 1627 907 1685; x_wconf 85' lang='lat' dir='ltr'>Sed</span> <span class='ocrx_word' id='word_1_129' title='bbox 929 1626 985 1686; x_wconf 88' lang='lat' dir='ltr'>hoc</span> <span class='ocrx_word' id='word_1_130' title='bbox 1009 1626 1082 1703; x_wconf 86' lang='lat' dir='ltr'>quia</span> <span class='ocrx_word' id='word_1_131' title='bbox 1100 1626 1257 1705; x_wconf 86' lang='lat' dir='ltr'>indignum</span> 
     </span>
     <span class='ocr_line' id='line_1_15' title="bbox 108 1716 1256 1792; baseline -0.003 -15"><span class='ocrx_word' id='word_1_132' title='bbox 108 1718 172 1777; x_wconf 86' lang='lat' dir='ltr'>erat</span> <span class='ocrx_word' id='word_1_133' title='bbox 197 1717 288 1777; x_wconf 88' lang='lat' dir='ltr'>heroo</span> <span class='ocrx_word' id='word_1_134' title='bbox 316 1719 446 1776; x_wconf 78' lang='lat' dir='ltr'>carmine</span> <span class='ocrx_word' id='word_1_135' title='bbox 473 1718 606 1776; x_wconf 88' lang='lat' dir='ltr'>mutauit</span> <span class='ocrx_word' id='word_1_136' title='bbox 633 1720 663 1775; x_wconf 92' lang='grc'>91</span> <span class='ocrx_word' id='word_1_137' title='bbox 690 1717 809 1775; x_wconf 83' lang='lat' dir='ltr'>induxit</span> <span class='ocrx_word' id='word_1_138' title='bbox 836 1719 931 1792; x_wconf 92' lang='lat' dir='ltr'>primo</span> <span class='ocrx_word' id='word_1_139' title='bbox 959 1717 1131 1792; x_wconf 89' lang='lat' dir='ltr'>loquentem</span> <span class='ocrx_word' id='word_1_140' title='bbox 1154 1716 1256 1775; x_wconf 91' lang='lat' dir='ltr'>Iouem</span> 
     </span>
     <span class='ocr_line' id='line_1_16' title="bbox 107 1805 1258 1882; baseline -0.003 -16"><span class='ocrx_word' id='word_1_141' title='bbox 107 1806 143 1866; x_wconf 90' lang='lat' dir='ltr'>de</span> <span class='ocrx_word' id='word_1_142' title='bbox 161 1807 338 1881; x_wconf 79' lang='lat' dir='ltr'>interruptis</span> <span class='ocrx_word' id='word_1_143' title='bbox 361 1805 540 1881; x_wconf 83' lang='lat' dir='ltr'>foederibus,</span> <span class='ocrx_word' id='word_1_144' title='bbox 562 1806 648 1865; x_wconf 88' lang='lat' dir='ltr'>cuiue</span> <span class='ocrx_word' id='word_1_145' title='bbox 671 1807 836 1865; x_wconf 89' lang='lat' dir='ltr'>orationem</span> <span class='ocrx_word' id='word_1_146' title='bbox 863 1807 1025 1882; x_wconf 86' lang='lat' dir='ltr'>interrupit</span> <span class='ocrx_word' id='word_1_147' title='bbox 1047 1806 1165 1880; x_wconf 89' lang='lat' dir='ltr'>Venus,</span> <span class='ocrx_word' id='word_1_148' title='bbox 1188 1809 1258 1882; x_wconf 90' lang='lat' dir='ltr'>post</span> 
     </span>
     <span class='ocr_line' id='line_1_17' title="bbox 107 1893 1256 1973; baseline -0.003 -18"><span class='ocrx_word' id='word_1_149' title='bbox 107 1898 209 1955; x_wconf 81' lang='lat' dir='ltr'>secuta</span> <span class='ocrx_word' id='word_1_150' title='bbox 232 1896 354 1954; x_wconf 88' lang='lat' dir='ltr'>lunonis</span> <span class='ocrx_word' id='word_1_151' title='bbox 377 1895 469 1954; x_wconf 85' lang='lat' dir='ltr'>uerba</span> <span class='ocrx_word' id='word_1_152' title='bbox 492 1899 571 1972; x_wconf 76' lang='lat' dir='ltr'>sunt,</span> <span class='ocrx_word' id='word_1_153' title='bbox 595 1895 702 1971; x_wconf 89' lang='lat' dir='ltr'>quibus</span> <span class='ocrx_word' id='word_1_154' title='bbox 721 1895 876 1973; x_wconf 80' lang='lat' dir='ltr'>redarguit</span> <span class='ocrx_word' id='word_1_155' title='bbox 892 1894 1053 1954; x_wconf 88' lang='lat' dir='ltr'>Venerem:</span> <span class='ocrx_word' id='word_1_156' title='bbox 1076 1893 1154 1953; x_wconf 91' lang='lat' dir='ltr'>unde</span> <span class='ocrx_word' id='word_1_157' title='bbox 1178 1914 1256 1953; x_wconf 87' lang='lat' dir='ltr'>nunc</span> 
     </span>
     <span class='ocr_line' id='line_1_18' title="bbox 106 1983 1256 2062; baseline -0.001 -19"><span class='ocrx_word' id='word_1_158' title='bbox 106 1985 244 2061; x_wconf 87' lang='lat' dir='ltr'>luppiter</span> <span class='ocrx_word' id='word_1_159' title='bbox 265 1984 350 2060; x_wconf 90' lang='lat' dir='ltr'>illud,</span> <span class='ocrx_word' id='word_1_160' title='bbox 373 1985 453 2061; x_wconf 92' lang='lat' dir='ltr'>quod</span> <span class='ocrx_word' id='word_1_161' title='bbox 476 1986 626 2059; x_wconf 84' lang='lat' dir='ltr'>omiserat,</span> <span class='ocrx_word' id='word_1_162' title='bbox 648 1984 748 2044; x_wconf 88' lang='lat' dir='ltr'>reddit</span> <span class='ocrx_word' id='word_1_163' title='bbox 765 1984 879 2045; x_wconf 73' lang='lat' dir='ltr'>urens:</span> <span class='ocrx_word' id='word_1_164' title='bbox 903 2004 974 2062; x_wconf 89' lang='lat' dir='ltr'>ergo</span> <span class='ocrx_word' id='word_1_165' title='bbox 993 1983 1134 2060; x_wconf 87' lang='lat' dir='ltr'>quoniam</span> <span class='ocrx_word' id='word_1_166' title='bbox 1152 2002 1256 2060; x_wconf 90' lang='lat' dir='ltr'>pacem</span> 
     </span>
     <span class='ocr_line' id='line_1_19' title="bbox 107 2069 1256 2151; baseline -0.003 -16"><span class='ocrx_word' id='word_1_167' title='bbox 107 2093 252 2135; x_wconf 89' lang='lat' dir='ltr'>essenon</span> <span class='ocrx_word' id='word_1_168' title='bbox 275 2074 383 2147; x_wconf 84' lang='lat' dir='ltr'>sinitis,</span> <span class='ocrx_word' id='word_1_169' title='bbox 406 2094 441 2132; x_wconf 89' lang='lat' dir='ltr'>ea</span> <span class='ocrx_word' id='word_1_170' title='bbox 460 2094 536 2151; x_wconf 89' lang='lat' dir='ltr'>quae</span> <span class='ocrx_word' id='word_1_171' title='bbox 555 2094 620 2135; x_wconf 91' lang='lat' dir='ltr'>sum</span> <span class='ocrx_word' id='word_1_172' title='bbox 645 2074 778 2134; x_wconf 91' lang='lat' dir='ltr'>dicturus</span> <span class='ocrx_word' id='word_1_173' title='bbox 804 2069 951 2150; x_wconf 60' lang='lat' dir='ltr'>accipite?</span> <span class='ocrx_word' id='word_1_174' title='bbox 994 2073 1135 2133; x_wconf 86' lang='lat' dir='ltr'>Scholion</span> <span class='ocrx_word' id='word_1_175' title='bbox 1154 2093 1256 2132; x_wconf 92' lang='lat' dir='ltr'>eorum</span> 
     </span>
     <span class='ocr_line' id='line_1_20' title="bbox 108 2163 1257 2241; baseline -0.003 -18"><span class='ocrx_word' id='word_1_176' title='bbox 108 2168 153 2224; x_wconf 89' lang='lat' dir='ltr'>est</span> <span class='ocrx_word' id='word_1_177' title='bbox 184 2165 287 2240; x_wconf 89' lang='lat' dir='ltr'>qualia</span> <span class='ocrx_word' id='word_1_178' title='bbox 319 2184 337 2222; x_wconf 89' lang='lat' dir='ltr'>a</span> <span class='ocrx_word' id='word_1_179' title='bbox 368 2165 563 2240; x_wconf 87' lang='lat' dir='ltr'>scriptoribus</span> <span class='ocrx_word' id='word_1_180' title='bbox 593 2166 645 2240; x_wconf 92' lang='lat' dir='ltr'>qni</span> <span class='ocrx_word' id='word_1_181' title='bbox 677 2164 713 2223; x_wconf 91' lang='lat' dir='ltr'>de</span> <span class='ocrx_word' id='word_1_182' title='bbox 746 2165 835 2223; x_wconf 84' lang='lat' dir='ltr'>furtis</span> <span class='ocrx_word' id='word_1_183' title='bbox 867 2163 994 2241; x_wconf 87' lang='lat' dir='ltr'>Vergilii</span> <span class='ocrx_word' id='word_1_184' title='bbox 1028 2165 1152 2241; x_wconf 86' lang='lat' dir='ltr'>egerunt</span> <span class='ocrx_word' id='word_1_185' title='bbox 1183 2163 1257 2223; x_wconf 88' lang='lat' dir='ltr'>satis</span> 
     </span>
     <span class='ocr_line' id='line_1_21' title="bbox 107 2251 1256 2330; baseline -0.003 -17"><span class='ocrx_word' id='word_1_186' title='bbox 107 2254 206 2330; x_wconf 85' lang='lat' dir='ltr'>inepta</span> <span class='ocrx_word' id='word_1_187' title='bbox 248 2252 501 2330; x_wconf 78' lang='lat' dir='ltr'>componebantur</span> <span class='ocrx_word' id='word_1_188' title='bbox 540 2255 729 2330; x_wconf 87' lang='lat' dir='ltr'>pertinetque</span> <span class='ocrx_word' id='word_1_189' title='bbox 775 2253 814 2312; x_wconf 86' lang='lat' dir='ltr'>ad</span> <span class='ocrx_word' id='word_1_190' title='bbox 854 2256 952 2312; x_wconf 83' lang='lat' dir='ltr'>toturn</span> <span class='ocrx_word' id='word_1_191' title='bbox 993 2252 1146 2312; x_wconf 83' lang='lat' dir='ltr'>exordium</span> <span class='ocrx_word' id='word_1_192' title='bbox 1187 2251 1256 2310; x_wconf 92' lang='lat' dir='ltr'>libri</span> 
     </span>
     <span class='ocr_line' id='line_1_22' title="bbox 111 2341 1256 2420; baseline -0.002 -19"><span class='ocrx_word' id='word_1_193' title='bbox 111 2342 255 2402; x_wconf 78' lang='lat' dir='ltr'>Aeneidos</span> <span class='ocrx_word' id='word_1_194' title='bbox 274 2343 309 2400; x_wconf 89' lang='lat' dir='ltr'>X.</span> <span class='ocrx_word' id='word_1_195' title='bbox 355 2342 466 2401; x_wconf 88' lang='lat' dir='ltr'>Parum</span> <span class='ocrx_word' id='word_1_196' title='bbox 493 2341 633 2402; x_wconf 86' lang='lat' dir='ltr'>credibile</span> <span class='ocrx_word' id='word_1_197' title='bbox 663 2346 708 2402; x_wconf 89' lang='lat' dir='ltr'>est</span> <span class='ocrx_word' id='word_1_198' title='bbox 735 2342 845 2402; x_wconf 88' lang='lat' dir='ltr'>Lucilii</span> <span class='ocrx_word' id='word_1_199' title='bbox 873 2343 1001 2420; x_wconf 86' lang='lat' dir='ltr'>uestigia</span> <span class='ocrx_word' id='word_1_200' title='bbox 1031 2346 1166 2400; x_wconf 86' lang='lat' dir='ltr'>secutum</span> <span class='ocrx_word' id='word_1_201' title='bbox 1193 2360 1256 2400; x_wconf 89' lang='lat' dir='ltr'>esse</span> 
     </span>
     <span class='ocr_line' id='line_1_23' title="bbox 108 2431 1257 2510; baseline -0.002 -21"><span class='ocrx_word' id='word_1_202' title='bbox 108 2432 289 2510; x_wconf 79' lang='lat' dir='ltr'>Vergilium:</span> <span class='ocrx_word' id='word_1_203' title='bbox 312 2431 403 2492; x_wconf 90' lang='lat' dir='ltr'>immo</span> <span class='ocrx_word' id='word_1_204' title='bbox 427 2434 552 2507; x_wconf 88' lang='lat' dir='ltr'>uterque</span> <span class='ocrx_word' id='word_1_205' title='bbox 576 2435 664 2509; x_wconf 88' lang='lat' dir='ltr'>poeta</span> <span class='ocrx_word' id='word_1_206' title='bbox 688 2432 736 2490; x_wconf 90' lang='lat' dir='ltr'>hic</span> <span class='ocrx_word' id='word_1_207' title='bbox 759 2432 822 2490; x_wconf 90' lang='lat' dir='ltr'>illic</span> <span class='ocrx_word' id='word_1_208' title='bbox 841 2436 959 2491; x_wconf 89' lang='lat' dir='ltr'>secutus</span> <span class='ocrx_word' id='word_1_209' title='bbox 983 2433 1029 2490; x_wconf 91' lang='lat' dir='ltr'>est</span> <span class='ocrx_word' id='word_1_210' title='bbox 1050 2431 1182 2489; x_wconf 81' lang='lat' dir='ltr'>Ennium</span> <span class='ocrx_word' id='word_1_211' title='bbox 1205 2431 1257 2506; x_wconf 91' lang='lat' dir='ltr'>qui</span> 
     </span>
     <span class='ocr_line' id='line_1_24' title="bbox 108 2520 1257 2596; baseline -0.003 -16"><span class='ocrx_word' id='word_1_212' title='bbox 108 2522 209 2581; x_wconf 83' lang='lat' dir='ltr'>annali</span> <span class='ocrx_word' id='word_1_213' title='bbox 228 2521 243 2579; x_wconf 97' lang='lat' dir='ltr'>I</span> <span class='ocrx_word' id='word_1_214' title='bbox 261 2524 292 2579; x_wconf 92' lang='grc'>91</span> <span class='ocrx_word' id='word_1_215' title='bbox 310 2520 384 2579; x_wconf 85' lang='lat' dir='ltr'>VIH</span> <span class='ocrx_word' id='word_1_216' title='bbox 403 2521 525 2582; x_wconf 90' lang='lat' dir='ltr'>deorum</span> <span class='ocrx_word' id='word_1_217' title='bbox 544 2520 843 2580; x_wconf 75' lang='grc'>99991119191999111</span> <span class='ocrx_word' id='word_1_218' title='bbox 862 2524 892 2579; x_wconf 93' lang='grc'>91</span> <span class='ocrx_word' id='word_1_219' title='bbox 916 2521 955 2580; x_wconf 87' lang='grc'>91</span> <span class='ocrx_word' id='word_1_220' title='bbox 978 2520 1070 2578; x_wconf 81' lang='lat' dir='ltr'>Ennii</span> <span class='ocrx_word' id='word_1_221' title='bbox 1089 2520 1257 2596; x_wconf 86' lang='lat' dir='ltr'>exemplum</span> 
     </span>
     <span class='ocr_line' id='line_1_25' title="bbox 109 2609 1257 2689; baseline -0.002 -20"><span class='ocrx_word' id='word_1_222' title='bbox 109 2612 241 2688; x_wconf 80' lang='lat' dir='ltr'>legentes</span> <span class='ocrx_word' id='word_1_223' title='bbox 274 2610 392 2689; x_wconf 89' lang='lat' dir='ltr'>delegat</span> <span class='ocrx_word' id='word_1_224' title='bbox 425 2610 546 2670; x_wconf 82' lang='lat' dir='ltr'>Seruius</span> <span class='ocrx_word' id='word_1_225' title='bbox 578 2611 616 2671; x_wconf 90' lang='lat' dir='ltr'>ad</span> <span class='ocrx_word' id='word_1_226' title='bbox 649 2631 676 2669; x_wconf 93' lang='lat' dir='ltr'>u.</span> <span class='ocrx_word' id='word_1_227' title='bbox 698 2612 765 2670; x_wconf 87' lang='lat'>5.6</span> <span class='ocrx_word' id='word_1_228' title='bbox 800 2609 921 2669; x_wconf 85' lang='lat' dir='ltr'>Seruius</span> <span class='ocrx_word' id='word_1_229' title='bbox 949 2613 1056 2669; x_wconf 89' lang='lat' dir='ltr'>auctus</span> <span class='ocrx_word' id='word_1_230' title='bbox 1089 2609 1128 2669; x_wconf 87' lang='lat' dir='ltr'>ad</span> <span class='ocrx_word' id='word_1_231' title='bbox 1156 2611 1257 2668; x_wconf 83' lang='grc' dir='ltr'>91οε</span> 
     </span>
     <span class='ocr_line' id='line_1_26' title="bbox 108 2700 1257 2776; baseline -0.003 -17"><span class='ocrx_word' id='word_1_232' title='bbox 108 2704 186 2759; x_wconf 90' lang='lat' dir='ltr'>certe</span> <span class='ocrx_word' id='word_1_233' title='bbox 218 2719 253 2758; x_wconf 86' lang='lat' dir='ltr'>ex</span> <span class='ocrx_word' id='word_1_234' title='bbox 286 2703 455 2759; x_wconf 85' lang='lat' dir='ltr'>saturarum</span> <span class='ocrx_word' id='word_1_235' title='bbox 486 2703 630 2776; x_wconf 88' lang='lat' dir='ltr'>scriptore</span> <span class='ocrx_word' id='word_1_236' title='bbox 657 2700 734 2760; x_wconf 88' lang='lat' dir='ltr'>nihil</span> <span class='ocrx_word' id='word_1_237' title='bbox 761 2718 877 2758; x_wconf 87' lang='lat' dir='ltr'>sumere</span> <span class='ocrx_word' id='word_1_238' title='bbox 904 2718 1000 2775; x_wconf 90' lang='lat' dir='ltr'>neque</span> <span class='ocrx_word' id='word_1_239' title='bbox 1029 2701 1130 2776; x_wconf 91' lang='lat' dir='ltr'>potuit</span> <span class='ocrx_word' id='word_1_240' title='bbox 1161 2716 1257 2774; x_wconf 87' lang='lat' dir='ltr'>neque</span> 
     </span>
     <span class='ocr_line' id='line_1_27' title="bbox 109 2787 1258 2868; baseline -0.002 -20"><span class='ocrx_word' id='word_1_241' title='bbox 109 2789 211 2848; x_wconf 87' lang='lat' dir='ltr'>debuit</span> <span class='ocrx_word' id='word_1_242' title='bbox 233 2792 322 2865; x_wconf 80' lang='lat' dir='ltr'>poete</span> <span class='ocrx_word' id='word_1_243' title='bbox 345 2793 454 2865; x_wconf 84' lang='lat' dir='ltr'>opicus.</span> <span class='ocrx_word' id='word_1_244' title='bbox 495 2789 586 2866; x_wconf 84' lang='lat' dir='ltr'>Apud</span> <span class='ocrx_word' id='word_1_245' title='bbox 605 2788 774 2868; x_wconf 85' lang='lat' dir='ltr'>Vergilium</span> <span class='ocrx_word' id='word_1_246' title='bbox 797 2789 816 2846; x_wconf 94' lang='lat' dir='ltr'>l.</span> <span class='ocrx_word' id='word_1_247' title='bbox 831 2807 853 2847; x_wconf 88' lang='lat' dir='ltr'>e.</span> <span class='ocrx_word' id='word_1_248' title='bbox 869 2788 896 2847; x_wconf 92' lang='lat' dir='ltr'>X</span> <span class='ocrx_word' id='word_1_249' title='bbox 916 2790 935 2847; x_wconf 81' lang='lat'>5</span> <span class='ocrx_word' id='word_1_250' title='bbox 959 2787 989 2847; x_wconf 94' lang='lat' dir='ltr'>di</span> <span class='ocrx_word' id='word_1_251' title='bbox 1008 2787 1162 2847; x_wconf 72' lang='lat' dir='ltr'>cmidrmi</span> <span class='ocrx_word' id='word_1_252' title='bbox 1180 2789 1258 2846; x_wconf 80' lang='lat' dir='ltr'>tectis</span> 
     </span>
     <span class='ocr_line' id='line_1_28' title="bbox 108 2875 1257 2956; baseline -0.004 -18"><span class='ocrx_word' id='word_1_253' title='bbox 108 2879 301 2952; x_wconf 55' lang='lat' dir='ltr'>bipedem</span> <span class='ocrx_word' id='word_1_254' title='bbox 328 2878 380 2937; x_wconf 90' lang='lat' dir='ltr'>ubi</span> <span class='ocrx_word' id='word_1_255' title='bbox 403 2878 525 2939; x_wconf 86' lang='lat' dir='ltr'>Seruius</span> <span class='ocrx_word' id='word_1_256' title='bbox 548 2875 763 2956; x_wconf 75' lang='lat' dir='ltr'>‘bipatentibus</span> <span class='ocrx_word' id='word_1_257' title='bbox 792 2877 914 2954; x_wconf 85' lang='lat' dir='ltr'>physice</span> <span class='ocrx_word' id='word_1_258' title='bbox 937 2876 1025 2936; x_wconf 84' lang='lat' dir='ltr'>dixit:</span> <span class='ocrx_word' id='word_1_259' title='bbox 1049 2895 1119 2941; x_wconf 86' lang='lat' dir='ltr'>nam</span> <span class='ocrx_word' id='word_1_260' title='bbox 1142 2875 1257 2935; x_wconf 86' lang='lat' dir='ltr'>caelum</span> 
     </span>
     <span class='ocr_line' id='line_1_29' title="bbox 109 2958 1258 3047; baseline -0.006 -19"><span class='ocrx_word' id='word_1_261' title='bbox 109 2972 193 3044; x_wconf 90' lang='lat' dir='ltr'>patet</span> <span class='ocrx_word' id='word_1_262' title='bbox 216 2968 254 3027; x_wconf 87' lang='lat' dir='ltr'>ab</span> <span class='ocrx_word' id='word_1_263' title='bbox 277 2971 345 3026; x_wconf 90' lang='lat' dir='ltr'>ortu</span> <span class='ocrx_word' id='word_1_264' title='bbox 368 2972 398 3026; x_wconf 93' lang='grc'>91</span> <span class='ocrx_word' id='word_1_265' title='bbox 421 2986 534 3028; x_wconf 88' lang='lat' dir='ltr'>occasu.</span> <span class='ocrx_word' id='word_1_266' title='bbox 576 2968 631 3027; x_wconf 77' lang='lat' dir='ltr'>us:</span> <span class='ocrx_word' id='word_1_267' title='bbox 654 2971 754 3028; x_wconf 87' lang='lat' dir='ltr'>autem</span> <span class='ocrx_word' id='word_1_268' title='bbox 775 2984 872 3026; x_wconf 89' lang='lat' dir='ltr'>sermo</span> <span class='ocrx_word' id='word_1_269' title='bbox 890 2967 1045 3026; x_wconf 81' lang='lat' dir='ltr'>Ennianus</span> <span class='ocrx_word' id='word_1_270' title='bbox 1065 2958 1146 3046; x_wconf 85' lang='lat' dir='ltr'>(ann.</span> <span class='ocrx_word' id='word_1_271' title='bbox 1163 2967 1202 3025; x_wconf 90' lang='grc'>61</span> <span class='ocrx_word' id='word_1_272' title='bbox 1215 2959 1258 3047; x_wconf 87' lang='lat' dir='ltr'>V)</span> 
     </span>
     <span class='ocr_line' id='line_1_30' title="bbox 108 3054 1257 3134; baseline -0.003 -18"><span class='ocrx_word' id='word_1_273' title='bbox 108 3061 222 3117; x_wconf 88' lang='lat' dir='ltr'>tractus</span> <span class='ocrx_word' id='word_1_274' title='bbox 241 3056 279 3116; x_wconf 91' lang='lat' dir='ltr'>ab</span> <span class='ocrx_word' id='word_1_275' title='bbox 298 3059 391 3134; x_wconf 91' lang='lat' dir='ltr'>ostiis,</span> <span class='ocrx_word' id='word_1_276' title='bbox 410 3077 487 3134; x_wconf 88' lang='lat' dir='ltr'>quae</span> <span class='ocrx_word' id='word_1_277' title='bbox 506 3077 541 3116; x_wconf 84' lang='lat' dir='ltr'>er</span> <span class='ocrx_word' id='word_1_278' title='bbox 559 3061 687 3134; x_wconf 87' lang='lat' dir='ltr'>utraque</span> <span class='ocrx_word' id='word_1_279' title='bbox 705 3061 791 3134; x_wconf 87' lang='lat' dir='ltr'>parte</span> <span class='ocrx_word' id='word_1_280' title='bbox 810 3058 997 3133; x_wconf 86' lang='lat' dir='ltr'>aperiuntur:</span> <span class='ocrx_word' id='word_1_281' title='bbox 1021 3056 1099 3114; x_wconf 90' lang='lat' dir='ltr'>unde</span> <span class='ocrx_word' id='word_1_282' title='bbox 1122 3059 1152 3114; x_wconf 98' lang='grc'>91</span> <span class='ocrx_word' id='word_1_283' title='bbox 1170 3054 1257 3114; x_wconf 91' lang='lat' dir='ltr'>modo</span> 
     </span>
     <span class='ocr_line' id='line_1_31' title="bbox 110 3142 1258 3225; baseline -0.002 -19"><span class='ocrx_word' id='word_1_284' title='bbox 110 3142 361 3224; x_wconf 79' lang='lat' dir='ltr'>“bipatentibus&#39;’</span> <span class='ocrx_word' id='word_1_285' title='bbox 382 3149 493 3223; x_wconf 88' lang='lat' dir='ltr'>apertis</span> <span class='ocrx_word' id='word_1_286' title='bbox 512 3143 735 3225; x_wconf 90' lang='lat' dir='ltr'>intellegimus&#39;.</span> <span class='ocrx_word' id='word_1_287' title='bbox 774 3146 980 3221; x_wconf 74' lang='lat' dir='ltr'>Bapctcntibcs</span> <span class='ocrx_word' id='word_1_288' title='bbox 997 3144 1076 3204; x_wconf 87' lang='lat' dir='ltr'>idern</span> <span class='ocrx_word' id='word_1_289' title='bbox 1096 3163 1159 3205; x_wconf 88' lang='lat' dir='ltr'>esse</span> <span class='ocrx_word' id='word_1_290' title='bbox 1179 3143 1258 3222; x_wconf 89' lang='lat' dir='ltr'>quod</span> 
     </span>
     <span class='ocr_line' id='line_1_32' title="bbox 109 3224 1257 3317; baseline -0.003 -21"><span class='ocrx_word' id='word_1_291' title='bbox 109 3239 219 3312; x_wconf 79' lang='lat' dir='ltr'>opertis</span> <span class='ocrx_word' id='word_1_292' title='bbox 240 3240 319 3296; x_wconf 91' lang='lat' dir='ltr'>recte</span> <span class='ocrx_word' id='word_1_293' title='bbox 342 3236 419 3296; x_wconf 86' lang='lat' dir='ltr'>dixit</span> <span class='ocrx_word' id='word_1_294' title='bbox 442 3228 528 3317; x_wconf 88' lang='lat' dir='ltr'>(coni</span> <span class='ocrx_word' id='word_1_295' title='bbox 547 3235 666 3295; x_wconf 85' lang='lat' dir='ltr'>Aenss</span> <span class='ocrx_word' id='word_1_296' title='bbox 686 3228 765 3317; x_wconf 84' lang='lat'><strong>330)</strong></span> <span class='ocrx_word' id='word_1_297' title='bbox 789 3256 884 3312; x_wconf 89' lang='lat' dir='ltr'>neque</span> <span class='ocrx_word' id='word_1_298' title='bbox 907 3237 1008 3295; x_wconf 82' lang='lat' dir='ltr'>tamen</span> <span class='ocrx_word' id='word_1_299' title='bbox 1029 3234 1152 3311; x_wconf 86' lang='lat' dir='ltr'>physice</span> <span class='ocrx_word' id='word_1_300' title='bbox 1170 3224 1257 3293; x_wconf 90' lang='lat' dir='ltr'>uoca-</span> 
     </span>
     <span class='ocr_line' id='line_1_33' title="bbox 108 3323 1259 3402; baseline -0.002 -17"><span class='ocrx_word' id='word_1_301' title='bbox 108 3324 212 3386; x_wconf 88' lang='lat' dir='ltr'>bulum</span> <span class='ocrx_word' id='word_1_302' title='bbox 245 3325 321 3385; x_wconf 90' lang='lat' dir='ltr'>illud</span> <span class='ocrx_word' id='word_1_303' title='bbox 357 3329 404 3385; x_wconf 90' lang='lat' dir='ltr'>est</span> <span class='ocrx_word' id='word_1_304' title='bbox 435 3325 691 3402; x_wconf 88' lang='lat' dir='ltr'>interpretandum</span> <span class='ocrx_word' id='word_1_305' title='bbox 730 3324 782 3385; x_wconf 93' lang='lat' dir='ltr'>sed</span> <span class='ocrx_word' id='word_1_306' title='bbox 814 3326 919 3385; x_wconf 87' lang='lat' dir='ltr'>ualuas</span> <span class='ocrx_word' id='word_1_307' title='bbox 951 3325 1026 3384; x_wconf 91' lang='lat' dir='ltr'>caeli</span> <span class='ocrx_word' id='word_1_308' title='bbox 1058 3328 1160 3399; x_wconf 86' lang='lat' dir='ltr'>patere</span> <span class='ocrx_word' id='word_1_309' title='bbox 1187 3323 1259 3383; x_wconf 83' lang='lat' dir='ltr'>fecit</span> 
     </span>
     <span class='ocr_line' id='line_1_34' title="bbox 109 3413 1258 3491; baseline -0.001 -18"><span class='ocrx_word' id='word_1_310' title='bbox 109 3416 224 3475; x_wconf 83' lang='lat' dir='ltr'>Ennius</span> <span class='ocrx_word' id='word_1_311' title='bbox 246 3417 278 3473; x_wconf 90' lang='lat' dir='ltr'>in</span> <span class='ocrx_word' id='word_1_312' title='bbox 302 3415 424 3475; x_wconf 88' lang='lat' dir='ltr'>deorum</span> <span class='ocrx_word' id='word_1_313' title='bbox 447 3415 580 3475; x_wconf 91' lang='lat' dir='ltr'>conciliis</span> <span class='ocrx_word' id='word_1_314' title='bbox 603 3414 678 3489; x_wconf 90' lang='lat' dir='ltr'>ideo,</span> <span class='ocrx_word' id='word_1_315' title='bbox 702 3417 773 3491; x_wconf 86' lang='lat' dir='ltr'>quia</span> <span class='ocrx_word' id='word_1_316' title='bbox 796 3415 828 3472; x_wconf 88' lang='lat' dir='ltr'>in</span> <span class='ocrx_word' id='word_1_317' title='bbox 850 3414 922 3473; x_wconf 90' lang='lat' dir='ltr'>urbe</span> <span class='ocrx_word' id='word_1_318' title='bbox 943 3433 1011 3473; x_wconf 91' lang='lat' dir='ltr'>cum</span> <span class='ocrx_word' id='word_1_319' title='bbox 1029 3417 1151 3474; x_wconf 88' lang='lat' dir='ltr'>senatus</span> <span class='ocrx_word' id='word_1_320' title='bbox 1170 3413 1258 3473; x_wconf 87' lang='lat' dir='ltr'>habe·</span> 
     </span>
     <span class='ocr_line' id='line_1_35' title="bbox 109 3496 1258 3584; baseline -0.002 -21"><span class='ocrx_word' id='word_1_321' title='bbox 109 3504 198 3565; x_wconf 88' lang='lat' dir='ltr'>batur</span> <span class='ocrx_word' id='word_1_322' title='bbox 220 3505 328 3564; x_wconf 86' lang='lat' dir='ltr'>ualuae</span> <span class='ocrx_word' id='word_1_323' title='bbox 351 3507 451 3564; x_wconf 87' lang='lat' dir='ltr'>curiae</span> <span class='ocrx_word' id='word_1_324' title='bbox 474 3505 619 3581; x_wconf 86' lang='lat' dir='ltr'>patebant</span> <span class='ocrx_word' id='word_1_325' title='bbox 641 3523 723 3564; x_wconf 90' lang='lat' dir='ltr'>more</span> <span class='ocrx_word' id='word_1_326' title='bbox 750 3506 897 3563; x_wconf 89' lang='lat' dir='ltr'>maiorum</span> <span class='ocrx_word' id='word_1_327' title='bbox 921 3496 1112 3584; x_wconf 83' lang='lat' dir='ltr'>(Mommseni</span> <span class='ocrx_word' id='word_1_328' title='bbox 1135 3503 1171 3561; x_wconf 89' lang='lat' dir='ltr'>de</span> <span class='ocrx_word' id='word_1_329' title='bbox 1193 3505 1258 3562; x_wconf 87' lang='lat' dir='ltr'>iure</span> 
     </span>
     <span class='ocr_line' id='line_1_36' title="bbox 110 3586 1258 3674; baseline -0.001 -21"><span class='ocrx_word' id='word_1_330' title='bbox 110 3614 137 3670; x_wconf 92' lang='lat' dir='ltr'>p.</span> <span class='ocrx_word' id='word_1_331' title='bbox 156 3594 191 3653; x_wconf 87' lang='lat' dir='ltr'>R.</span> <span class='ocrx_word' id='word_1_332' title='bbox 210 3593 295 3653; x_wconf 82' lang='lat'>1112</span> <span class='ocrx_word' id='word_1_333' title='bbox 320 3592 400 3670; x_wconf 91' lang='lat' dir='ltr'>Lips.</span> <span class='ocrx_word' id='word_1_334' title='bbox 422 3594 507 3653; x_wconf 90' lang='grc'>1888</span> <span class='ocrx_word' id='word_1_335' title='bbox 531 3615 559 3670; x_wconf 92' lang='lat' dir='ltr'>p.</span> <span class='ocrx_word' id='word_1_336' title='bbox 580 3586 668 3674; x_wconf 83' lang='lat'>931).</span> <span class='ocrx_word' id='word_1_337' title='bbox 720 3592 778 3652; x_wconf 82' lang='lat' dir='ltr'>Sed</span> <span class='ocrx_word' id='word_1_338' title='bbox 807 3612 874 3652; x_wconf 90' lang='lat' dir='ltr'>cum</span> <span class='ocrx_word' id='word_1_339' title='bbox 901 3593 1016 3653; x_wconf 73' lang='lat' dir='ltr'>Ennius</span> <span class='ocrx_word' id='word_1_340' title='bbox 1048 3597 1078 3652; x_wconf 94' lang='lat' dir='ltr'>et</span> <span class='ocrx_word' id='word_1_341' title='bbox 1104 3591 1258 3670; x_wconf 88' lang='lat' dir='ltr'>Vergilius</span> 
     </span>
     <span class='ocr_line' id='line_1_37' title="bbox 109 3682 1259 3761; baseline -0.002 -20"><span class='ocrx_word' id='word_1_342' title='bbox 109 3683 186 3743; x_wconf 89' lang='lat' dir='ltr'>hanc</span> <span class='ocrx_word' id='word_1_343' title='bbox 212 3702 277 3742; x_wconf 88' lang='lat' dir='ltr'>rem</span> <span class='ocrx_word' id='word_1_344' title='bbox 304 3703 379 3758; x_wconf 88' lang='lat' dir='ltr'>quae</span> <span class='ocrx_word' id='word_1_345' title='bbox 407 3683 483 3742; x_wconf 87' lang='lat' dir='ltr'>nihil</span> <span class='ocrx_word' id='word_1_346' title='bbox 512 3683 680 3742; x_wconf 86' lang='lat' dir='ltr'>detraheret</span> <span class='ocrx_word' id='word_1_347' title='bbox 703 3683 850 3761; x_wconf 88' lang='lat' dir='ltr'>grauitati</span> <span class='ocrx_word' id='word_1_348' title='bbox 872 3682 975 3741; x_wconf 87' lang='lat' dir='ltr'>Musae</span> <span class='ocrx_word' id='word_1_349' title='bbox 998 3700 1070 3741; x_wconf 84' lang='lat' dir='ltr'>suae</span> <span class='ocrx_word' id='word_1_350' title='bbox 1093 3682 1131 3741; x_wconf 86' lang='lat' dir='ltr'>ad</span> <span class='ocrx_word' id='word_1_351' title='bbox 1154 3682 1259 3740; x_wconf 85' lang='lat' dir='ltr'>simili-</span> 
     </span>
     <span class='ocr_line' id='line_1_38' title="bbox 110 3771 1258 3849; baseline 0 -19"><span class='ocrx_word' id='word_1_352' title='bbox 110 3772 244 3832; x_wconf 89' lang='lat' dir='ltr'>tudinem</span> <span class='ocrx_word' id='word_1_353' title='bbox 271 3775 391 3832; x_wconf 89' lang='lat' dir='ltr'>senatus</span> <span class='ocrx_word' id='word_1_354' title='bbox 418 3792 446 3848; x_wconf 91' lang='lat' dir='ltr'>p.</span> <span class='ocrx_word' id='word_1_355' title='bbox 461 3773 496 3831; x_wconf 82' lang='lat' dir='ltr'>It.</span> <span class='ocrx_word' id='word_1_356' title='bbox 524 3772 678 3832; x_wconf 87' lang='lat' dir='ltr'>finxissent</span> <span class='ocrx_word' id='word_1_357' title='bbox 706 3772 738 3831; x_wconf 88' lang='lat' dir='ltr'>in</span> <span class='ocrx_word' id='word_1_358' title='bbox 767 3771 926 3849; x_wconf 86' lang='lat' dir='ltr'>poematis,</span> <span class='ocrx_word' id='word_1_359' title='bbox 956 3771 1088 3832; x_wconf 87' lang='lat' dir='ltr'>Lucilius</span> <span class='ocrx_word' id='word_1_360' title='bbox 1111 3774 1201 3847; x_wconf 88' lang='grc'>99919</span> <span class='ocrx_word' id='word_1_361' title='bbox 1224 3790 1258 3830; x_wconf 89' lang='grc'>99</span> 
     </span>
     <span class='ocr_line' id='line_1_39' title="bbox 110 3860 1258 3940; baseline -0.003 -18"><span class='ocrx_word' id='word_1_362' title='bbox 110 3880 282 3940; x_wconf 88' lang='lat' dir='ltr'>progressus</span> <span class='ocrx_word' id='word_1_363' title='bbox 310 3866 356 3922; x_wconf 89' lang='lat' dir='ltr'>est</span> <span class='ocrx_word' id='word_1_364' title='bbox 383 3860 524 3921; x_wconf 87' lang='lat' dir='ltr'>andaciae</span> <span class='ocrx_word' id='word_1_365' title='bbox 552 3864 587 3920; x_wconf 91' lang='lat' dir='ltr'>ut</span> <span class='ocrx_word' id='word_1_366' title='bbox 615 3864 664 3922; x_wconf 87' lang='lat' dir='ltr'>sat</span> <span class='ocrx_word' id='word_1_367' title='bbox 685 3861 783 3921; x_wconf 89' lang='lat' dir='ltr'>iocose</span> <span class='ocrx_word' id='word_1_368' title='bbox 806 3861 875 3921; x_wconf 91' lang='lat' dir='ltr'>deos</span> <span class='ocrx_word' id='word_1_369' title='bbox 898 3862 1083 3921; x_wconf 90' lang='lat' dir='ltr'>immortales</span> <span class='ocrx_word' id='word_1_370' title='bbox 1106 3862 1258 3920; x_wconf 80' lang='lat' dir='ltr'>senatores</span> 
     </span>
     <span class='ocr_line' id='line_1_40' title="bbox 109 3947 1259 4028; baseline -0.002 -18"><span class='ocrx_word' id='word_1_371' title='bbox 109 3951 281 4026; x_wconf 82' lang='lat' dir='ltr'>reddiderit,</span> <span class='ocrx_word' id='word_1_372' title='bbox 300 3951 409 4011; x_wconf 87' lang='lat' dir='ltr'>eisdem</span> <span class='ocrx_word' id='word_1_373' title='bbox 428 3951 628 4011; x_wconf 89' lang='lat' dir='ltr'>locutionibus</span> <span class='ocrx_word' id='word_1_374' title='bbox 647 3955 677 4011; x_wconf 92' lang='grc'>91</span> <span class='ocrx_word' id='word_1_375' title='bbox 695 3952 875 4028; x_wconf 89' lang='lat' dir='ltr'>prohoemiis</span> <span class='ocrx_word' id='word_1_376' title='bbox 894 3953 946 4027; x_wconf 94' lang='lat' dir='ltr'>qui</span> <span class='ocrx_word' id='word_1_377' title='bbox 963 3952 1129 4023; x_wconf 82' lang='lat' dir='ltr'>uterentur,</span> <span class='ocrx_word' id='word_1_378' title='bbox 1151 3947 1259 4025; x_wconf 89' lang='lat' dir='ltr'>quibus</span> 
     </span>
     <span class='ocr_line' id='line_1_41' title="bbox 111 4038 1259 4117; baseline -0.002 -19"><span class='ocrx_word' id='word_1_379' title='bbox 111 4041 162 4101; x_wconf 92' lang='lat' dir='ltr'>illo</span> <span class='ocrx_word' id='word_1_380' title='bbox 185 4044 320 4117; x_wconf 90' lang='lat' dir='ltr'>tempore</span> <span class='ocrx_word' id='word_1_381' title='bbox 342 4045 493 4100; x_wconf 88' lang='lat' dir='ltr'>senatores</span> <span class='ocrx_word' id='word_1_382' title='bbox 517 4041 679 4101; x_wconf 89' lang='lat' dir='ltr'>utebantur</span> <span class='ocrx_word' id='word_1_383' title='bbox 697 4042 850 4100; x_wconf 87' lang='lat' dir='ltr'>rhetorum</span> <span class='ocrx_word' id='word_1_384' title='bbox 869 4040 1051 4100; x_wconf 84' lang='lat' dir='ltr'>Graecorum</span> <span class='ocrx_word' id='word_1_385' title='bbox 1070 4038 1210 4116; x_wconf 86' lang='lat' dir='ltr'>discipuli</span> <span class='ocrx_word' id='word_1_386' title='bbox 1229 4042 1259 4097; x_wconf 90' lang='lat' dir='ltr'>et</span> 
     </span>
     <span class='ocr_line' id='line_1_42' title="bbox 112 4129 1258 4207; baseline -0.003 -18"><span class='ocrx_word' id='word_1_387' title='bbox 112 4133 282 4203; x_wconf 83' lang='lat' dir='ltr'>sectatores,</span> <span class='ocrx_word' id='word_1_388' title='bbox 304 4133 339 4186; x_wconf 89' lang='lat' dir='ltr'>ut</span> <span class='ocrx_word' id='word_1_389' title='bbox 362 4149 414 4207; x_wconf 92' lang='lat' dir='ltr'>per</span> <span class='ocrx_word' id='word_1_390' title='bbox 436 4129 599 4189; x_wconf 88' lang='lat' dir='ltr'>ludibrium</span> <span class='ocrx_word' id='word_1_391' title='bbox 622 4130 784 4191; x_wconf 89' lang='lat' dir='ltr'>secundum</span> <span class='ocrx_word' id='word_1_392' title='bbox 806 4149 918 4189; x_wconf 87' lang='lat' dir='ltr'>morem</span> <span class='ocrx_word' id='word_1_393' title='bbox 937 4131 968 4188; x_wconf 89' lang='lat' dir='ltr'>ct</span> <span class='ocrx_word' id='word_1_394' title='bbox 986 4129 1121 4188; x_wconf 90' lang='lat' dir='ltr'>ordinem</span> <span class='ocrx_word' id='word_1_395' title='bbox 1138 4132 1258 4189; x_wconf 84' lang='lat' dir='ltr'>senatus</span> 
     </span>
     <span class='ocr_line' id='line_1_43' title="bbox 112 4218 1258 4298; baseline -0.002 -20"><span class='ocrx_word' id='word_1_396' title='bbox 112 4239 138 4296; x_wconf 94' lang='grc'>9.</span> <span class='ocrx_word' id='word_1_397' title='bbox 153 4220 187 4278; x_wconf 83' lang='lat' dir='ltr'>R.</span> <span class='ocrx_word' id='word_1_398' title='bbox 211 4219 282 4279; x_wconf 87' lang='lat' dir='ltr'>deos</span> <span class='ocrx_word' id='word_1_399' title='bbox 306 4218 458 4279; x_wconf 86' lang='lat' dir='ltr'>induceret</span> <span class='ocrx_word' id='word_1_400' title='bbox 481 4224 611 4298; x_wconf 88' lang='lat' dir='ltr'>agentes.</span> <span class='ocrx_word' id='word_1_401' title='bbox 652 4220 760 4295; x_wconf 88' lang='lat' dir='ltr'>Itaque</span> <span class='ocrx_word' id='word_1_402' title='bbox 783 4238 843 4278; x_wconf 93' lang='lat' dir='ltr'>non</span> <span class='ocrx_word' id='word_1_403' title='bbox 866 4220 955 4278; x_wconf 90' lang='lat' dir='ltr'>sicuti</span> <span class='ocrx_word' id='word_1_404' title='bbox 976 4218 1124 4277; x_wconf 88' lang='lat' dir='ltr'>Homerus</span> <span class='ocrx_word' id='word_1_405' title='bbox 1143 4218 1258 4276; x_wconf 80' lang='lat' dir='ltr'>Ennius</span> 
     </span>
     <span class='ocr_line' id='line_1_44' title="bbox 112 4307 1258 4389; baseline -0.002 -23"><span class='ocrx_word' id='word_1_406' title='bbox 112 4307 261 4389; x_wconf 87' lang='lat' dir='ltr'>Vergilius</span> <span class='ocrx_word' id='word_1_407' title='bbox 299 4308 368 4369; x_wconf 89' lang='lat' dir='ltr'>deos</span> <span class='ocrx_word' id='word_1_408' title='bbox 404 4309 536 4388; x_wconf 90' lang='lat' dir='ltr'>singulos</span> <span class='ocrx_word' id='word_1_409' title='bbox 573 4309 711 4383; x_wconf 89' lang='lat' dir='ltr'>deinceps</span> <span class='ocrx_word' id='word_1_410' title='bbox 747 4307 819 4367; x_wconf 88' lang='lat' dir='ltr'>fecit</span> <span class='ocrx_word' id='word_1_411' title='bbox 855 4312 987 4380; x_wconf 87' lang='lat' dir='ltr'>orantes,</span> <span class='ocrx_word' id='word_1_412' title='bbox 1020 4308 1066 4366; x_wconf 89' lang='lat' dir='ltr'>ita</span> <span class='ocrx_word' id='word_1_413' title='bbox 1099 4310 1133 4366; x_wconf 91' lang='lat' dir='ltr'>ut</span> <span class='ocrx_word' id='word_1_414' title='bbox 1164 4307 1258 4383; x_wconf 87' lang='lat' dir='ltr'>patris</span> 
     </span>
     <span class='ocr_line' id='line_1_45' title="bbox 112 4395 1256 4476; baseline -0.004 -19"><span class='ocrx_word' id='word_1_415' title='bbox 112 4398 322 4476; x_wconf 85' lang='lat' dir='ltr'>hominumque</span> <span class='ocrx_word' id='word_1_416' title='bbox 354 4398 515 4474; x_wconf 87' lang='lat' dir='ltr'>diuomqne</span> <span class='ocrx_word' id='word_1_417' title='bbox 546 4400 679 4457; x_wconf 89' lang='lat' dir='ltr'>uinceret</span> <span class='ocrx_word' id='word_1_418' title='bbox 711 4398 859 4456; x_wconf 87' lang='lat' dir='ltr'>sententia</span> <span class='ocrx_word' id='word_1_419' title='bbox 890 4399 1051 4457; x_wconf 88' lang='lat' dir='ltr'>nouissime</span> <span class='ocrx_word' id='word_1_420' title='bbox 1083 4397 1177 4471; x_wconf 89' lang='lat' dir='ltr'>dicta,</span> <span class='ocrx_word' id='word_1_421' title='bbox 1207 4395 1256 4454; x_wconf 89' lang='lat' dir='ltr'>sed</span> 
     </span>
     <span class='ocr_line' id='line_1_46' title="bbox 116 4485 1259 4564; baseline -0.005 -18"><span class='ocrx_word' id='word_1_422' title='bbox 116 4492 166 4548; x_wconf 90' lang='lat' dir='ltr'>aut</span> <span class='ocrx_word' id='word_1_423' title='bbox 190 4489 322 4549; x_wconf 81' lang='lat' dir='ltr'>orabant</span> <span class='ocrx_word' id='word_1_424' title='bbox 347 4506 460 4562; x_wconf 88' lang='lat' dir='ltr'>omnes,</span> <span class='ocrx_word' id='word_1_425' title='bbox 487 4507 520 4547; x_wconf 89' lang='lat' dir='ltr'>re</span> <span class='ocrx_word' id='word_1_426' title='bbox 546 4489 667 4564; x_wconf 87' lang='lat' dir='ltr'>peracta</span> <span class='ocrx_word' id='word_1_427' title='bbox 694 4486 856 4546; x_wconf 89' lang='lat' dir='ltr'>sententias</span> <span class='ocrx_word' id='word_1_428' title='bbox 883 4487 1025 4546; x_wconf 72' lang='lat' dir='ltr'>dederunt</span> <span class='ocrx_word' id='word_1_429' title='bbox 1046 4488 1110 4545; x_wconf 91' lang='lat' dir='ltr'>siue</span> <span class='ocrx_word' id='word_1_430' title='bbox 1132 4485 1259 4544; x_wconf 68' lang='grc'>19199991</span> 
     </span>
    </p>

    <p class='ocr_par' dir='ltr' id='par_1_4' title="bbox 1012 4584 1045 4637">
     <span class='ocr_line' id='line_1_47' title="bbox 1012 4584 1045 4637; baseline 0 -26"><span class='ocrx_word' id='word_1_431' title='bbox 1012 4584 1045 4637; x_wconf 69' lang='lat'>10</span> 
     </span>
    </p>
   </div>
   <div class='ocr_carea' id='block_1_3' title="bbox 0 0 1524 5002">
    <p class='ocr_par' dir='ltr' id='par_1_5' title="bbox 0 0 1524 5002">
     <span class='ocr_line' id='line_1_48' title="bbox 0 0 1524 5002; baseline 0 0"><span class='ocrx_word' id='word_1_432' title='bbox 0 0 1524 5002; x_wconf 95' lang='lat' dir='ltr'> </span> 
     </span>
    </p>
   </div>
  </div>
 </body>
</html>
