3030 5002
216 330 236 394 6
706 328 762 383 Iu.
783 332 860 381 8-9,

216 500 323 559 ultimo
347 498 526 575 scripsimus.
573 496 672 574 Atque
700 498 802 576 agitiu
829 495 949 573 quidem
977 495 1112 557 uersibus
1137 497 1222 556 5-—7
1248 496 1283 556 de
1311 495 1366 556 deo

217 590 328 664 aliquo,
351 590 403 664 qui
425 587 526 646 arton
544 589 576 646 et
596 588 738 662 populum
755 587 925 647 Romanam
947 605 1006 662 quo
1028 586 1116 646 modo
1134 605 1254 647 seruare
1271 588 1368 663 possit

217 676 392 752 meditatur3
419 697 435 736 e
457 695 546 736 uersu
560 678 585 739 ‚7
610 679 736 753 apparet
758 676 883 736 eundem
907 695 1028 753 operam
1051 675 1180 750 dedisse,
1202 680 1238 735 ut
1259 676 1367 736 saltem

217 765 255 826 ad
273 767 363 826 lustri
384 766 474 826 finem
497 765 579 826 urbis
602 766 757 826 interitum
781 765 913 826 differret
936 768 989 825 aut
1011 765 1115 825 urbem
1136 766 1233 842 ipsam
1251 766 1368 825 saluam

217 857 405 933 protolleret:
428 855 480 914 ubi
504 854 801 915 animaduertendum
824 858 870 915 est
892 857 944 914 hoc
965 873 1129 931 pronomen
1153 856 1233 931 quod
1256 855 1367 934 signifi·

218 950 265 1005 cet
282 944 315 1004 id
334 964 394 1021 quo
413 946 524 1004 uiuunt
540 945 668 1005 lustrum
686 963 834 1022 praesens.
867 942 952 1014 Quod
971 945 1087 1004 scilicet
1104 945 1232 1004 lustnim
1250 948 1370 1022 ceperat

218 1034 322 1094 eodem
345 1053 424 1094 anno
448 1033 602 1094 exordium
627 1053 685 1110 quo
708 1033 818 1094 Lucilii
846 1036 944 1110 poesis
968 1028 1122 1112 623s131:
1151 1053 1209 1109 quo
1233 1032 1266 1103 Q.
1282 1034 1368 1093 Pom·

217 1123 302 1201 peius
325 1123 359 1194 Q.
377 1123 516 1183 Metellus
540 1141 675 1183 censores
698 1125 751 1198 qui
773 1123 882 1182 Lucilii
904 1124 1020 1183 inimici
1043 1128 1129 1182 erant
1146 1122 1264 1200 Lupum
1287 1125 1368 1200 prin-

219 1214 315 1289 cipem
342 1215 464 1273 senatus
492 1212 637 1273 fecerant:
669 1211 802 1272 nondum
830 1212 943 1273 exierat
969 1232 1037 1272 cum
1064 1212 1209 1272 librumI
1235 1213 1369 1272 Lucilius

218 1300 401 1378 conscripsit.
446 1301 591 1363 Videmus
614 1321 649 1361 ex
673 1302 773 1365 uerbis
795 1303 915 1376 petisset
943 1304 974 1361 et
995 1303 1162 1377 protolleret
1189 1302 1370 1362 sententiam

219 1392 268 1451 dei
290 1411 350 1451 uon
373 1410 392 1452 a
419 1390 473 1451 deo
501 1393 566 1468 ipso
594 1390 653 1451 dici
680 1393 711 1450 in
740 1392 865 1453 concilio
894 1391 945 1452 sed
973 1411 992 1451 a
1019 1395 1108 1469 poeta
1134 1392 1247 1451 referri.
1295 1390 1373 1451 (loni

219 1481 290 1542 Hor.
310 1499 399 1541 carm.
419 1498 493 1540 saec.
514 1482 555 1541 65
577 1477 622 1540 ‘Si
640 1481 795 1541 Palatinas
812 1481 898 1540 uidet
915 1500 1027 1557 aequus
1048 1499 1139 1555 arces,
1159 1481 1292 1557 Remque
1311 1481 1370 1541 Ro·

219 1589 339 1631 manam
366 1570 546 1647 Latiumque
573 1569 645 1630 felix
672 1570 812 1630 Alterum
840 1571 870 1629 in
899 1571 1027 1631 lustrum
1058 1571 1223 1647 meliusque
1255 1590 1371 1647 semper

220 1661 369 1738 Prorogat
396 1656 524 1718 aeuum’.
567 1660 633 1719 Val.
652 1659 730 1720 Max.
750 1659 793 1717 IV
815 1662 900 1734 1,1o
925 1656 1096 1720 ‘Africanus
1112 1707 1117 1717 .
1134 1706 1139 1717 .
1156 1706 1162 1719 .
1177 1678 1281 1720 censor
1304 1679 1370 1719 cum

220 1750 349 1810 lustrum
377 1749 518 1809 conderet
544 1750 634 1827 inque
657 1750 746 1810 solito
774 1749 838 1808 fieri
870 1748 1015 1809 sacrificio
1048 1749 1145 1809 scriba
1176 1769 1212 1808 ex
1242 1749 1371 1826 publicis

220 1838 332 1898 tabulis
360 1839 502 1898 sollemne
531 1838 557 1897 ei
585 1839 766 1916 precationis
794 1857 913 1898 carmen
935 1841 1079 1915 praeiret,
1107 1857 1166 1915 quo
1192 1839 1224 1897 di
1249 1839 1370 1898 immor·

220 1928 296 1988 tales
319 1931 355 1987 ut
376 1928 481 2004 populi
503 1928 630 1988 Romani
654 1946 701 1988 res
724 1929 861 1988 meliores
884 1929 1103 2005 amplioresque
1121 1930 1263 2005 facerent,
1285 1948 1371 2008 roga·

220 2017 342 2077 bantur:
371 2011 511 2091 “Satis''‚
532 2019 645 2093 inquit,
671 2013 790 2077 “bonae
814 2020 844 2077 et
866 2037 993 2096 magnae
1016 2021 1094 2078 sunt.
1140 2018 1245 2096 Itaque
1268 2037 1373 2095 precor

221 2109 258 2166 nt
280 2125 330 2166 eas
353 2108 498 2183 perpetuo
521 2108 683 2167 incolumes
708 2103 872 2167 seruent”.’
914 2107 1118 2167 Meditahatur
1140 2108 1276 2185 Iuppiter
1300 2125 1371 2185 quo·

221 2195 309 2255 modo
332 2195 414 2256 urbis
437 2197 600 2272 populique
622 2197 749 2256 Romani
772 2197 886 2256 ruentis
911 2197 1044 2257 differret
1070 2198 1224 2257 excidium.
1271 2196 1372 2274 Scipio

222 2284 409 2344 Aemilianus
432 2284 520 2344 modo
543 2288 609 2345 erat
631 2305 684 2362 per
705 2287 768 2345 uim
792 2288 914 2347 necatus
938 2286 1090 2361 asicario‚
1112 2289 1144 2345 in
1163 2286 1236 2346 urbe
1254 2287 1372 2347 funesta

222 2373 330 2434 seditio
357 2372 550 2451 grassabatur
572 2372 758 2449 Gracchana,
780 2377 812 2434 iu
831 2375 922 2435 Italia
944 2376 1091 2435 sociorum
1115 2376 1293 2436 audiebatur
1314 2377 1372 2436 fre·

223 2465 324 2537 mitns,
347 2466 412 2521 tum
434 2463 547 2522 bellum
569 2464 729 2524 imminens
753 2465 962 2544 Fregellanum
985 2467 1100 2525 animos
1124 2465 1260 2544 angebat
1302 2465 1372 2525 Ideo

225 2553 347 2612 deorum
370 2551 528 2612 concilium
552 2558 769 2614 conuocauerat
786 2555 922 2631 Iuppiter
945 2554 1027 2615 urbis
1045 2559 1144 2614 custos
1163 2547 1237 2635 ((110.
1256 2555 1288 2613 in
1308 2555 1372 2614 Cat.

225 2641 300 2702 111
325 2641 373 2701 ΠΙ
392 2634 449 2723 29)
473 2644 508 2701 ut
531 2643 649 2703 etiamsi
671 2644 815 2704 Romanis
838 2643 868 2702 di
893 2647 993 2704 essent
1014 2643 1094 2721 irati,
1117 2647 1217 2704 temen
1236 2645 1374 2704 uiderent

224 2734 250 2792 si
274 2750 332 2808 quo
355 2731 442 2792 modo
465 2735 587 2809 possent
608 2753 718 2793 munus
739 2734 826 2811 fungi
845 2736 876 2793 et
893 2752 995 2794 muros
1014 2751 1138 2793 seruare.
1178 2732 1312 2809 Propeit.
1327 2734 1373 2792 111

226 2826 277 2896 11,
292 2822 333 2881 65
359 2817 452 2881 ‘Haec
474 2822 506 2881 di
529 2821 732 2896 condiderunt,
754 2824 828 2882 haec
851 2823 883 2882 di
906 2842 1025 2899 quoque
1048 2824 1165 2882 moenia
1187 2818 1327 2883 seruant’.

313 2904 347 2971 9.
372 2909 540 2971 Scholiasta
562 2911 642 2971 Pers.
662 2911 677 2969 I
698 2916 730 2971 1:
759 2907 797 2971 Ὀ
821 2931 907 2973 curas
929 2912 1092 2985 hominum,
1117 2930 1134 2971 o
1159 2915 1305 2988 quantum
1328 2915 1375 2972 est

224 3001 256 3058 in
278 2999 366 3058 rebus
388 2994 491 3079 inane]
515 3000 612 3059 inane.
658 2998 731 3060 ὅσον
756 2999 788 3060 τὸ
816 3000 912 3062 κενόν.
957 3002 1045 3060 Hunc
1072 3020 1189 3061 uersum
1218 3002 1253 3060 de
1276 3002 1374 3061 Lucili

224 3089 321 3164 primo
343 3089 501 3148 transtulit
523 3091 554 3148 et
575 3089 650 3149 bene
673 3090 754 3150 uitae
777 3091 855 3149 uitia
876 3093 1033 3167 increpans
1057 3091 1094 3149 ab
1114 3090 1311 3151 admiratione
1329 3094 1374 3150 in·

226 3172 319 3253 cipit’.
374 3177 509 3237 Primum
537 3177 633 3239 Persii
663 3180 814 3257 integmm
850 3199 983 3254 uersum,
1009 3199 1069 3239 nou
1100 3181 1261 3239 secundum
1289 3177 1374 3251 ‘Quis

225 3267 306 3343 leget
327 3265 422 3326 haec?
444 3268 506 3326 min
529 3270 563 3327 tu
586 3267 669 3327 istud
691 3267 757 3329 ais?
785 3288 879 3344 nemo,
903 3269 1030 3328 hercule.
1076 3265 1194 3328 nemo?
1223 3273 1258 3329 ut
1280 3270 1373 3329 Lach-

225 3374 354 3416 mannns
377 3359 407 3414 et
430 3356 463 3415 L.
482 3356 643 3418 Muellerus
667 3358 808 3418 arbitrati
831 3361 902 3418 sunt
924 3358 1062 3418 aPersio
1082 3378 1116 3418 ex
1136 3360 1245 3418 Lucilii
1263 3359 1341 3420 libro
1360 3360 1375 3418 I

227 3444 416 3520 desumptum
445 3464 507 3506 esse
535 3446 754 3507 demonstrauit
785 3452 853 3524 post
880 3448 1057 3527 Pinzgerum
1090 3448 1165 3507 alios
1198 3448 1234 3507 de
1266 3449 1375 3525 quihus

226 3533 294 3593 uide
328 3532 477 3594 Gerlachii
508 3535 657 3595 Lucilium
684 3557 713 3613 p.
734 3540 763 3612 5,
779 3539 819 3596 29
846 3537 876 3597 G.
892 3538 923 3597 F.
938 3537 1082 3596 Heinrich
1115 3537 1174 3597 Des
1205 3536 1240 3596 A.
1256 3537 1376 3598 Persius

226 3624 351 3684 Flaccus
379 3623 498 3684 Satiren
525 3624 649 3704 Leipzig
669 3628 755 3686 1844
783 3648 811 3704 p
833 3628 887 3686 74:
916 3628 1000 3686 cuius
1032 3626 1176 3686 iudicium
1211 3626 1377 3702 probarunt

226 3712 424 3773 Buechelerus
446 3715 478 3772 iu
496 3713 591 3774 Persii
611 3712 742 3775 editione
760 3715 958 3776 Baehrensins
980 3718 1012 3776 in
1032 3716 1062 3774 F.
1073 3715 1105 3774 P.
1115 3715 1149 3774 R.
1174 3716 1235 3775 alii.
1271 3717 1375 3791 Neque

227 3805 307 3862 enim
330 3805 433 3880 magni
455 3803 624 3863 faciendum
647 3805 673 3863 si
695 3807 727 3863 in
751 3805 850 3865 codice
874 3807 975 3882 aliquo
998 3805 1131 3865 scholion
1154 3804 1230 3865 illud
1250 3805 1288 3864 ad
1306 3808 1373 3864 u.2

228 3893 410 3969 adscriptum
434 3911 496 3953 esse
519 3892 639 3952 uidetur
664 3896 783 3954 stul
810 3895 904 3954 Persii
932 3895 1013 3954 solus
1041 3895 1085 3954 ita
1112 3897 1303 3971 comparatus
1331 3898 1377 3953 est

228 3984 264 4041 ut
286 4002 321 4041 ex
343 3981 460 4042 Lucilio
482 3983 600 4061 integer
620 3985 718 4060 possit
740 4002 803 4043 esse
830 3985 1008 4044 translatus:
1036 4003 1054 4043 o
1081 3986 1242 4060 repetitum
1265 3984 1376 4043 Lucili-

228 4089 318 4129 anum
342 4089 404 4130 esse
427 4072 539 4132 euincit
556 4092 585 4130 u.
608 4073 827 4132 incert.1238.
864 4074 931 4132 Non
954 4073 1059 4132 libriI
1081 4075 1133 4134 sed
1156 4074 1300 4134 orationis
1321 4074 1375 4132 ali-

229 4158 311 4218 cuius
334 4160 538 4234 prohoemium
561 4163 620 4221 fuit
642 4162 690 4221 hic
712 4180 816 4222 uersus
840 4183 898 4239 quo
917 4164 1054 4239 Iuppiter
1074 4163 1163 4223 sicuti
1181 4163 1376 4223 Ecclesiastes

228 4245 445 4308 κενοσπουδίαν
468 4253 499 4310 01
520 4252 735 4329 ματαιοπονίαν
757 4253 932 4312 mortalium
954 4253 1149 4330 uituperarit:
1177 4272 1273 4329 neque
1296 4251 1376 4311 enim

230 4355 409 4415 quemquam
436 4338 559 4400 deorum
584 4344 682 4421 magis
709 4342 795 4401 decet
821 4342 967 4402 eiusmodi
993 4342 1167 4418 conquestio
1199 4342 1299 4418 qualis
1331 4343 1377 4401 cst

229 4428 283 4487 illa
305 4427 392 4487 Hom.
412 4450 431 4486 α
450 4430 491 4488 32
516 4421 539 4488 ὦ
562 4428 664 4507 πόποι,
687 4424 751 4490 οἷον
775 4429 813 4506 δή
836 4454 874 4490 νυ
899 4431 990 4504 θεοὺς
1013 4428 1115 4512 βροτοὶ
1136 4429 1316 4491 αἰτιόωνται·
1346 4426 1376 4503 ἐξ
