3060 5010
209 342 272 408 146
665 340 734 394 xu.
755 344 904 395 aes-eae.

207 508 356 573 ‘Hominis
375 530 504 589 nequam
523 513 612 587 atque
630 506 770 587 improbi’
791 502 1357 584 Ρ1111.Β1111111.573,’1111111111-

207 621 297 681 quam
320 604 366 662 111
388 597 488 662 homo'
508 600 613 662 Pseud.
634 601 730 674 1103,
754 595 924 676 ‘utrumque
947 600 1016 658 faxo
1039 597 1162 657 habebit
1180 600 1211 657 11
1229 616 1357 675 nequam

207 695 238 752 et
260 686 384 751 malum’
409 691 593 765 Ρο111.162,
621 686 750 750 ‘seruum
772 690 871 748 hercle
893 691 924 748 11
947 707 1010 748 1111
1034 689 1153 765 oportet
1176 691 1206 747 et
1228 706 1357 763 nequam

208 784 239 841 11
266 776 389 841 malum’
417 781 516 855 1030,
550 774 635 856 ‘quin
661 780 759 838 malus
786 796 973 856 nequamque
1005 772 1057 838 sis’
1086 777 1170 837 Asin.
1191 777 1268 836 305:
1298 775 1358 836 Cic.

208 870 284 930 Phil.
304 869 364 928 VH
384 872 412 944 1,
432 870 451 930 3
472 866 612 946 ‘nequam
632 868 783 928 esthemo
806 869 858 927 ille
878 869 967 944 atque
986 865 1144 942 confidens,
1166 866 1256 926 multi
1274 885 1358 942 prae·

206 962 290 1020 terea
312 953 463 1036 improbi'.
508 959 645 1034 Nequam
667 957 813 1019 uocabulo
836 957 993 1017 Terentius
1016 976 1076 1016 nou
1099 956 1219 1016 uidetur
1242 957 1295 1015 uti.

299 1041 381 1110 386.
406 1048 522 1108 Nonius
540 1068 569 1125 p.
590 1049 664 1123 396,
684 1051 724 1108 17
750 1043 884 1107 ‘Sumere
907 1047 1000 1106 etiam
1018 1044 1168 1126 signifieat
1187 1045 1321 1124 eligere..
1334 1092 1358 1103 ..

207 1137 342 1199 Lucilius
370 1140 541 1215 satyrarum
563 1137 661 1197 lihX
686 1132 851 1196 “bonmm
878 1138 923 1196 111
950 1135 1094 1195 iudicium
1120 1137 1229 1195 crassis
1255 1137 1288 1194 al
1315 1134 1358 1194 di·

209 1227 365 1288 scribimus
389 1229 459 1287 ante
479 1275 485 1286 .
506 1273 512 1285 .
533 1274 539 1286 .
558 1220 734 1287 locemus''.’
780 1227 897 1285 Horum
920 1227 999 1284 recte
1022 1226 1124 1301 posuit
1146 1224 1282 1299 Rothius,
1304 1243 1359 1301 pro

211 1318 333 1387 1111111,
361 1317 441 1395 quod
464 1316 538 1378 codd
566 1316 690 1391 habent,
721 1316 806 1375 111111
832 1317 932 1392 posui:
966 1313 1086 1375 Crassos
1114 1315 1194 1374 enim
1221 1313 1361 1373 exturbat

209 1409 345 1466 metmm.
391 1406 588 1466 Discribimue
610 1406 714 1466 eodem
736 1404 824 1465 modo
848 1424 907 1481 quo
931 1423 984 1464 nos
1007 1403 1133 1464 dicimus
1158 1398 1205 1463 ‘ut
1226 1403 1360 1463 Lucilius

210 1498 280 1555 ante
304 1491 419 1555 scribit’
444 1496 544 1573 potuit
567 1497 674 1573 opinor
696 1495 793 1555 dicere
816 1496 914 1570 poeta.
959 1493 1066 1570 Itaque
1089 1497 1158 1571 post
1183 1492 1361 1554 uocabulum

209 1584 352 1644 Latinum
374 1587 515 1661 posuerat
535 1588 625 1661 poeta
643 1586 717 1645 artis
736 1582 914 1644 uocabulum
933 1582 1079 1643 Graecum
1097 1586 1251 1661 tamquam
1269 1584 1362 1641 iuter·

210 1676 431 1752 probamentum
449 1676 656 1734 necessarium.
693 1673 845 1733 Pertinere
860 1691 963 1733 uersus
977 1675 1051 1733 istos
1066 1673 1104 1732 ad
1118 1672 1210 1733 uerba
1224 1672 1362 1752 eligenda

210 1765 380 1841 suspicatur
406 1763 604 1824 Buechelerus
624 1765 643 1822 l.
663 1783 685 1824 s.
705 1782 727 1824 1.
750 1763 783 1822 id
811 1762 917 1823 estad
945 1760 1069 1843 ἐκλογὴν
1097 1758 1266 1841 ὀνομάτων,
1294 1781 1362 1822 cum

210 1851 326 1913 Nonius
353 1871 467 1913 summ
494 1853 574 1912 idem
601 1872 665 1913 esse
693 1852 775 1912 dicat
802 1855 892 1929 atque
919 1853 1037 1928 eligere:
1062 1855 1165 1929 itaque
1192 1855 1226 1912 io
1252 1868 1363 1926 quoque

212 1943 338 2002 lucernas
361 1943 532 2018 pertineant
555 1945 673 2019 oportet
697 1942 735 2001 ad
759 1940 903 2002 σύνθεσιν
930 1937 1085 2020 ὀνομάτων
1113 1961 1189 2018 quae
1216 1941 1304 2000 docet
1330 1942 1363 1998 in

212 2050 271 2109 quo
294 2033 484 2108 potissimum
507 2033 573 2091 loco
596 2032 747 2092 enuntiati
768 2036 920 2108 ponantur
942 2032 1179 2091 commodissime
1207 2030 1362 2092 uocabula.

213 2121 326 2180 Tamen
354 2123 381 2181 si
408 2140 443 2180 ea
471 2140 548 2197 quae
575 2121 612 2180 de
639 2140 728 2181 uersu
755 2123 892 2198 sequenti
921 2121 1088 2198 disputaui,
1120 2121 1364 2193 consideraueris

212 2209 398 2287 probabilius
422 2229 486 2271 esse
509 2213 623 2271 statues
646 2213 795 2288 pertinere
817 2211 871 2270 hos
895 2229 998 2270 uersus
1026 2230 1086 2270 non
1114 2210 1152 2270 ad
1180 2210 1284 2286 uerba,
1312 2209 1364 2270 sed

215 2299 254 2359 ad
276 2318 333 2375 res,
355 2301 419 2358 ie.
444 2300 483 2360 ad
510 2302 669 2361 materiam
695 2319 817 2378 poeseos
845 2300 1022 2379 eligendam.
1069 2295 1197 2359 ‘Horum
1226 2300 1364 2377 inprimis

212 2389 368 2449 homiuum
391 2392 437 2449 est
459 2390 604 2449 iudicium
632 2392 695 2451 siue
723 2392 808 2450 crisis
837 2408 927 2466 quam
954 2390 1058 2449 dicunt
1081 2388 1188 2449 Graeci
1214 2383 1298 2472 (uide
1326 2388 1365 2448 ad

213 2479 296 2538 XXX
315 2500 343 2538 u.
364 2472 475 2562 1009),
493 2483 638 2558 utsupra
656 2480 858 2540 discribimus:
877 2480 933 2538 hoc
951 2483 1005 2556 est,
1023 2480 1071 2538 1111
1089 2479 1221 2539 iudicare
1240 2481 1366 2556 possunt

213 2571 307 2643 11111,
335 2569 409 2645 quid
431 2588 561 2645 sumam,
589 2570 662 2646 quid
685 2589 758 2644 non,
786 2570 871 2628 etin
901 2588 960 2646 quo
983 2570 1113 2629 locemus
1141 2568 1365 2646 unumquidque

215 2659 280 2719 loco
303 2661 387 2718 recta
405 2660 476 2718 dum
493 2661 608 2719 utimur
626 2661 806 2720 oeconomia.
843 2658 987 2718 Homines
1006 2659 1138 2719 eruditos
1158 2658 1260 2719 doctos
1279 2676 1366 2718 sanos

215 2751 305 2808 antea
327 2751 538 2828 segregauerat
560 2749 599 2809 ab
621 2751 733 2826 ineptis
756 2749 885 2809 indoctis
908 2767 1002 2826 prauo
1025 2748 1137 2808 iudicio
1160 2748 1314 2824 praeditis.

306 2829 389 2899 388.
413 2838 549 2898 Donatus
573 2838 612 2899 ad
634 2839 768 2898 Terentii
791 2837 937 2898 Andriam
955 2837 986 2896 Π
1008 2841 1035 2912 1,
1056 2840 1097 2896 24
1127 2833 1184 2897 ‘Ne
1207 2840 1263 2899 iste
1286 2836 1367 2897 haud

216 2946 331 2987 meeum
350 2930 450 2988 sentit.
484 2948 520 2987 ue
539 2928 635 3003 ualde,
655 2931 717 3004 aut,
735 2931 770 2988 11
788 2927 911 3006 quidam
929 2927 1044 3003 uolunt,
1063 2946 1080 2987 o
1099 2946 1199 3006 quam.
1233 2926 1366 2987 Lucilius

216 3018 248 3076 in
271 3016 385 3077 decimo
410 3012 458 3077 ‘ne
479 3011 538 3100 (ita
555 3016 647 3090 ABV,
670 3036 707 3077 ne
729 3036 813 3092 quem
836 3018 908 3076 olim
930 3018 1081 3094 impressi,
1108 3036 1200 3092 coque
1222 3017 1297 3076 codd
1318 3016 1366 3075 de·

217 3101 356 3184 teriones)
379 3108 413 3166 in
436 3125 502 3166 aree
518 3153 524 3165 .
541 3154 546 3164 .
563 3153 568 3165 .
583 3101 728 3182 inquit”.’
775 3106 886 3167 Lucem
909 3108 1014 3166 attulit
1036 3106 1106 3167 huic
1129 3108 1230 3167 uersui
1252 3107 1366 3182 primus

218 3193 290 3254 Otto
304 3194 428 3254 Iahnius
441 3194 542 3254 Herm.
557 3195 604 3254 III
621 3197 705 3256 1869
725 3216 754 3273 p.
771 3198 843 3255 181.
875 3196 1038 3256 Prouerbio
1058 3196 1160 3256 Attico
1184 3197 1230 3255 uti
1247 3197 1367 3272 poetam

219 3283 397 3342 Clitomachi
419 3283 516 3343 Attici
538 3285 710 3361 philosophi
733 3288 863 3345 amicum
887 3288 959 3346 11111
988 3285 1108 3346 uidetur
1133 3305 1196 3346 esse
1223 3305 1367 3344 memore-

218 3371 291 3432 bile:
312 3391 398 3433 nosse
416 3376 517 3432 tamen
536 3373 686 3433 Lucilium
705 3377 823 3455 egregie
842 3379 945 3452 poetas
964 3376 1133 3436 comoediae
1153 3376 1272 3435 Atticae
1291 3374 1368 3433 unde

218 3462 273 3532 hoo
296 3464 457 3539 sumpserit
479 3465 672 3524 manifestum
694 3469 740 3525 111
763 3466 830 3525 aliis
851 3466 933 3525 locis.
971 3463 1056 3535 Quod
1074 3466 1266 3542 prouerbium
1284 3484 1368 3524 enar-

219 3554 289 3611 rant
316 3553 475 3629 scriptores
505 3571 578 3630 quos
606 3553 746 3613 adferunt
773 3553 896 3614 Iahnius
924 3555 1078 3615 Michaelis
1106 3555 1257 3633 Hitaigius
1280 3555 1368 3614 Blue·

219 3660 338 3701 mnerus
375 3642 429 3700 ulii
466 3641 504 3701 ad
540 3643 706 3704 Pausaniae
742 3644 881 3721 descript.
909 3647 986 3705 arcis
1014 3645 1123 3705 Athen.
1142 3644 1158 3704 I
1176 3664 1240 3722 cap.
1260 3648 1315 3719 24,
1337 3647 1369 3702 2:

219 3729 396 3810 Diogenian.
415 3730 462 3790 111
482 3733 522 3791 67
547 3732 621 3811 βοῦς
639 3731 671 3793 ἐν
689 3731 779 3793 πόλει·
804 3730 852 3793 ἐπὶ
869 3741 929 3793 τῶν
946 3731 1184 3812 θαυμαζομένων
1202 3734 1369 3811 Hesychius

220 3820 294 3899 βοῦς
322 3817 353 3880 ἐν
381 3818 476 3881 πόλει·
505 3825 630 3901 χαλκοῦς
658 3820 717 3884 ὑπὸ
749 3831 802 3902 τῆς
834 3824 945 3903 βουλῆς
977 3820 1132 3897 ἀνατεθείς
1162 3824 1369 3884 Ρ111.1.1.1.

221 3908 280 3969 ἔστι
304 3906 336 3969 δὲ
359 3908 408 3970 καὶ
431 3918 548 3991 ταῦρος,
575 3908 720 3991 ἀνάθημα
743 3921 796 3991 τῆς
818 3913 930 3992 βουλῆς
953 3921 1006 3992 τῆς
1028 3911 1060 3974 ἐν
1079 3906 1181 3998 Ἀρείῳ
1205 3913 1288 3996 πάγῳ
1312 3916 1370 3973 κτλ.

220 3998 391 4060 Heniochus
416 3999 541 4059 01111
565 4021 594 4078 p.
614 4002 692 4077 432,
717 4001 774 4060 211
802 3998 818 4060 ὁ
846 4002 919 4081 βοῦς
947 4000 963 4063 d
990 4005 1115 4082 χαλκοῦς
1143 3996 1181 4082 ἧν
1208 3999 1246 4062 ἂν
1273 3999 1371 4079 ἑφθὸς

221 4087 391 4149 δεκάπαλαι.
447 4088 636 4151 Clarissimus
668 4093 801 4150 omnium
837 4093 941 4151 taurus
973 4092 1181 4153 Marathonius
1217 4092 1269 4152 ille
1306 4095 1371 4151 erat

222 4196 311 4253 quem
333 4179 469 4254 Apollini
491 4180 523 4237 in
549 4198 616 4239 arce
643 4180 813 4240 immolauit
836 4181 979 4242 Theseus:
1007 4203 1097 4260 quam
1125 4201 1187 4242 rem
1215 4182 1371 4261 magnifiee

223 4265 420 4342 descripserat
452 4266 652 4330 Callimachus
684 4272 773 4346 poeta
810 4273 841 4330 in
873 4272 984 4332 Hecale
1021 4275 1152 4334 earmina
1185 4265 1372 4354 (Schneideri

224 4354 424 4414 Callimachea
443 4355 473 4413 Il
492 4377 520 4433 p.
542 4350 629 4439 190).
666 4358 793 4418 Versum
816 4362 1015 4437 supplendum
1038 4382 1101 4422 esse
1120 4364 1221 4423 censui
1239 4382 1274 4421 ex
1293 4363 1371 4438 opti-

224 4462 338 4505 morum
362 4444 496 4505 codicum
520 4448 680 4523 scriptura:
708 4467 871 4524 pronomen
901 4451 982 4509 illum
1008 4452 1046 4511 ad
1069 4453 1101 4509 iu
1125 4470 1192 4511 croc
1215 4453 1315 4511 bouem
1338 4455 1373 4510 ut
