3060 5010
200 352 267 418 236
626 350 714 404 XXVI
734 368 760 403 u.
780 355 930 404 643-644.

200 523 256 581 boc
279 539 366 582 uersu
390 538 493 580 uersus
518 522 591 579 618.
612 521 676 579 619
696 538 770 596 quos
789 519 886 579 adfert
903 518 983 577 idern
1002 539 1030 594 p.
1052 520 1125 589 117,
1140 519 1180 577 31
1202 511 1351 592 ‘Genium

200 611 422 688 parsimoniam.
448 609 660 670 ...Lucilius
688 609 739 669 lib.
757 609 856 668 XXVI
885 603 992 667 “curet
1019 610 1175 685 aegrotum
1198 611 1352 683 sumptum

200 701 314 761 homini
336 700 500 778 praebeat.
517 747 522 758 .
539 693 711 776 .parcat”.'
748 699 853 774 Neque
876 702 977 757 161666
997 697 1055 757 boc
1071 697 1270 774 probauerim,
1292 696 1352 756 nisi

202 789 281 866 quod
303 795 383 849 recte
406 790 558 849 horrorem
580 807 643 849 cssc
666 788 901 848 febricitantium
923 787 1044 847 uidetur
1064 787 1260 847 intellexisse:
1283 787 1356 845 conf

201 880 276 940 Cels.
295 879 342 939 III
362 881 381 939 3
400 899 429 956 p.
451 882 502 953 77,
521 878 712 939 2111666661).
755 873 853 936 ‘Aliae
876 880 955 937 enim
978 877 1116 953 protinus
1139 895 1158 936 e
1181 877 1278 936 calore
1306 878 1352 935 in·

201 969 325 1047 cipiunt,
348 968 427 1028 alies
446 989 464 1026 e
482 970 603 1046 frigore,
622 969 699 1028 eliae
719 968 757 1027 ab
775 963 908 1027 horrore'
924 988 948 1027 e.
964 987 991 1043 q.
1006 986 1028 1027 s.
1048 966 1180 1027 Scribon
1199 967 1287 1044 Larg.
1308 968 1350 1025 95

202 1056 296 1119 ‘tollit
309 1061 465 1136 praeterea
478 1059 615 1118 horrores
630 1058 727 1117 febres
740 1052 960 1133 praecedentes'
972 1049 1047 1138 ((116.
1062 1056 1109 1115 ed.
1117 1054 1182 1114 Ate
1192 1056 1250 1115 XII
1260 1058 1296 1115 6·
1307 1048 1350 1136 2).

200 1149 245 1209 De
273 1149 459 1208 uestimentis
488 1147 667 1208 (1616Π16
692 1167 720 1224 p.
741 1149 792 1222 86,
812 1146 1007 1206 2611666661).
1033 1141 1052 1204 ‘.
1072 1193 1079 1204 .
1099 1191 1106 1202 .
1129 1150 1200 1204 tunc
1232 1146 1352 1204 demum

200 1238 271 1298 dere
294 1239 380 1316 potui
403 1237 532 1297 calidam
555 1256 673 1313 equam,
696 1232 780 1298 cuius
803 1236 932 1296 salubris
954 1236 1075 1295 effectus
1093 1239 1147 1310 est,
1169 1235 1352 1295 sisudorem

201 1349 254 1405 per
276 1329 377 1387 omnia
404 1326 537 1387 membre
564 1326 712 1386 diffundit.
758 1326 856 1385 Huius
884 1330 982 1385 eutem
1010 1327 1054 1384 rei
1082 1343 1172 1385 cause
1200 1326 1352 1384 continere

201 1436 290 1495 aeger
312 1417 369 1476 sub
392 1420 475 1476 66616
499 1418 573 1476 66116
596 1417 692 1475 66116
715 1435 820 1476 manus
844 1416 932 1476 debet
955 1415 1116 1491 eademque
1139 1433 1224 1474 crura
1248 1413 1352 1492 pedes·

201 1528 259 1583 666
282 1510 451 1583 contegere:
480 1526 539 1582 666
564 1505 699 1582 plerique
728 1524 832 1583 aegros
859 1506 891 1563 in
918 1506 984 1581 ipso
1012 1504 1104 1563 febris
1131 1505 1246 1582 impetu
1272 1505 1353 1563 mele

200 1590 338 1669 babent'3
364 1599 380 1654 7
401 1616 429 1672 p.
450 1597 502 1668 89,
522 1597 562 1654 31
579 1594 717 1654 Daremb.
743 1591 814 1654 ‘Vbi
837 1594 1014 1653 utrumlibet
1035 1593 1149 1654 fectum
1171 1598 1229 1666 est,
1256 1593 1353 1651 multa

200 1688 284 1745 ueste
302 1684 478 1761 operiendus
498 1688 544 1744 661
562 1687 592 1744 61
610 1684 798 1744 collocandus
817 1687 852 1744 61
866 1679 1018 1758 dormiet'3
1037 1685 1056 1741 9
1071 1703 1099 1760 p.
1116 1685 1167 1758 91,
1183 1682 1351 1743 bDeremb.

203 1771 274 1833 ‘fuit
305 1774 394 1833 Petro
427 1774 562 1849 quidam,
595 1774 648 1849 qui
680 1773 898 1833 febricitantem
931 1775 1081 1834 hominem
1108 1773 1160 1831 ubi
1189 1776 1352 1849 acceperet,

201 1862 304 1923 multis
327 1863 513 1922 uestimentis
537 1863 699 1938 operiebat,
722 1866 757 1922 ut
779 1864 867 1923 simul
890 1864 1019 1923 calorem
1041 1864 1194 1940 ingentem
1211 1862 1353 1937 sitimque

201 1947 637 2027 excitaret’31uuen.V1236
668 1947 807 2012 ‘aduocat
834 1952 1021 2031 Archigenen
1050 1970 1233 2027 onerosaque
1257 1952 1354 2029 pallia

200 2038 305 2102 iectat'
327 2042 378 2100 ubi
396 2042 464 2100 uide
484 2042 670 2118 interpretes.
694 2074 732 2083 —
753 2044 935 2117 exacturum,
953 2042 1051 2101 Pleut.
1072 2040 1157 2118 Gept.
1179 2043 1260 2102 1001
1288 2037 1354 2100 ‘ubi

200 2132 302 2192 labore
324 2131 470 2191 lassitudo
489 2134 536 2192 est
554 2131 702 2212 erigimde
721 2151 756 2192 er
774 2127 916 2208 corpore’.
958 2132 1085 2192 Versum
1104 2132 1267 2210 coniungas
1285 2150 1352 2190 cum

203 2221 396 2286 antecedenti.

291 2303 374 2372 1144.
398 2311 514 2373 Nonius
532 2332 560 2389 p.
584 2312 717 2387 110,18
743 2308 932 2390 ‘Fulgoriuit
955 2312 1104 2390 fulgorem
1127 2312 1199 2371 fecit
1223 2311 1272 2370 661
1294 2310 1353 2369 ful-

203 2403 283 2460 mine
296 2401 422 2460 efflauit.
439 2448 444 2459 .
457 2402 624 2461 ..Lucilius
637 2401 687 2460 lib.
698 2400 797 2460 XXVI
812 2397 972 2475 “luporam
987 2405 1167 2461 6666616666
1179 2402 1352 2460 malequam

204 2495 230 2549 ct
242 2491 444 2566 [6166666166
458 2487 641 2552 arborum''.’
670 2492 805 2550 lucorum
820 2491 1047 2551 Luctmcnmcs:
1064 2491 1167 2550 eodem
1180 2490 1268 2549 modo
1282 2507 1353 2563 erpo

203 2600 257 2656 pro
280 2598 345 2640 orco
368 2579 451 2640 codd.
471 2601 499 2640 u.
519 2582 592 2641 663.
629 2581 741 2640 Nemus
759 2581 912 2640 Albanum
930 2583 1113 2640 memoretur
1130 2578 1237 2639 111611
1254 2580 1353 2654 15,2;

203 2670 274 2730 conf
290 2668 349 2730 (lic.
368 2690 422 2748 pro
440 2670 504 2730 Mil.
524 2671 565 2729 85
591 2665 656 2730 ‘uos
680 2671 760 2729 enim
787 2672 862 2746 iam,
890 2670 1001 2730 Albani
1028 2671 1137 2730 tumuli
1164 2673 1255 2746 61666
1282 2669 1353 2743 1661,

203 2778 270 2834 666,
297 2761 436 2836 166666,
463 2760 591 2838 imploro
614 2763 704 2837 etque
729 2756 882 2820 obtestor’.
929 2761 1099 2820 Familiaris
1125 2762 1151 2819 is
1178 2759 1261 2819 locus
1288 2761 1355 2817 eret

204 2849 333 2924 Lucilio,
365 2868 432 2908 cum
464 2851 527 2910 illic
554 2851 716 2910 Aemiliani
748 2851 841 2909 fuerit
868 2849 1018 2909 Albanum
1046 2845 1144 2930 (Poro.
1163 2849 1257 2908 Licin.
1276 2848 1354 2907 FPR

203 2958 230 3015 p.
253 2932 511 3020 278.Beebrens.).
549 2940 643 3000 Lucos
662 2940 795 3000 Albanos
818 2958 918 3002 sacros
941 2940 1032 2999 fuisse
1055 2958 1093 2998 66
1112 2937 1213 2998 Cicero
1233 2937 1352 3014 quidem

203 3029 223 3086 l.
242 3047 264 3087 6.
280 3046 302 3089 6.
323 3028 449 3087 iudicet:
476 3029 559 3088 fuere
585 3046 655 3106 pers
683 3031 813 3090 nemoris
840 3030 951 3089 Albani
978 3028 1057 3106 quod
1084 3028 1188 3088 Liuius
1220 3027 1354 3103 appellet
1407 3088 1411 3093 ,

204 3118 223 3178 l.
242 3136 264 3177 6.
284 3135 306 3176 6.
331 3112 420 3198 (Ceto
439 3138 468 3194 p.
489 3120 540 3191 12,
560 3117 671 3177 816661.
697 3114 808 3179 ‘lucum
832 3120 975 3179 Dianium
997 3121 1029 3177 in
1052 3137 1170 3178 nemore
1192 3108 1343 3182 Aricino'l

204 3203 356 3266 Albanum
379 3206 562 3265 Duentaerus
588 3210 618 3266 et
641 3207 848 3269 Lachmannus
876 3210 1070 3287 agnoucruut.
1110 3207 1194 3266 Idem
1216 3206 1352 3283 Lipsium

204 3299 322 3357 secutus
345 3295 425 3372 quod
447 3297 548 3372 posuit
571 3301 730 3357 cauctorem
752 3317 811 3357 nen
838 3298 988 3376 intellego.
1034 3296 1137 3372 Neque
1166 3300 1354 3356 exauctorare

205 3383 383 3444 uocabulum
405 3387 475 3445 ante
498 3388 628 3445 aetatem
647 3387 777 3465 Augusti
798 3389 901 3446 inueni
923 3389 1107 3464 usurpatum.
1145 3386 1257 3446 Temen
1281 3385 1353 3461 quid

205 3472 389 3551 probebilius
412 3492 501 3550 quem
525 3475 674 3534 Lucilium
696 3475 823 3536 militari
846 3476 991 3536 uocabulo
1014 3475 1061 3535 uti
1085 3477 1238 3552 cumipse
1261 3475 1353 3534 fuerit

205 3564 259 3623 ille
281 3566 380 3623 estete
403 3563 488 3623 miles
516 3563 747 3624 exauctoratus?
784 3565 939 3625 Sententia
965 3565 1140 3642 imperfecte
1167 3568 1226 3641 661,
1254 3564 1353 3641 qualis

205 3653 296 3712 fuerit
328 3654 380 3728 qui
413 3651 599 3713 desideretur
634 3654 836 3729 accusatiuus,
871 3657 1031 3716 incertum:
1069 3654 1201 3731 erboroS,
1238 3655 1353 3732 opinor,

206 3745 341 3803 uetustae
365 3746 396 3802 61
418 3743 580 3822 fulguritae
603 3748 813 3820 comparentur
835 3745 986 3805 ueteribus
1009 3748 1040 3804 ct
1061 3745 1170 3805 sauciis
1196 3744 1353 3819 militibus,

206 3832 313 3908 quibus
335 3832 437 3892 missio
461 3832 550 3892 detur
574 3835 664 3892 sicuti
690 3834 802 3911 legitur
825 3834 942 3895 Patron.
963 3836 1003 3895 66
1034 3830 1155 3911 ‘pernae
1182 3835 1353 3895 missionem

205 3916 359 3981 dedimus’.
410 3922 445 3981 In
473 3923 547 3983 lucis
579 3925 670 3983 sacris
702 3942 813 4001 magne
839 3923 983 4003 religione
1012 3924 1127 3984 hostiae
1160 3924 1354 3984 immolentur

207 4004 299 4086 ‘quod
321 4012 353 4068 ui
376 4013 562 4088 tempestatis
585 4014 647 4072 ictu
674 4013 808 4073 fulminis
836 4013 956 4074 arbores
987 4013 1063 4074 sacri
1089 4014 1150 4073 luci
1173 4014 1253 4072 Deae
1276 4012 1353 4072 Diae

206 4101 337 4160 attactae
364 4101 519 4160 erdueriut
546 4119 706 4178 earumque
734 4104 873 4163 arborum
900 4104 1097 4163 emendarum
1125 4105 1203 4162 ferro
1232 4102 1353 4162 fenden·

206 4188 312 4247 derum
335 4189 547 4249 adolendarum
571 4192 840 4252 commolendumm
862 4194 936 4253 item
955 4194 1083 4253 aliarum
1101 4193 1354 4254 restituendarum

74 4342 81 4353 ‚
206 4272 305 4337 causa’
325 4279 404 4338 Acte
421 4279 523 4339 Aruel.
543 4281 614 4339 euni
634 4283 698 4340 224
718 4280 781 4341 GIL
800 4282 844 4341 VI
864 4285 963 4343 2107:
982 4286 1076 4344 siluae
1094 4285 1231 4361 publicae
1251 4301 1269 4342 a
1287 4301 1354 4342 ceu·

206 4366 320 4427 soribus
343 4367 520 4428 locabantur
546 4368 715 4446 publicanis
735 4370 794 4432 Cio.
813 4371 898 4432 Brut.
918 4374 1065 4450 856666,
1092 4374 1145 4432 ubi
1172 4374 1208 4433 de
1231 4373 1354 4450 piceriis

206 4456 238 4517 in
262 4454 326 4523 Sile
348 4455 428 4521 silue
449 4459 558 4536 egitur.
604 4458 757 4529 Quomodo
782 4480 899 4539 quaque
927 4462 994 4539 lege
1016 4463 1094 4522 silue
1121 4464 1234 4523 caedue
1259 4464 1354 4524 locari
