3036 5004
221 349 287 415 256
639 347 741 424 6166
760 366 786 402 u.
807 348 971 421 roe-712}

216 513 394 595 perimus”.’
456 518 642 577 Sententiam
678 522 758 578 recte
794 517 1190 592 6116116611166666666666
1224 518 1371 591 periimus

221 611 369 687 principio
400 626 503 667 uersus
532 611 578 667 est
609 607 790 667 collocutum
817 611 851 666 ut
878 607 975 685 Plaut
998 607 1088 667 Merc.
1113 609 1176 667 609
1206 601 1371 682 ‘Quidquid

221 701 279 774 661,
311 698 349 757 ad
380 698 482 775 capita
513 718 612 756 rerum
640 699 772 775 perueni.
809 704 838 765 11
874 698 1007 756 Primum
1039 699 1172 757 omnium
1204 691 1372 756 Periimus':

221 787 273 846 ubi
305 786 380 846 codd
412 789 501 847 sicuti
528 788 584 846 hoc
611 787 678 846 loce
701 788 850 861 perimus:
881 786 951 846 uide
983 787 1021 846 ad
1053 786 1104 845 lib.
1128 786 1226 844 XXIX
1249 807 1277 845 u.
1298 787 1371 844 843.

222 877 409 937 Sententiam
439 877 594 956 intelleges
627 877 737 936 collato
768 876 901 954 Propert.
920 877 952 935 Π
972 879 1026 952 34,
1052 877 1093 935 25
1128 871 1275 953 ‘Lynceus
1307 878 1372 954 ipse

221 986 304 1027 meus
332 984 412 1026 seros
439 966 553 1026 insanit
581 984 708 1026 amores:
736 967 833 1026 solum
860 970 890 1025 te
917 970 1033 1025 nostros
1063 965 1160 1025 laetor
1187 965 1269 1025 adire
1293 965 1372 1025 deos.

224 1055 303 1126 Quid
325 1060 379 1116 tun
402 1056 561 1116 Socraticis
584 1055 641 1115 tibi
664 1076 742 1115 nunc
764 1058 914 1134 sapientia
936 1055 1021 1115 libris
1043 1055 1178 1133 proderit
1201 1059 1255 1115 aut
1273 1075 1374 1114 rerum

222 1147 321 1206 dicere
347 1165 434 1224 posse
462 1142 564 1207 uius?'
613 1142 701 1204 Ouid.
720 1150 839 1205 metam.
859 1143 932 1204 XIII
952 1148 992 1205 92
1023 1141 1087 1204 ‘ubi
1117 1164 1196 1205 nuuc
1228 1145 1373 1204 facundus

222 1232 356 1297 Vlixes?’
381 1238 455 1296 curti
471 1235 615 1311 Lucilius,
638 1237 766 1295 sirecte
789 1236 1021 1312 interpretamur
1044 1235 1178 1295 ecdicum
1196 1237 1373 1313 scripturus:

222 1331 321 1386 curtae
339 1325 508 1385 Socraticae
531 1326 640 1385 maluit
657 1324 784 1387 scribere
802 1325 946 1385 Horatius
966 1324 1001 1383 de
1020 1329 1084 1383 arte
1103 1328 1182 1402 poet.
1202 1326 1266 1385 310
1285 1343 1373 1401 quem

223 1417 322 1476 locum
344 1416 504 1475 Muellerus
532 1415 644 1474 attulit
692 1414 828 1474 Similem
855 1413 1035 1473 sententium
1063 1415 1192 1492 protulit
1215 1413 1373 1491 Sophocles

222 1506 328 1584 fragm.
353 1505 416 1564 666
445 1505 575 1564 11666111
602 1504 638 1563 ed
660 1505 692 1563 H
720 1498 793 1585 (Cic.
818 1504 902 1564 Τ666.
926 1504 973 1563 ΠΙ
999 1496 1068 1585 71);
1097 1503 1169 1564 ὅταν
1196 1500 1228 1563 δὲ
1258 1502 1374 1581 δαίμων

223 1592 332 1676 ἀνδρὸς
359 1591 500 1673 εὐτυχ6ῦς
527 1593 559 1654 τὸ
587 1591 659 1674 πρὶν
687 1588 834 1674 πλάστιγγ’
863 1591 960 1676 ἐρείσῃ
987 1602 1041 1654 τοῦ
1069 1594 1137 1673 βίον
1165 1593 1374 1672 παλίντροπον,

223 1681 258 1743 τὰ
285 1681 378 1743 πολλὰ
408 1683 527 1763 φροῦδα
555 1681 605 1743 aul
627 1687 722 1755 καλῶς
749 1680 895 1764 εἰρημένα.
946 1683 1057 1743 Versus
1089 1685 1211 1742 initium
1242 1681 1375 1742 nondum

226 1775 272 1833 est
294 1772 492 1832 emendatum.

315 1855 396 1924 711.
420 1862 536 1922 Nonius
550 1883 578 1939 p.
590 1863 641 1937 88,
653 1864 693 1922 17
710 1858 847 1923 ‘Oanicas
862 1865 978 1922 ueteres
991 1863 1121 1922 furfures
1132 1882 1194 1923 esse
1205 1862 1374 1923 uoluerunt

224 1953 357 2013 Lucilius
385 1952 436 2011 lib.
451 1952 566 2011 XXVII
595 1947 725 2028 “quanti
752 1953 845 2011 uellet
872 1972 963 2028 quam
990 1955 1109 2012 canicas
1136 1973 1156 2012 6
1172 1953 1256 2027 pulte
1279 1943 1376 2033 (apted

224 2048 250 2102 16
273 2034 538 2122 Guelferbytanus)
568 2047 592 2100 61
614 2044 748 2115 magonis
770 2034 915 2123 (maeonis
937 2042 1103 2118 Leidensis,
1126 2044 1280 2117 mangonis
1302 2041 1375 2101 olim

224 2129 373 2209 impressi)
397 2126 533 2191 mauu’'.'
575 2130 687 2191 Paulus
710 2152 744 2191 ex
763 2132 852 2191 Festo
875 2152 904 2208 p.
921 2132 1003 2190 4611
1028 2128 1166 2192 ‘Canicae
1190 2132 1320 2190 furfures
1338 2130 1375 2189 de

224 2221 304 2280 farre
327 2239 345 2279 a
367 2221 432 2281 cibo
456 2240 563 2280 canum
586 2217 731 2280 uocatae’.
777 2222 823 2280 De
851 2220 916 2281 cibo
945 2240 1052 2281 cauum
1075 2221 1200 2282 Phaedr.
1219 2221 1263 2280 IV
1284 2222 1334 2296 19,
1355 2222 1374 2277 4

224 2310 276 2369 ubi
299 2313 522 2386 conqueruntur
550 2329 636 2370 canes
665 2311 700 2370 de
724 2311 877 2370 hominum
905 2312 1094 2371 contumeliis
1119 2307 1295 2370 ‘furfuribus
1318 2309 1376 2369 sibi

225 2417 416 2477 consparsum
453 2400 534 2476 quod
569 2419 677 2477 panem
713 2395 839 2460 darent’:
876 2399 1001 2461 eundem
1038 2400 1137 2460 cibum
1173 2400 1375 2460 mendicorum

230 2490 385 2566 appellant
406 2490 536 2549 Martial.
555 2490 581 2547 X
602 2491 631 2564 5,
650 2491 669 2548 5
695 2485 843 2567 ‘interque
865 2509 970 2551 raucos
993 2490 1117 2551 ultimus
1139 2494 1292 2569 rogatores
1311 2491 1378 2549 oret

226 2579 347 2639 6661666
369 2581 456 2655 panis
479 2578 597 2658 inprobi
620 2575 738 2640 buccas'
762 2580 865 2639 quen.
884 2579 912 2636 V
934 2583 974 2639 10
999 2576 1079 2639 ‘cum
1104 2582 1201 2657 possit
1222 2580 1376 2639 honestius

225 2669 288 2728 illic
306 2672 337 2728 61
354 2670 480 2728 tremere
500 2672 530 2728 et
548 2669 648 2730 sordes
666 2670 755 2729 larris
778 2669 913 2729 mordere
931 2665 1068 2728 caninil’
1105 2668 1254 2746 Loquitur
1270 2669 1377 2745 opinor

226 2777 341 2818 seruus:
366 2754 440 2818 ‘diri
463 2777 529 2819 erus
550 2761 652 2836 potius
671 2778 718 2818 me
736 2760 886 2835 uenderet,
906 2761 1011 2834 quanti
1030 2759 1130 2834 uellet,
1149 2779 1240 2836 quam
1258 2759 1376 2817 6661666

227 2867 262 2908 ec
290 2849 406 2926 pultem
438 2868 454 2907 e
482 2848 618 2926 Magonis
649 2849 817 2909 saeuissimi
845 2849 928 2908 uilici
957 2868 1049 2908 manu
1081 2868 1228 2908 sumerem
1259 2842 1377 2907 tristis'.

225 2939 340 3013 Macco
362 2938 414 2997 ille
438 2940 490 3013 qui
512 2938 627 2998 uenalis
650 2939 793 3014 ductitat,
820 2939 909 2998 homo
939 2956 1045 2999 seeuus
1069 2931 1180 3021 (Pleut.
1199 2937 1275 2997 llud.
1296 2929 1376 3018 584)

227 3027 325 3086 locum
356 3026 465 3086 habere
497 3028 528 3086 in
561 3028 617 3088 hec
649 3029 798 3088 sententia
829 3047 888 3088 uon
920 3031 1026 3104 potest.
1082 3030 1184 3103 666611
1216 3028 1312 3102 uellet,
1342 3029 1379 3085 ut

227 3115 344 3176 Petron.
365 3117 407 3175 43
433 3111 581 3176 ‘uendidit
604 3119 683 3176 enim
706 3118 810 3176 uinum
833 3120 940 3194 quanti
967 3110 1026 3198 (ita
1049 3117 1260 3177 Buechelerus:
1283 3134 1379 3191 quou-

228 3209 290 3265 tum
308 3199 376 3285 cod)
399 3207 464 3281 ipse
487 3200 605 3280 uoluit,
627 3209 647 3265 i.
667 3226 691 3266 6.
714 3226 830 3267 summo
853 3208 959 3283 pretio,
983 3207 1063 3284 apud
1081 3206 1233 3267 Lucilium
1253 3208 1279 3266 si
1297 3208 1378 3265 recte

227 3295 459 3372 interpretamur
487 3299 532 3355 661
559 3297 692 3356 minume
717 3299 823 3374 pretio.
870 3295 928 3355 Cic.
953 3298 1039 3374 epist.
1063 3296 1102 3356 ad
1129 3296 1213 3356 Brut
1236 3297 1252 3354 Ι
1276 3297 1332 3371 16,
1356 3298 1376 3353 4

229 3379 393 3460 ‘potuimus
408 3431 414 3442 .
430 3431 436 3442 .
453 3431 458 3443 .
477 3383 626 3446 beneficiis
645 3388 735 3462 atque
753 3385 916 3445 honoribus
935 3390 970 3445 ut
987 3387 1149 3463 participes
1168 3387 1237 3462 frui,
1257 3386 1378 3462 quantis

227 3468 394 3532 uellemus’.
439 3474 577 3553 Magonis
600 3494 707 3535 nomen
730 3478 813 3535 cuius
837 3478 934 3553 prima
956 3476 1131 3554 producitur
1152 3474 1271 3553 syllaba
1288 3477 1380 3535 sicuti

229 3562 309 3640 apud
333 3561 441 3623 Silium
462 3565 494 3622 in
518 3583 603 3624 seruo
633 3582 692 3624 non
715 3568 811 3644 magis
834 3565 971 3625 mirabile
995 3585 1085 3644 quam
1108 3565 1264 3627 Hannonis
1288 3556 1379 3645 (Wil-

227 3652 357 3713 mannsii
378 3653 432 3726 Ex.
450 3655 536 3713 inser.
556 3654 623 3713 Lot.
639 3646 753 3735 2150:
778 3655 903 3733 agnouit
924 3657 985 3715 iam
1008 3657 1122 3716 Iunius.

319 3735 402 3804 112.
430 3743 545 3804 Nonius
573 3764 601 3821 p.
622 3744 677 3821 88,
702 3747 720 3804 9
751 3739 987 3805 ‘Contentumm
1032 3744 1166 3806 Lucilius
1193 3744 1244 3804 lib.
1263 3743 1379 3804 XXVII

229 3827 286 3892 “tu
307 3879 357 3891 ...
377 3852 424 3892 me
446 3835 580 3907 ruperint
599 3880 604 3891 .
621 3880 649 3892 ..
669 3829 834 3893 fecerim’'.'
881 3834 965 3895 Idem
991 3855 1020 3912 p.
1037 3836 1115 3911 382,
1136 3838 1176 3894 22
1209 3830 1379 3911 ‘ll-mpero,

229 3922 401 4002 defetigere.
427 3968 477 3981 ...
496 3922 574 3982 idem
598 3922 649 3982 lib.
663 3923 777 3983 XXVII
802 3920 996 3984 “cmuuulum
1018 3944 1086 3985 cum
1104 3946 1152 3985 me
1174 3927 1307 3999 ruperint
1326 3971 1332 3982 .
1349 3971 1378 3983 ..

229 4006 394 4071 fecerim'’.'
449 4011 575 4088 Scripsit
605 4016 736 4087 ruperim
766 4014 884 4090 166166,
922 4035 1009 4091 quem
1041 4017 1136 4075 secuti
1167 4017 1238 4074 sunt
1268 4013 1380 4073 Lucilii

230 4101 366 4176 editores,
380 4101 452 4160 item
466 4121 562 4178 nuper
574 4100 727 4164 Vahlenus
743 4102 942 4182 Sitzungsber.
957 4105 984 4164 d.
999 4104 1077 4164 Berl.
1091 4105 1148 4163 Ak.
1163 4106 1246 4164 1901
1264 4124 1291 4180 p.
1303 4103 1378 4178 345,

230 4192 282 4266 qui
299 4209 345 4250 mc
362 4194 536 4267 pronomine
554 4190 702 4252 Lucilium
721 4193 883 4273 significari
901 4194 1072 4254 arbitratur.
1109 4194 1153 4254 At
1164 4213 1272 4271 parum
1285 4192 1379 4252 credi·

228 4278 288 4338 bile
303 4284 347 4338 661
361 4279 474 4340 duobus
489 4281 592 4340 eodem
605 4282 693 4342 modo
707 4283 780 4342 locis
795 4286 967 4360 corruptum
976 4303 1038 4343 csse
1048 4283 1227 4344 uocabulum
1237 4284 1380 4361 ruperint,

228 4367 352 4428 Summa
379 4372 478 4429 omnia
504 4372 621 4443 fecerim
651 4372 723 4447 quid
751 4374 791 4431 sit
817 4372 976 4433 Muellerus
1003 4393 1063 4433 non
1091 4372 1252 4432 intellexit:
1280 4372 1380 4433 adfert

229 4458 290 4515 inm
313 4456 416 4519 Douse
438 4456 497 4517 cie.
517 4459 555 4518 ad
573 4460 636 4518 Att.
655 4460 711 4517 XV
732 4462 781 4537 13,
802 4463 820 4520 5
846 4457 1015 4522 ‘Dolabella
1035 4510 1040 4521 .
1057 4511 1062 4522 .
1079 4509 1085 4521 .
1105 4464 1294 4540 scripsit...
1315 4481 1379 4523 sese
