3030 5002
187 376 195 394 ⁹
217 367 293 422 xxll
472 371 761 433 SUPPLEMENTUM
777 372 917 422 't'Al'll'lS
936 373 985 422 br:
1005 370 1129 423 NONIO.

300 545 301 550 ’
374 558 403 615 p.
428 541 517 613 37,7
551 537 661 598 Multas
693 540 809 599 ueteres
841 539 946 598 molles
979 537 1126 615 appellari
1158 538 1363 600 uoluerunta

282 628 408 701 Graeco,
439 627 526 706 qnasi
558 628 700 688 malaeus.
749 631 906 689 Lucillus
936 631 996 688 lib.
1019 631 1152 688 nvn
1179 621 1275 709 (732)
1300 623 1363 688 ...’

281 717 363 777 Idem
383 718 515 778 scholion
534 717 654 777 exhibet
671 717 837 795 Porphyrio
857 717 894 777 ed
908 717 980 776 Hor.
995 735 1080 777 serm.
1095 718 1111 776 Ι
1126 719 1156 793 2,
1171 720 1212 778 25
1233 713 1364 779 ‘maltha

283 808 361 866 enim
385 808 516 867 malacus
539 803 673 868 dicitur’.
1316 810 1319 814 ’

375 916 403 973 p.
424 899 529 971 37,11
551 889 650 978 (locus
669 916 690 956 s.
705 914 727 955 s.
743 890 778 978 2)
797 890 1031 975 ‘Monognnmmi
1049 897 1122 957 dicti
1140 900 1211 957 sunt
1229 898 1363 958 homines

281 986 376 1045 macie
399 991 556 1062 pertenues
579 1005 614 1046 sc
637 986 799 1046 decolores:
822 984 952 1046 tractum
976 1006 994 1046 a
1016 986 1144 1063 pictura,
1167 1006 1244 1063 quae
1267 988 1362 1063 prins-

282 1094 373 1152 quam
400 1076 548 1136 coloribus
576 1078 764 1152 corporatur,
793 1075 899 1135 umbra
921 1076 1054 1153 fingitur.
1101 1074 1235 1137 Lucilius
1263 1076 1313 1136 lib.
1334 1076 1363 1135 ΙΙ

256 1184 258 1188 ·
282 1156 355 1246 (59)
371 1158 449 1224 “uir
464 1166 534 1224 uiuo
549 1166 663 1225 homini
677 1185 711 1224 ac
726 1159 986 1244 monogrammo”.
1005 1170 1049 1226 nt
1061 1158 1299 1248 mmsis)
1310 1212 1315 1224 .
1328 1213 1333 1224 .
1345 1160 1363 1223 .’

374 1274 403 1330 p.
424 1255 480 1328 38,
504 1256 544 1314 23
578 1247 675 1335 (loeus
699 1274 720 1314 s.
740 1272 762 1314 s.
783 1248 817 1337 3)
847 1251 1004 1332 ‘Expirare
1036 1254 1150 1314 dictum
1178 1258 1223 1314 est
1249 1255 1298 1314 nel
1326 1255 1364 1315 eb

1129 1336 1364 1494 mss

483 1454 612 1494 ammam
688 1454 718 1493 m
737 1454 826 1494 n1us
902 1454 917 1493 e
1087 1478 1093 1491 .

283 1451 378 1604 (6331)
394 1567 401 1582 .
416 1567 423 1581 .
439 1518 457 1580 .’
504 1522 580 1584 Vide
608 1454 707 1583 lolium
735 1543 756 1583 s.
776 1543 799 1584 s.
849 1453 1017 1583 Scholiasgti
1043 1523 1119 1602 legit
1146 1523 1216 1583 libri
1238 1523 1288 1582 III
1308 1524 1326 1582 l.
1341 1542 1363 1584 s.

282 1617 361 1672 reete
388 1614 555 1687 exspirem,
582 1615 614 1672 in
640 1613 732 1673 Nonii
756 1613 871 1672 Lucilio
899 1617 964 1673 erat
992 1614 1120 1673 exclusos
1167 1611 1252 1671 Vnde
1279 1615 1364 1689 patet

281 1703 432 1779 exemplar
444 1701 520 1760 illud
534 1702 614 1778 quod
628 1702 719 1762 libros
728 1702 874 1762 I—-XXII
889 1702 1061 1762 confluebat
1074 1703 1167 1762 InIssc
1182 1701 1305 1781 originis
1320 1701 1362 1760 di·

223 1813 225 1816 ·
282 1810 384 1851 uersae
399 1795 489 1868 utque
503 1791 559 1851 hoc
574 1812 632 1868 quo
646 1792 808 1852 scholiasta
822 1792 861 1852 ad
874 1791 967 1852 libros
977 1791 1202 1851 XXVI—XXX
1214 1791 1363 1851 utebatur.

374 1902 403 1958 p.
419 1883 492 1955 394,
513 1883 554 1941 22
579 1874 674 1962 (locus
698 1900 719 1941 s.
739 1901 761 1942 s.
784 1875 840 1963 73)
870 1877 1028 1958 ‘Spurcum
1056 1883 1149 1940 etism
1172 1880 1363 1965 fetidum...

281 1970 415 2031 Lucilius
438 1970 488 2031 lib.
502 1971 546 2030 XI
564 1963 659 2053 (398)
680 1976 842 2032 ...idem
864 1974 923 2031 lib.
941 1973 1093 2031 xxvm
1116 1961 1277 2052 (798)...

303 2060 385 2121 Haec
407 2061 503 2140 igitur
520 2080 561 2120 ex
584 2060 703 2120 scholiis
725 2060 870 2120 librorum
888 2060 1113 2120 XXVI—XXX
1137 2060 1279 2119 uidentur
1302 2079 1364 2120 esse

214 2151 324 2228 petIta:
347 2150 456 2228 ubique
481 2150 660 2210 antecedunt
683 2169 786 2210 uersus
810 2152 899 2225 petiti
922 2166 956 2208 er
980 2149 1064 2209 libris
1087 2148 1241 2208 l—XXII.
1250 2143 1273 2231 ¹)

303 2240 468 2300 Duodecim
486 2239 559 2299 loeis
578 2231 622 2319 (1.
643 2241 671 2299 5.
692 2238 721 2298 9.
742 2242 792 2299 13.
813 2244 863 2300 19.
884 2241 935 2299 34.
956 2241 1006 2298 98.
1027 2241 1078 2300 39.
1098 2242 1149 2299 41.
1170 2241 1220 2298 44.
1241 2240 1291 2298 58.
1309 2232 1365 2321 71)

214 2329 307 2390 uerba
334 2329 445 2390 Lucilii
472 2330 630 2389 coniuncta
657 2332 728 2388 sunt
754 2348 822 2388 oum
849 2328 1024 2408 tegmentis
1052 2333 1222 2389 saturarum
1250 2327 1364 2405 Menip-

214 2439 336 2498 peanum
366 2419 525 2494 Varronis,
554 2418 632 2478 unde
660 2420 790 2496 suspicio
818 2420 915 2478 oritur
942 2436 1004 2477 esse
1032 2437 1068 2477 ea
1095 2421 1215 2495 snmpta
1243 2438 1259 2478 e
1286 2437 1363 2477 eom·

214 2511 360 2569 menterio
380 2508 560 2568 enarratoris
574 2509 682 2569 similis
701 2510 764 2568 eins
783 2528 871 2584 quem
890 2511 1035 2566 memoret
1051 2507 1165 2567 Gellius
1180 2506 1253 2567 XIII
1269 2509 1319 2581 31,
1337 2511 1364 2567 l.
1461 2520 1463 2522 ’

216 2599 335 2658 litenim
376 2600 442 2659 loco
481 2603 497 2659 l
537 2600 753 2659 commentator
789 2596 910 2657 uidetur
945 2596 1162 2657 demonstrasse
1198 2597 1365 2657 Varronem

215 2688 366 2748 imitatum
399 2707 463 2749 esse
490 2687 652 2762 anIlinm3
685 2690 713 2747 5.
740 2690 789 2748 19.
814 2688 864 2747 39.
889 2689 940 2746 41.
966 2689 1005 2746 71
1036 2686 1074 2746 ad
1102 2686 1194 2746 uerba
1221 2685 1365 2746 Varronis

215 2777 392 2854 explicanda
424 2778 590 2837 afferuntur
622 2777 731 2836 similia
758 2776 880 2850 Lucilii,
912 2794 970 2835 non
1004 2776 1120 2835 eadem:
1153 2775 1298 2835 infantior
1323 2809 1364 2817 -

214 2870 301 2944 pueri
324 2869 463 2942 infantes,
487 2867 599 2927 diffieul
623 2900 666 2909 -
690 2867 779 2940 facul,
802 2865 912 2943 popino
936 2897 978 2905 —
1002 2865 1122 2943 popina,
1146 2867 1301 2942 rapinator
1322 2899 1364 2905 —

214 2958 356 3033 rapister,
387 2960 482 3016 meret
504 2989 547 2999 -
571 2955 804 3016 mercedimerus.
855 2954 991 3031 Denique
1023 2974 1060 3014 ne
1092 2955 1175 3033 longi
1208 2955 1299 3014 simus
1328 2955 1364 3013 de

215 3045 375 3106 scholiasta
394 3045 582 3105 Varroniano
606 3049 742 3105 constare
766 3043 946 3104 arbitramur
970 3044 1021 3118 eis,
1045 3063 1121 3120 qnae
1145 3045 1182 3104 ad
1209 3046 1250 3103 24
1274 3063 1366 3121 supra

216 3135 350 3211 exposite
364 3138 451 3214 'sunt
494 3134 539 3193 Dc
563 3134 689 3213 Vergilii
713 3133 924 3194 commentario
948 3132 999 3211 eis,
1024 3153 1101 3211 qnae
1125 3133 1163 3193 ed
1188 3137 1228 3193 22
1253 3133 1364 3193 indice·

216 3226 323 3298 nimus,
344 3224 432 3300 plura
451 3223 520 3282 addi
540 3227 676 3301 oportere
695 3227 928 3284 consentaneum
945 3227 998 3282 est.
1036 3224 1138 3283 Veluti
1157 3224 1236 3300 qnod
1256 3223 1366 3302 legitur

215 3331 243 3388 p.
261 3315 333 3387 143,
353 3315 392 3372 31
424 3309 544 3372 ‘numen
572 3333 626 3389 pro
649 3319 764 3374 creatu
810 3311 960 3392 Vergilius
984 3313 1131 3373 Aeneidos
1154 3314 1204 3373 lib.
1220 3312 1250 3372 II
1270 3305 1364 3394 (996)

216 3396 378 3461 “uadimus
406 3402 523 3463 inmixti
547 3402 661 3463 Danais
688 3403 767 3463 hand
793 3402 914 3463 numine
938 3398 1085 3463 nostro'”
1109 3420 1169 3462 non
1192 3405 1364 3479 corruptum

216 3495 261 3551 est
282 3497 388 3551 crocle
408 3525 450 3533 -
470 3496 689 3569 proposuerunt
711 3497 796 3552 oratu
818 3496 938 3567 fortilca
961 3497 1035 3552 cestu
1058 3524 1109 3566 -,
1132 3493 1183 3552 sed
1206 3491 1365 3552 deductum

215 3600 250 3640 er
275 3581 468 3641 adnotatione
492 3583 612 3659 qualem
632 3583 753 3642 Seruius
777 3583 815 3642 ed
838 3582 857 3640 l.
873 3601 894 3642 s.
910 3602 932 3643 s.
957 3581 1091 3641 seruauit
1115 3577 1199 3658 ‘quia
1221 3581 1253 3640 in
1271 3584 1364 3641 scutis

216 3670 395 3730 Graecorum
427 3671 598 3748 Neptunus,
630 3672 662 3731 in
695 3672 890 3732 Troianorum
923 3673 1022 3732 fuerat
1051 3671 1189 3731 Minerua
1219 3666 1364 3748 depicta’:

215 3761 375 3820 induerant
404 3760 548 3821 uidelicet
579 3760 701 3820 Troiani
733 3764 818 3820 scuta
851 3761 1031 3821 Graecomrn
1064 3754 1152 3841 (392.
1178 3753 1266 3840 412).
1317 3761 1364 3819 Ad

215 3849 342 3929 Vergilii
371 3852 615 3910 commentarinm
641 3852 790 3928 pertinere
813 3850 895 3909 dicus
916 3850 1015 3909 locum
1041 3851 1095 3909 ee:
1123 3850 1242 3927 reliqna
1265 3851 1365 3911 omnia

216 3943 287 3998 sunt
308 3939 430 3999 incerta.
502 3941 504 3944 ⁴

216 4059 308 4067 κω..-
320 4062 326 4066 .
334 4061 383 4067 --..

306 4129 332 4197 1)
355 4127 531 4198 Vbicumque
559 4128 587 4182 iu
615 4127 714 4182 tabula
742 4129 888 4198 preposite
914 4127 1039 4199 prolegg.
1065 4147 1091 4198 p.
1113 4127 1275 4184 LXXXVIII
1286 4146 1363 4197 seqq.

216 4198 271 4251 duo
291 4215 306 4252 e
325 4198 436 4253 diuerso
452 4199 552 4253 Lucilii
571 4216 686 4270 corpore
704 4198 760 4252 loci
778 4199 862 4269 petiti
880 4198 916 4253 ud
936 4199 1011 4253 idem
1031 4200 1154 4270 appositi
1174 4202 1240 4255 sunt
1253 4200 1364 4265 lemma,

216 4270 669 4397 ‘pt‘l2¹²1⁸¹¹t⁰⁰t⁰¹tl⁰tt
689 4269 1364 4398 99939993933931229

217 4358 269 4472 iii
288 4359 359 4469 blico
377 4386 455 4471 r'etio‘
470 4387 616 4492 paululum
636 4385 833 4469 tantummodo
850 4417 894 4468 est
908 4384 1079 4485 ‘distrui-bate.
1148 4388 1153 4398 .
1233 4387 1239 4412 ’
1262 4362 1289 4415 p.
1347 4388 1365 4418 '⁹
