3060 5010
223 375 287 439 102
664 371 714 425 vn
732 390 759 425 u.
780 376 928 425 sss-irs.

222 540 331 620 λευκὴν
354 539 408 620 μέν
431 564 497 601 τινα
520 538 569 600 καὶ
597 537 724 618 ἐπιμήκη
750 537 801 599 τὸν
829 539 987 620 τράχηλον,
1015 535 1056 612 ὡς
1085 538 1209 611 εἰκάζειν
1236 539 1372 600 κύκνου

223 628 372 713 θυγατέρα
394 623 481 692 εἶναι’
504 632 564 690 κτλ.
579 632 663 691 -si
686 630 808 690 eliditur
829 631 861 688 in
880 629 964 690 breui
985 631 1020 688 ut
1037 627 1109 689 Hor.
1129 649 1214 690 serm.
1233 629 1265 688 11
1284 630 1314 705 3,
1329 631 1368 688 41

222 721 315 783 Lucil.
334 721 385 781 lib.
405 721 448 779 VI
466 741 494 779 u.
516 721 588 779 252.

313 804 397 871 269.
420 808 533 869 Gellius
552 809 594 869 IX
615 812 665 883 14,
685 812 723 869 21
752 805 798 867 ‘ln
822 828 892 870 casu
914 810 1015 868 autem
1033 807 1125 867 dandi
1143 810 1195 885 qui
1214 810 1372 886 purissime

223 902 317 961 locuti
339 901 418 975 sunt
441 918 501 958 non
525 893 672 973 “fecici'',
695 900 741 958 uti
763 918 842 958 nunc
864 898 982 973 dicitur,
1006 898 1057 959 sed
1082 893 1206 959 “facie’'
1226 897 1372 958 dixerimt

223 990 356 1050 Lucilius
375 989 406 1048 in
425 989 535 1049 saturis
555 979 672 1068 (incert.
691 1008 720 1046 u.
742 981 842 1069 1257)
863 1035 913 1046 ...
932 986 1064 1047 Lucilius
1083 988 1115 1047 in
1134 987 1211 1047 libro
1232 988 1373 1064 septimo:

225 1074 300 1157 “qui
321 1126 326 1136 .
347 1125 353 1137 .
375 1125 380 1137 .
400 1080 504 1137 ostatis
528 1069 630 1158 (aucti
655 1078 727 1136 olim
754 1068 905 1159 impressi)
926 1124 932 1134 .
953 1124 959 1134 .
980 1125 985 1135 .
1006 1076 1144 1137 ostendat
1171 1095 1201 1136 sc
1229 1069 1274 1159 (se
1301 1077 1374 1137 olim

225 1160 370 1279 duleum)
395 1169 457 1228 fore
477 1215 482 1225 .
500 1215 505 1226 .
522 1215 527 1225 .
547 1161 757 1243 polliceatur''.
795 1165 873 1226 Sunt
894 1169 995 1226 tamen
1019 1185 1078 1226 non
1102 1169 1199 1244 pauci,
1222 1166 1274 1244 qui
1292 1169 1374 1226 utro-

225 1259 314 1335 bique
338 1253 458 1317 ‘facii”
483 1259 593 1336 legant.
632 1255 689 1316 Sed
714 1255 744 1316 C.
761 1255 870 1316 Caesar
888 1256 919 1314 in
938 1256 1015 1315 libro
1034 1256 1070 1316 de
1088 1257 1229 1335 analogia
1247 1255 1375 1317 secundo

227 1344 338 1407 “huius
361 1342 432 1407 die'’
458 1350 488 1407 et
508 1342 619 1406 “huius
637 1340 759 1423 specie”
779 1345 937 1406 dicendum
954 1340 1064 1422 putat'.
1101 1345 1188 1404 Prius
1207 1347 1373 1422 exemplum

226 1458 260 1496 ex
270 1436 387 1496 Lucilio
397 1455 415 1494 a
424 1433 521 1496 Gellio
532 1437 658 1496 allatum
667 1427 711 1518 (u.
725 1428 824 1516 1257)
839 1435 975 1494 datiuum
985 1453 1086 1496 casum
1096 1437 1230 1511 spectare
1241 1438 1374 1513 apparet.

226 1527 363 1585 Altemm
386 1526 554 1601 exemplum
577 1525 644 1584 ideo
663 1543 723 1583 non
741 1543 859 1584 necesse
878 1528 923 1584 est
941 1525 1078 1584 datiuum
1096 1526 1220 1600 spectet,
1242 1543 1375 1603 praeser-

226 1618 280 1675 tim
305 1635 371 1673 oum
394 1614 487 1674 uerba
510 1612 540 1673 (λ
557 1612 692 1674 Caesaris
715 1613 751 1673 de
774 1615 914 1693 genetiuo
937 1615 1026 1674 sicuti
1048 1615 1146 1674 totum
1169 1616 1260 1690 caput
1283 1617 1376 1692 agant

227 1705 345 1764 disertis
369 1704 476 1763 uerbis.
522 1704 629 1779 Itaque
652 1705 757 1762 aetatis
779 1703 858 1778 quod
881 1705 913 1761 in
936 1703 1011 1763 codd
1034 1704 1080 1763 est
1102 1702 1282 1763 semanim
1310 1705 1375 1762 erit.

226 1792 351 1853 Accedit
382 1792 460 1870 quod
493 1792 626 1870 prolegg.
645 1812 673 1869 p.
692 1791 832 1851 LXXVII
864 1793 1017 1853 docuimus
1052 1792 1182 1868 Gellium
1219 1792 1275 1852 hoc
1312 1793 1376 1852 loco

227 1883 323 1942 datiui
345 1884 423 1956 socie
445 1883 611 1958 exemphun
634 1881 824 1941 Lucilianum
847 1885 877 1941 et
904 1883 1037 1961 genetiui
1064 1882 1196 1942 eiusdem
1224 1881 1303 1958 quod
1332 1885 1378 1942 est

228 1975 341 2032 formae
364 1973 531 2048 exemplum
554 1991 613 2030 non
637 1990 672 2030 ex
695 1970 797 2031 eodem
816 1973 937 2032 auctore
956 1973 1123 2048 sumpsisse.
1155 1970 1253 2040 Quare
1271 1990 1377 2049 parum

229 2061 371 2121 concinne
389 2080 456 2120 eum
475 2061 628 2138 scripsisse
646 2080 705 2121 non
724 2063 770 2121 est
788 2061 868 2137 quod
886 2061 1010 2121 mireris.
1043 2061 1143 2121 Verba
1161 2063 1231 2121 sunt
1244 2061 1378 2120 mulieris

228 2153 282 2211 aut
307 2150 436 2211 hominis
464 2150 661 2211 lenocinantis
689 2169 765 2227 quae
793 2152 924 2228 puellam
955 2152 1008 2209 aut
1034 2170 1160 2226 puerum
1186 2151 1312 2228 instiget
1340 2150 1378 2209 ad

229 2242 385 2317 quaestum
409 2241 540 2316 corporis
563 2240 680 2300 blandis
699 2239 805 2300 uerbis.
842 2239 980 2299 Amicum
999 2243 1088 2300 uocat
1106 2241 1270 2300 amatorem
1289 2240 1379 2299 sicuti

229 2328 381 2389 Theodoto
408 2331 548 2389 meretrix
577 2349 623 2406 ap.
647 2329 779 2407 Xenopb.
803 2347 923 2390 memor.
942 2328 989 2388 111
1010 2331 1064 2404 11,
1089 2331 1108 2387 4
1136 2325 1189 2388 ἐάν
1220 2351 1279 2406 τις,
1308 2324 1379 2407 ἔφη,

156 2461 160 2467 -
229 2419 316 2497 φίλος
339 2439 389 2497 μοι
410 2417 569 2499 γενόμενος
590 2409 625 2479 εὖ
647 2421 744 2478 ποιεῖν
766 2414 870 2502 ἐθέλῃ,
898 2409 985 2490 οὗτός
1008 2439 1057 2495 μοι
1079 2417 1146 2497 βίος
1172 2414 1240 2478 ἐστι’.
1285 2417 1378 2478 Aetas

230 2512 261 2568 et
283 2508 374 2568 facies
397 2510 429 2568 in
452 2510 507 2569 hoo
530 2526 618 2568 uersu
640 2508 718 2568 sicut
739 2509 771 2567 in
794 2528 823 2566 u.
844 2510 905 2567 271
931 2507 1010 2567 idem
1034 2509 1117 2567 ualet
1139 2507 1218 2584 quod
1242 2506 1303 2588 ὥρα
1328 2503 1379 2566 καλ

229 2598 335 2670 κάλλος
367 2598 446 2675 apud
479 2597 605 2658 Graecos
638 2598 733 2656 ueluti
763 2596 842 2656 Plut.
862 2595 971 2657 cleom.
993 2599 1009 2655 1
1035 2595 1146 2657 Antan.
1167 2598 1207 2655 57
1233 2596 1315 2657 Caes.
1336 2599 1377 2655 45

230 2688 367 2748 Aesohiu.
395 2689 488 2748 contr.
515 2686 662 2746 Timmoh.
688 2688 750 2746 134
774 2686 866 2745 Arist.
891 2687 947 2745 Au.
973 2687 1072 2745 1723:
1104 2682 1269 2746 ἀπόλαυσιν
1302 2684 1380 2765 ὥρας

231 2774 279 2836 καὶ
314 2776 448 2855 σώματος
479 2777 556 2836 Plut.
581 2777 705 2837 amator.
731 2777 750 2834 4
774 2796 802 2852 p.
824 2776 888 2835 750
898 2774 933 2833 D.
988 2775 1022 2834 ln
1061 2795 1128 2852 app.
1166 2775 1231 2835 crit.
1269 2775 1379 2835 scribes

230 2885 261 2926 sc
282 2867 353 2939 fore.

322 2948 405 3016 271.
429 2955 545 3014 Nonius
567 2975 595 3031 p.
617 2956 707 3028 23,2
733 2950 842 3033 ‘Sages
864 2955 1003 3014 mulieres
1027 2953 1167 3013 dicuntur
1189 2954 1317 3013 feminae
1343 2952 1380 3012 ad

230 3044 394 3104 lubidinem
417 3046 551 3103 uirorum
573 3043 782 3123 indagatrioes.
823 3044 901 3103 unde
925 3046 955 3103 et
978 3061 1099 3122 sagaces
1122 3061 1209 3103 canes
1232 3043 1381 3116 dicuntur,

232 3135 361 3193 ferarum
390 3134 438 3193 uel
465 3134 641 3192 animalium
668 3134 859 3210 quaesitores.
907 3133 1040 3194 Lucilius
1063 3135 1232 3209 satyrarum
1251 3132 1303 3191 lib.
1321 3131 1381 3190 VH

189 3218 192 3225 ’
234 3217 389 3281 “aetatem
406 3267 412 3280 .
428 3267 434 3278 .
450 3267 456 3279 .
472 3217 691 3282 conciliatrix”.
725 3223 878 3299 Turpilius
892 3222 1110 3282 Boethuutibus
1131 3217 1231 3280 “Non·
1246 3239 1302 3299 ago
1325 3221 1382 3281 hoo

232 3332 285 3388 per
308 3329 411 3390 sagam
434 3312 531 3388 pretio
555 3311 740 3386 conductam,
758 3314 793 3371 ut
813 3312 904 3391 uulgo
922 3306 1064 3372 solant''.’
1101 3310 1216 3370 Nouius
1235 3312 1381 3387 interpres

233 3421 306 3479 saga
328 3400 548 3460 substentiuum
572 3419 644 3475 esse,
667 3420 726 3460 non
750 3401 932 3461 adiectiuum
954 3406 1033 3462 recte
1056 3401 1163 3461 statuit
1186 3401 1274 3460 sicuti
1302 3399 1382 3475 apud

233 3490 384 3549 Tibullum
404 3490 467 3564 15,
488 3490 529 3549 59
554 3485 600 3549 ‘at
623 3494 657 3549 tu
685 3509 775 3567 quam
802 3491 932 3566 primum
961 3508 1051 3569 sagae
1077 3493 1238 3568 praecepta
1264 3491 1381 3567 rapacis

234 3574 345 3639 deam?
374 3581 507 3657 positum
537 3579 689 3640 inuenitur
721 3599 775 3657 pro
806 3581 883 3639 lona.
942 3580 1094 3639 Laudauit
1125 3579 1234 3656 aliquis
1265 3579 1382 3656 puellae

234 3671 290 3729 aut
310 3669 396 3747 pueri
423 3670 554 3745 eorporis
581 3671 708 3729 uirtutes
735 3688 816 3729 more
843 3669 991 3728 lanarum:
1017 3669 1110 3728 uerba
1134 3668 1285 3728 laudantis
1313 3669 1383 3728 sunt

234 3778 282 3818 uu.
303 3759 469 3819 1611270.

325 3839 406 3910 272.
430 3848 575 3925 Apuleius
599 3849 821 3927 apol.cap.10
846 3843 897 3908 ‘ut
924 3847 1044 3925 quidem
1067 3845 1099 3906 O.
1118 3847 1279 3906 Lucullum
1305 3838 1381 3928 (Lu-

234 3939 334 3998 cilium
356 3930 490 4020 Lipsius)
519 3958 699 4016 quamquam
723 3939 763 3998 sit
784 3937 929 3998 iambicus
952 3940 1052 4024 tamen
1081 3935 1276 4014 improbarim
1304 3935 1382 4013 quod

236 4027 376 4088 Gentium
408 4030 440 4087 et
467 4027 658 4088 Macedonem
685 4045 791 4104 pueros
819 4027 939 4088 directis
969 4026 1138 4087 nominibus
1168 4024 1299 4085 carmine
1330 4043 1383 4085 suo

235 4112 444 4192 prostituerit’.
496 4116 623 4193 Sumpta
651 4135 713 4177 esse
740 4117 813 4176 haec
841 4116 878 4174 ab
908 4116 1034 4192 Apuleio
1065 4135 1099 4176 er
1130 4114 1206 4175 libro
1238 4115 1384 4193 philologi

236 4206 349 4283 egregii
372 4206 425 4281 qui
446 4205 483 4264 de
507 4207 655 4266 amoribus
679 4209 710 4265 et
732 4205 768 4264 da
790 4208 924 4282 personis
947 4208 1102 4282 poetarum
1125 4207 1262 4265 scemate
1281 4206 1384 4284 egerit,

236 4296 369 4369 apparet.
405 4294 576 4354 Notandum
600 4298 653 4370 est,
677 4294 756 4371 quod
779 4295 940 4354 iambicum
963 4294 1038 4354 dixit
1056 4294 1202 4372 Apuleius
1222 4293 1384 4354 Lucilium:

237 4381 345 4441 etenim
381 4386 488 4458 quarto
520 4383 638 4443 demum
670 4383 787 4444 saeculo
820 4387 988 4444 saturarum
1020 4385 1180 4461 scriptores
1213 4378 1279 4444 ansi
1315 4387 1385 4443 sunt

237 4472 382 4548 satyricos
408 4472 455 4532 uel
483 4472 619 4532 satiricos
647 4472 798 4550 appellare
821 4477 938 4550 poetas,
966 4472 1046 4548 quod
1073 4472 1252 4533 uocabulum
1274 4472 1384 4550 Apulei
