3060 5010
628 322 679 377 xv
697 341 723 377 u.
744 328 895 403 reomau.
1275 323 1338 403 183

188 491 343 552 e·Hertzii
366 492 498 552 Perioch.
518 486 576 574 47)
599 513 658 570 quo
677 493 788 553 bellum
808 492 1017 555 Celtibericum
1035 493 1147 553 exarsit
1164 493 1226 552 fere
1245 512 1338 570 usque

188 582 225 640 ad
251 576 399 656 6191136
424 601 483 658 quo
507 582 607 658 Scipio
626 582 812 643 Aemilianus
835 584 938 643 consul
961 585 1007 643 est
1029 585 1146 642 creatus
1170 578 1209 642 ad
1226 582 1337 642 bellum

188 672 406 732 Numantinum
440 672 687 749 componendum:
724 675 821 732 totum
858 674 952 751 igitur
983 672 1094 731 bellum
1127 671 1336 732 Celtibericum

186 761 251 820 iure
269 761 380 821 dicitur
392 758 553 833 εἰκοσαιτὲς
568 761 665 821 Strab.
680 762 727 821 III
740 782 768 839 p.
787 763 848 821 162
864 762 939 821 med.
955 761 1190 838 δεισιδαιμονίαν
1203 761 1335 820 militum

185 852 317 909 coercuit
340 850 440 927 Scipio
465 851 502 910 ad
527 851 732 928 Numantiam,
755 851 827 911 conf
847 851 884 910 ad
908 850 959 910 lib.
974 851 1045 910 XIV
1069 871 1096 909 u.
1117 852 1190 910 473.

275 931 357 1001 482.
377 939 493 1001 Nonius
513 961 547 999 ex
566 943 763 1018 grammatico
782 935 1139 1018 p.124,16‘1nuncare,
1158 941 1244 1017 quasi
1259 959 1335 999 unco

184 1029 326 1090 inuadere
344 1032 375 1089 et
393 1030 536 1107 adripere.
574 1029 715 1102 Lucilius,
725 1029 776 1090 lib.
795 1031 851 1090 XV
870 1026 949 1091 “aut
966 1022 1014 1113 (at
1032 1022 1076 1113 L)
1095 1075 1101 1087 .
1117 1077 1124 1091 .
1140 1076 1146 1087 .
1165 1025 1334 1091 inuncat''.’

186 1118 282 1180 Sicuti
309 1120 429 1188 ιἰιυκοο,
458 1120 502 1179 ita
530 1121 644 1181 οδιιιισο
672 1113 770 1199 (Paul.
785 1139 819 1180 ex
843 1121 920 1181 Fest
935 1141 963 1197 p.
981 1111 1037 1200 11)
1066 1118 1176 1178 obunco
1199 1138 1267 1180 raro
1290 1121 1335 1182 in-

183 1210 311 1268 uenitur.
358 1207 436 1269 Vsus
469 1212 515 1269 est
545 1209 600 1268 illo
628 1209 719 1270 uerbo
748 1209 862 1269 Colum.
881 1209 940 1268 VII
960 1211 993 1283 3,
1015 1214 1052 1269 11
1083 1210 1119 1268 de
1146 1209 1229 1284 lana,
1258 1229 1335 1290 quae

184 1293 324 1359 ‘obnoxia
356 1301 402 1358 est
431 1297 527 1373 rubis,
559 1299 668 1375 quibus
699 1299 784 1359 uelut
810 1299 906 1359 hamis
934 1299 1076 1358 inuncata
1103 1317 1122 1356 a
1148 1301 1334 1374 pascentium

183 1387 350 1465 tergoribus
381 1384 544 1463 auellitur’,
572 1387 623 1446 ubi
651 1389 792 1449 inuncata
823 1389 903 1448 idem
930 1392 976 1447 est
1004 1387 1084 1464 quod
1112 1406 1186 1446 unco
1215 1393 1335 1464 arreptr

183 1477 272 1537 sicuti
303 1475 413 1537 Lucilii
444 1476 520 1536 illud
547 1479 670 1538 remu-at
701 1478 832 1554 explicat
858 1478 950 1537 Nonii
978 1480 1094 1536 auctor:
1126 1477 1266 1536 similiter
1297 1477 1333 1544 de

182 1567 309 1643 piscium
328 1569 454 1645 captura
472 1567 561 1644 Apul.
581 1567 698 1646 apolog.
715 1569 757 1628 30
777 1570 849 1627 extr.
870 1563 978 1627 ‘hamis
996 1563 1187 1642 inuncanda’,
1204 1566 1299 1629 florid.
1314 1569 1332 1627 2

182 1660 255 1716 extr.
275 1656 311 1716 de
329 1657 432 1733 aquila
451 1651 540 1716 ‘unde
559 1656 709 1735 unguibus
727 1659 850 1718 inuncet
867 1658 916 1717 uel
935 1676 1044 1736 agnum
1117 1657 1165 1715 uel
1180 1652 1332 1734 leporemf.

182 1746 366 1806 Faenerator
395 1747 491 1825 igitur
521 1745 631 1806 Lucilii
664 1749 748 1806 aneis
779 1742 879 1823 stipites
912 1740 1040 1827 (Colum.
1064 1744 1121 1804 VH
1144 1750 1198 1821 11,
1219 1738 1254 1827 2)
1284 1746 1331 1805 uel

182 1838 266 1898 uncis
293 1837 430 1896 manibus
453 1827 556 1916 (Verg.
572 1835 645 1894 Aen.
660 1836 704 1893 Vl
723 1828 803 1917 360)
833 1837 941 1915 arripit
968 1855 1117 1896 nummos:
1151 1855 1333 1912 quamquam

182 1927 273 1985 tristis
294 1923 473 1984 uocabulum
497 1922 702 2004 στρυφνότητα
724 1927 918 1986 nummularii
940 1925 1020 2003 quod
1042 1926 1158 1985 indicat
1178 1926 1275 2004 magis
1295 1925 1332 1984 ad

182 2015 373 2075 tenacitatem
396 2017 530 2092 spectare
543 2014 674 2074 uidam
696 2033 786 2091 quam
810 2014 847 2074 ad
872 2017 1068 2092 rapacitatem
1091 2016 1189 2074 auari:
1212 2014 1333 2078 omisa

181 2103 237 2162 ΑΡ
255 2103 298 2167 Xl
319 2105 381 2163 289
397 2099 551 2180 τέθνηκεν
574 2101 668 2176 εὐθὺς
690 2101 723 2164 ἐν
746 2104 841 2184 ῥοπῆς
864 2109 956 2187 καιρῷ
984 2105 1090 2184 βραχεῖ
1107 2101 1140 2164 ἐν
1162 2102 1333 2165 δακτύλοισι

181 2191 249 2264 τοὺς
271 2191 378 2265 τόκους
400 2192 535 2272 σφίγροιν
557 2190 607 2253 ἔτι.
650 2193 688 2255 In
707 2212 775 2270 app.
795 2195 860 2254 crit.
880 2193 968 2253 adde:
992 2199 1044 2254 aul
1062 2193 1087 2254 G
1105 2199 1137 2253 at
1151 2192 1187 2256 L.

270 2274 353 2343 483.
367 2283 483 2342 Nonius
496 2302 524 2358 p.
537 2285 565 2356 2,
577 2284 616 2341 27
630 2277 764 2342 ‘Senium
774 2328 780 2340 .
792 2329 799 2343 .
810 2329 816 2341 .
826 2282 960 2343 Lucilius
971 2286 1140 2360 satyrarum
1154 2278 1331 2343 lib.XV“in

181 2417 222 2430 ...
238 2373 352 2448 primus
366 2369 520 2432 trebellius
533 2372 638 2431 maroe
652 2374 717 2431 filos
731 2373 821 2431 lucios
834 2373 999 2432 narcaubar'
1012 2371 1103 2432 febris
1119 2418 1160 2432 ...
1169 2372 1243 2447 plus
1261 2365 1332 2453 (pus

180 2460 253 2520 olim
274 2450 473 2541 impressi)''.'
519 2460 552 2519 L.
567 2458 709 2520 Trebellii
736 2480 844 2521 nomen
871 2463 1005 2522 restituit
1027 2461 1161 2522 Andreas
1184 2460 1330 2522 Dacerus:

180 2550 296 2611 familia
319 2549 438 2610 uidetur
461 2550 553 2609 fuisse
577 2554 644 2610 orta
662 2551 806 2630 Fregellis
825 2544 905 2632 (Liu.
924 2550 1024 2610 XLIII
1044 2553 1095 2625 21,
1115 2542 1161 2632 2),
1181 2548 1330 2611 Ciceronis

179 2640 313 2716 aequalis
327 2642 392 2699 erat
406 2638 438 2698 L.
454 2638 619 2700 'lbebellius
633 2639 738 2699 aedilis
758 2634 846 2721 (CIL
864 2639 909 2700 VI
929 2642 1014 2700 1324
1035 2638 1093 2700 Cic.
1108 2639 1185 2699 Phil.
1200 2639 1243 2699 VI
1264 2631 1329 2720 11).

178 2731 295 2789 malost
328 2728 486 2807 legendum
522 2747 584 2789 esse
620 2728 699 2789 uidit
733 2729 941 2789 Lachmannus
970 2729 1086 2789 Lucret
1106 2747 1210 2788 comm.
1229 2749 1257 2805 p.
1279 2730 1329 2788 66.

179 2819 361 2880 ιιονοαοείδαὶ
400 2817 568 2893 Leidensis,
610 2821 773 2879 narccsitai
810 2818 1072 2895 Guelferbytanus:
1114 2818 1191 2878 unde
1232 2837 1330 2888 narce,

177 2926 270 2968 sacua
287 2907 343 2982 ι’(ε)
363 2900 446 2990 (uide
464 2906 502 2966 ad
525 2907 576 2966 lib.
590 2908 619 2965 V
638 2928 665 2971 u,
687 2900 765 2990 191)
789 2910 948 2985 temptaui:
971 2909 1031 2968 uiri
1051 2908 1132 2969 (loeti
1150 2926 1330 2986 proposuero

178 3017 249 3057 ruam
280 3002 369 3058 οοκοδ
399 2997 623 3070 Lachmannus,
658 3016 730 3056 nam
765 3000 886 3057 arcessit
917 2997 950 3059 L.
971 2997 1146 3072 Muellerus,
1183 2999 1330 3060 marcebat

179 3087 319 3162 Decorus,
333 3088 450 3146 multost
463 3082 546 3158 ἕλκος
560 3082 742 3147 ἀκέσσασθαι
754 3087 962 3163 Buechelerus,
975 3089 1105 3147 aurcesis
1120 3086 1328 3162 Stowasserus,

178 3174 324 3237 Arcesilai
347 3175 536 3249 Ribbeckius.
561 3208 604 3217 -
630 3173 737 3236 Obruit
759 3177 909 3237 hominem
933 3177 1076 3237 conuiciis
1099 3178 1202 3252 poeta:
1229 3177 1328 3249 febris,

178 3270 212 3325 ut
238 3266 337 3327 Plaut.
356 3264 461 3327 Pseud.
483 3266 546 3324 643
575 3265 727 3343 Aristoph.
747 3266 836 3344 Vesp.
859 3268 943 3326 1037
972 3260 1031 3326 ἀλλ’
1065 3261 1140 3343 ὑπὲρ
1174 3262 1260 3344 ὑμῶν
1286 3261 1328 3342 ἔτι

177 3352 228 3415 καὶ
255 3352 325 3416 νυνὶ
347 3357 480 3433 πολεμεῖ,
511 3355 606 3432 φησίν
635 3376 663 3416 τε
690 3349 748 3434 μετ’
778 3354 870 3417 αὐτοῦ
898 3359 959 3429 τοῖς
988 3351 1125 3434 ἠπιάλοις
1148 3352 1326 3435 ἐπιχειρῆσαι

177 3441 302 3526 πέρυσιν
324 3442 374 3505 καὶ
396 3448 458 3516 τοῖς
481 3449 651 3524 πυρετοῖσιν
674 3446 704 3506 οἳ
724 3444 795 3518 τοὺς
817 3443 944 3525 πατέρας
964 3436 985 3505 δ
1007 3435 1097 3525 ἦγχον
1125 3444 1240 3523 νύκτωρ
1268 3448 1325 3505 κτλ.

178 3567 219 3575 -
238 3537 353 3596 scalam
371 3527 583 3616 (Buechelerus
602 3535 675 3594 Mus.
696 3535 788 3597 Rheu.
808 3534 892 3594 XLII
912 3535 996 3594 1887
1017 3555 1045 3612 p.
1061 3526 1141 3615 688)
1160 3530 1326 3594 conuicium

177 3628 213 3683 ut
234 3625 338 3685 incert.
358 3644 386 3682 u.
403 3625 497 3683 1117.
527 3657 567 3664 -
596 3627 738 3685 uomitum
765 3628 799 3683 nt
825 3629 958 3700 epulam:
984 3642 1080 3700 neque
1108 3623 1186 3683 enim
1210 3622 1248 3684 ad
1266 3641 1327 3698 pas

177 3716 223 3772 est
244 3713 443 3773 referendum:
466 3715 593 3773 uomitus
616 3714 648 3772 F.
668 3714 777 3774 Dousa.
825 3710 940 3791 ‘Rupili
967 3731 1023 3789 pus
1053 3715 1143 3789 atque
1166 3709 1324 3772 uenenum’

177 3801 249 3861 Hor.
269 3821 354 3861 serm.
372 3802 388 3861 Ι
409 3804 437 3877 7,
459 3804 490 3860 1:
510 3803 581 3860 cons
596 3801 690 3862 Lucil.
706 3803 790 3862 lib.I
808 3825 836 3863 u.
853 3805 903 3862 44,
945 3800 1048 3861 Febris
1064 3799 1209 3880 producta
1227 3801 1326 3879 priore

177 3890 294 3967 syllaba
316 3890 373 3950 hac
394 3908 497 3952 uersus
524 3890 592 3950 sede
620 3892 670 3950 uix
698 3894 800 3969 posuit
822 3891 969 3951 Lucilius:
998 3890 1066 3951 uide
1093 3890 1182 3951 indic.
1201 3910 1325 3969 gramm.

177 4000 199 4041 a.
214 4001 241 4039 a.
260 3980 425 4057 productio.

266 4062 349 4131 485.
366 4069 484 4130 Nonius
497 4091 526 4147 p.
543 4073 616 4146 536,
631 4073 672 4130 28
689 4065 814 4129 ‘Tunica
830 4072 875 4130 est
889 4070 1101 4129 uestimentum
1115 4068 1178 4129 siue
1192 4069 1325 4130 manicis.

178 4206 205 4226 .‚.
221 4205 228 4218 .
247 4159 326 4219 idem
349 4158 400 4218 lib.
419 4158 475 4217 XV
499 4155 580 4220 “scit
597 4164 729 4235 poeticen
749 4205 755 4218 .
772 4206 777 4217 .
794 4205 799 4217 .
819 4160 947 4218 ίακλοοικ
967 4205 1017 4216 ...
1037 4154 1122 4218 sit’'.'
1164 4158 1324 4220 Muellerus

170 4249 313 4323 patellam
345 4251 519 4325 scripserat,
551 4250 631 4327 qnod
661 4253 741 4308 recte
768 4248 883 4308 refutat
909 4247 1046 4310 Kellerus
1073 4249 1105 4307 in
1133 4248 1207 4308 Mus.
1231 4248 1323 4310 Rhea.

175 4339 274 4398 XXXI
295 4340 379 4398 1876
403 4358 432 4416 p.
450 4340 527 4412 1433
550 4341 603 4415 qui
620 4340 768 4412 poeaicon
791 4337 829 4397 ad
854 4339 957 4414 poesin
984 4338 1075 4398 refert
1105 4341 1136 4397 et
1157 4337 1214 4398 hoc
1236 4340 1324 4400 modo

176 4428 403 4508 interpretatur:
427 4427 489 4490 Der
510 4427 610 4489 Weiss
634 4426 710 4488 weit
728 4427 887 4488 Wahrheit
908 4428 968 4488 und
993 4427 1147 4508 Dichtnng
1170 4448 1205 4487 au
1224 4431 1323 4491 unter-
