3060 5010
241 333 308 399 204
680 331 758 393 XVII
775 350 802 386 u.
822 337 971 393 515-511.

240 527 268 566 u.
284 505 358 567 545.
382 505 454 563 546.
478 503 611 580 posuisse
634 501 713 562 inter
737 503 809 562 541.
835 501 1161 575 5421515,551551151
1183 502 1263 578 quod
1282 522 1309 560 u
1325 503 1390 561 545

241 597 270 654 51
296 595 358 653 546
383 593 486 654 551515
509 594 662 670 spectatur
680 590 802 652 Helena.
844 591 889 651 De
911 595 977 651 tota
999 591 1099 652 indole
1121 591 1227 650 borum
1250 611 1391 652 uersuum

239 684 384 744 iudicium
402 683 473 742 15111
492 684 600 759 551551,
623 683 649 741 51
669 682 856 758 aposiopesin
875 702 902 739 u.
924 682 995 741 543.
1017 682 1080 740 544
1100 683 1179 741 15515
1200 681 1391 758 interpretati

241 775 363 834 erimus:
386 767 544 832 ‘Helenam
566 773 664 849 ipsam
687 770 813 848 denique
837 804 881 812 -
904 772 974 831 nolo
993 771 1102 831 dicere:
1124 773 1190 831 tute
1212 770 1282 833 uide
1301 774 1391 848 atque

240 863 409 940 disyllabon
426 863 503 940 elige
523 856 670 938 quoduis’.
691 894 732 902 —
752 859 834 930 Quae
854 860 951 937 qualis
965 863 1005 920 sit
1018 861 1204 939 intellegitur
1218 865 1391 937 comparato

241 953 279 1013 ad
301 953 371 1012 Her.
386 952 429 1011 IV
450 953 501 1025 30,
521 953 560 1010 41
588 946 672 1010 ‘mihi
700 953 798 1010 tecum
828 971 884 1028 par
907 953 1031 1010 55115115
1054 970 1114 1010 555
1138 954 1196 1025 551,
1220 950 1286 1010 1155
1311 951 1392 1027 5551

196 1082 203 1087 -·
241 1043 369 1121 populus
401 1042 552 1103 Romanus
584 1061 630 1099 me
665 1073 706 1081 —
740 1040 808 1100 nolo
842 1040 952 1115 dicere,
985 1060 1021 1099 55
1053 1042 1102 1099 551
1133 1040 1210 1100 15115
1242 1039 1391 1118 adrogans

241 1133 356 1192 uidear:
383 1135 414 1192 te
444 1135 544 1190 autem
567 1149 655 1207 saepe
678 1130 843 1208 ignominia
871 1130 994 1208 dignum
1021 1125 1152 1205 putauit'
1178 1131 1229 1204 38,
1250 1131 1292 1190 50
1316 1129 1390 1190 5151.

241 1216 331 1282 Ἣ515
357 1221 478 1298 quidem
500 1224 587 1297 pater
609 1253 653 1261 -
675 1220 744 1281 nolo
767 1219 892 1279 nimium
916 1219 1013 1280 dicere
1038 1252 1079 1260 -—
1104 1239 1163 1279 uon
1181 1221 1391 1279 tenuissimum

241 1311 453 1390 patrimonium
476 1306 619 1386 reliquit’.
664 1309 806 1386 Inprimis
829 1310 886 1369 huc
909 1310 984 1370 15511
1007 1311 1058 1385 54,
1078 1311 1118 1368 61
1144 1312 1215 1368 extr.
1239 1303 1309 1379 ‘Qui
1331 1310 1392 1369 ista

241 1402 338 1462 151155
360 1404 390 1461 51
413 1404 511 1461 551515
534 1419 630 1477 nuper
653 1400 768 1460 alienae
787 1400 868 1460 domi
888 1431 929 1440 —
948 1399 1018 1459 nolo
1037 1400 1124 1476 plura
1142 1394 1250 1459 dicere’
1276 1400 1328 1473 30,
1348 1400 1388 1458 41

240 1491 315 1551 med.
346 1486 402 1549 ‘Tu
434 1492 511 1550 istuc
544 1489 635 1549 audes
667 1489 777 1564 dicere,
809 1489 861 1567 qui
893 1509 988 1564 nuper
1017 1489 1132 1549 alienae
1159 1488 1240 1548 domi
1264 1521 1306 1529 —
1329 1508 1389 1548 non

242 1583 337 1640 ausim
364 1579 474 1655 dicere,
498 1600 534 1639 ne
558 1599 622 1638 cum
647 1583 677 1638 15
701 1570 791 1659 digna
814 1579 954 1654 dicerem,
984 1599 1031 1638 me
1053 1578 1211 1656 indignum
1235 1580 1389 1656 quippiam

241 1670 349 1729 dixisse
382 1664 495 1728 uidear'
535 1669 669 1728 quenal.
693 1669 769 1728 VIH
793 1670 856 1729 275
886 1662 951 1728 ‘aut
986 1671 1090 1745 pastor
1125 1669 1184 1727 1511
1221 1671 1274 1728 551
1313 1667 1391 1727 illud

243 1758 322 1835 quod
345 1758 442 1818 dicere
465 1753 556 1818 uolo'.
602 1758 702 1836 Atque
729 1760 761 1818 in
784 1778 818 1818 55
842 1759 1030 1837 potissimum
1053 1759 1135 1819 iocus
1157 1757 1251 1835 pollet
1273 1757 1392 1833 Lucilii,

242 1847 321 1924 quod
349 1867 428 1922 eam,
460 1867 536 1926 quae
563 1849 712 1924 loquitur,
743 1853 897 1925 tamquam
928 1849 1098 1924 loquentem
1125 1849 1156 1907 15
1184 1849 1250 1906 5115
1276 1846 1393 1908 1515511

241 1956 398 2013 personam
421 1956 509 1996 uersu
531 1938 712 2011 hexametro,
737 1958 795 2014 quo
818 1937 882 2014 1555
905 1940 1001 1998 utitur
1022 1940 1119 2015 55515.
1160 1936 1246 1996 Vnde
1265 1941 1392 2013 apparet

242 2046 301 2087 non
324 2029 443 2104 poetam
467 2028 565 2104 ipsum
588 2028 684 2104 loqui,
715 2028 766 2087 551
789 2046 824 2086 51
846 2047 975 2105 5515555
997 2027 1122 2087 alieuius
1145 2027 1291 2102 mulieris,
1314 2045 1392 2102 quae

242 2121 356 2192 555551,
379 2135 416 2176 55
436 2117 581 2178 obscaeno
600 2119 704 2192 515151
723 2117 876 2192 uocabulo,
900 2137 959 2193 quo
979 2116 1111 2177 Helenae
1134 2117 1249 2177 facinus
1266 2116 1391 2176 indicet:

242 2202 338 2266 551511
369 2224 488 2267 5515551
521 2206 668 2284 disyllabo
701 2211 770 2285 5515
803 2208 919 2284 expleat
947 2207 1056 2283 aliquis
1084 2208 1110 2266 si
1138 2201 1313 2266 ‘moecham’
1343 2207 1392 2265 551

243 2291 395 2357 ‘scortum’
429 2295 529 2356 addat.
576 2295 672 2365 Quare
705 2315 769 2357 cum
803 2317 831 2356 u.
856 2297 919 2356 538
957 2296 1137 2372 Penelopam
1173 2296 1392 2371 colloquentem

242 2385 488 2464 deprehendimus
516 2405 582 2447 oum
609 2388 694 2463 patre
719 2389 772 2446 aut
798 2386 920 2461 5551115,
948 2386 1004 2445 1155
1029 2404 1147 2462 555555
1176 2386 1241 2444 loco
1268 2384 1392 2444 eandem

243 2477 335 2536 uerba
356 2478 463 2536 ’155515
494 2478 658 2536 5151551555
691 2479 722 2536 51
753 2478 872 2537 saturae
904 2476 1148 2552 compositionem
1181 2473 1273 2534 talem
1300 2474 1392 2534 151555

243 2566 472 2644 suspicabimur,
505 2566 602 2642 qualis
634 2568 680 2626 est
707 2565 828 2625 Horatii
860 2584 945 2625 55151.
968 2565 998 2623 Π
1019 2566 1052 2639 3,
1078 2565 1139 2624 181
1160 2582 1240 2641 seqq.
1269 2568 1299 2624 51
1320 2564 1391 2623 Π5

243 2659 316 2717 1515.
359 2652 456 2729 ‘Vide,
474 2655 631 2733 Penelopa,
654 2675 691 2714 5ο
714 2674 856 2734 rugosum
875 2673 980 2731 corpus
1000 2656 1030 2712 51
1049 2657 1131 2714 55155
1150 2657 1203 2712 155
1222 2657 1393 2730 5551515515

243 2747 346 2806 151515
376 2748 417 2805 511
443 2745 539 2820 Vlixi,
571 2747 597 2805 si
623 2741 765 2805 redierit’.
816 2745 897 2805 Haec
927 2745 1074 2805 dicentem
1102 2745 1242 2804 ancillam
1268 2743 1394 2819 corripit

243 2837 349 2914 regina
381 2831 422 2895 ‘et
453 2834 597 2896 Alcmena
619 2833 848 2912 Amphitryonis
880 2838 945 2895 erat
976 2854 1050 2894 uxor
1079 2836 1112 2894 51
1144 2833 1273 2906 Η51555,
1302 2852 1392 2909 55515

244 2923 381 2998 detestor,
404 2925 475 3001 quia
498 2923 571 2983 belli
593 2941 684 2985 causa
706 2925 818 2984 151151
843 2924 939 3003 origo,
967 2944 1041 2983 uxor
1063 2922 1198 2983 Menelai.
1240 2922 1393 2999 Nupserat

243 3017 379 3089 utraque,
401 3016 502 3073 tamen
524 3014 597 3072 haec
619 3012 767 3089 Paridem,
790 3015 893 3074 Iouem
917 3014 971 3073 illa
994 3013 1050 3074 sibi
1076 3015 1255 3072 inuenerunt
1277 3011 1393 3071 adulte·

245 3098 332 3162 rum’.
378 3102 472 3161 Addit
499 3107 654 3180 praeterea
681 3103 897 3182 pulcherrimas
924 3104 992 3163 illas
1020 3103 1158 3163 mulieres
1181 3121 1240 3161 non
1264 3103 1393 3161 caruisse

244 3191 358 3251 mendis
376 3191 488 3251 formae
507 3192 587 3252 credi
606 3197 750 3269 oportere.
789 3193 888 3254 Simili
904 3193 992 3253 modo
1005 3193 1085 3252 ludit
1098 3191 1247 3251 Lucienus
1262 3189 1337 3250 Gall.
1352 3193 1391 3249 11

245 3277 301 3360 ἐγὼ
334 3275 365 3340 di
397 3278 538 3341 τοσοῦτόν
564 3282 614 3342 σοί
640 3305 733 3361 φημι,
761 3277 910 3359 ὑπερφυὲς
937 3278 1032 3361 μηδὲν
1058 3277 1198 3361 γενέσθαι
1221 3278 1298 3354 τότε,
1322 3278 1393 3357 μήτε

244 3367 296 3429 τὸν
323 3367 439 3429 Αἴαντα
465 3369 542 3431 οὕτω
570 3367 663 3451 μέγαν
691 3369 761 3449 μήτε
793 3369 848 3449 τὴν
872 3364 1017 3449 Ἑλένην
1050 3368 1162 3449 αὐτὴν
1193 3369 1272 3430 οὕτω
1300 3367 1394 3446 καλὴν

246 3454 286 3531 ὡς
311 3456 431 3518 οἴονται.
472 3451 553 3520 εἶδον
575 3458 631 3540 γὰρ
654 3458 763 3538 115κὴ5
785 3457 839 3539 μέν
862 3483 928 3521 τινα
950 3457 1000 3520 καὶ
1022 3457 1158 3570 ΞΙκιιμήκη
1171 3457 1222 3520 τὸν
1240 3457 1394 3538 τράχηλον,

245 3543 285 3620 ὡς
317 3545 440 3620 εἰκάζειν
468 3547 581 3609 κύκνου
612 3546 761 3657 θυγατέρα
788 3543 929 3629 εἶναι,
901 3572 935 3609 τα
964 3541 991 3609 δ’
1017 3545 1090 3609 5115
1116 3547 1197 3608 πάνυ
1224 3549 1394 3628 πρεσβῦτιν,

245 3632 396 3715 ἡλικιῶτιν
422 3635 526 3716 σχεδὸν
552 3647 605 3716 τῆς
624 3630 817 3747 Εκρῖβης,”
798 3662 836 3718 ην
863 3661 895 3719 γε
921 3637 1036 3716 Θησεὺς
1064 3647 1181 3717 πρῶτον
1204 3634 1394 3716 ἆριιάσαςέν

243 3719 399 3805 Ἀφίδναις
422 3718 488 3806 εἶχε,
511 3725 584 3787 κατὰ
608 3725 659 3788 τὸν
679 3721 824 3809 Ηρακλέα
846 3727 1003 3809 γενόμενος
1026 3732 1084 3788 κτλ.
1130 3728 1175 3787 Ex
1199 3749 1226 3785 u
1248 3728 1308 3787 541
1335 3746 1395 3786 non

245 3819 356 3879 1151511
375 3835 434 3877 csse
452 3817 561 3895 pendet
578 3818 677 3896 priore
695 3818 760 3880 loco
778 3819 945 3879 inlinitiuus
964 3815 1395 3894 51555551151555511,151515

244 3907 409 3968 1515111555
436 3906 559 3984 55115511
587 3909 688 3985 posuit
714 3912 804 3985 poeta
830 3911 923 3983 faisse
950 3928 977 3966 u.
998 3909 1076 3981 542,
1103 3908 1239 3968 babuisse
1266 3926 1294 3965 5.
1321 3907 1393 3966 545.

245 3997 388 4076 Epitbsta
411 3995 569 4057 Homerica
592 3997 694 4058 eodem
718 4017 776 4075 quo
799 3997 935 4061 Lucilius
957 3996 1045 4058 modo
1068 3997 1191 4058 adhibet
1211 3995 1332 4057 Obarito
1351 3995 1395 4055 lV

248 4087 314 4161 1,8
340 4081 394 4146 tes
441 4084 496 4164 τὴν
525 4085 705 4148 λευκώλενον
728 4085 778 4148 καὶ
800 4087 1001 4167 καλλίσφυρον
1024 4083 1161 4164 ἐφαίνετο
1184 4083 1235 4158 τὰς
1255 4078 1394 4164 Ὁμήρου.

336 4108 418 4236 bii.
438 4176 605 4237 Macrobius
620 4175 738 4237 Satura.
753 4177 797 4236 VI
818 4181 846 4252 1,
865 4180 906 4239 43
923 4174 1068 4238 ‘Lucilius
1083 4168 1251 4257 (Parisinus
1265 4167 1394 4257 155155)

245 4266 278 4323 15
306 4266 431 4339 55511155
459 4265 573 4326 decimo
601 4261 735 4346 “magna
757 4263 984 4327 ...homini'’.’
1036 4267 1127 4326 Recte
1159 4267 1283 4341 ponitur
1314 4264 1395 4340 apud

246 4352 428 4412 Macrobium
461 4353 629 4433 Vergilium
667 4355 818 4417 imitatum
850 4375 913 4417 5555
946 4374 1013 4415 5551
1042 4356 1154 4416 55111151
1185 4355 1259 4414 Aen.
1278 4354 1306 4411 V
1330 4355 1393 4414 422

247 4437 369 4522 ‘Magna
407 4460 475 4503 ossa
509 4444 695 4522 lacertosque
731 4441 833 4505 Exuit’
870 4445 980 4505 Lucilii
1017 4445 1094 4504 hunc
1131 4463 1251 4505 uersum
1288 4443 1395 4520 115551-
