3060 5010
592 365 656 424 xlv
675 386 701 424 u.
721 371 871 425 ars-rar.
1252 364 1313 433 177

254 525 337 599 478.
360 539 476 600 Nonius
499 558 534 598 ex
557 540 752 618 grammatico
775 560 804 617 p.
820 541 894 615 220,
914 541 955 600 20
976 533 1135 614 ‘Prosecta,
1153 541 1222 599 exta
1239 558 1316 616 quae

165 630 225 687 aris
263 627 374 687 dentur
410 647 444 688 ex
480 628 563 690 fibris
599 629 745 705 pecudum
781 629 923 702 dimscta,
959 630 1030 688 suut
1060 629 1177 706 generis
1209 631 1316 688 neutri.

166 716 378 777 ...feminino
393 716 525 779 Lucilius
544 717 596 778 lib.
615 718 704 777 XIIII
733 713 860 778 “cenam
878 718 983 795 iuquin
1005 709 1064 799 (ita
1083 718 1125 776 L:
1148 719 1248 794 inquit
1272 714 1315 797 G)
1392 797 1395 800 .

227 810 392 880 prosectom
414 801 542 868 ullam’'.
582 807 679 868 Varro
698 806 793 887 ertip}
812 807 984 867 diuinarum
1007 807 1058 866 lib.
1073 805 1116 866 XI
1136 801 1316 883 “prosiciem

165 899 303 955 extorum
330 896 378 955 uel
405 899 437 956 in
465 916 598 958 mensam
625 893 815 974 porricere'’.’
864 895 986 972 (lenam,
1018 898 1171 973 inquisue,
1202 896 1317 955 nullam

165 1005 261 1061 usque
279 984 350 1045 diuo
368 988 526 1063 prosiciem
544 987 638 1048 ullam
657 987 720 1047 lieri
734 987 866 1047 fremunt
879 984 1002 1047 omnes?
1038 986 1128 1045 Recte
1143 1006 1159 1045 e
1172 985 1317 1045 Varronis

165 1074 265 1134 uerbis
287 1078 444 1149 prosiciem
472 1077 607 1137 restituit
634 1075 776 1156 Scaliger.
821 1076 901 1136 Nem
925 1080 1058 1151 prosectu
1081 1074 1161 1152 quod
1183 1075 1317 1135 seruauit

166 1164 365 1224 Baehrensius
387 1166 460 1225 ferri
482 1166 531 1227 hic
553 1168 667 1243 nequit,
690 1170 720 1225 et
739 1165 820 1244 quod
839 1166 1038 1243 spondeiazon
1056 1164 1179 1225 offendit
1197 1164 1318 1242 etquis.

165 1254 283 1314 Nonius
319 1255 436 1332 generis
472 1257 571 1315 neutri
603 1258 634 1316 et
668 1255 827 1333 pluraliter
858 1254 917 1315 dici
949 1254 1031 1315 istud
1063 1255 1193 1314 testatur
1224 1253 1317 1332 Macri

167 1343 301 1420 exemplo
325 1343 418 1404 allato
442 1339 581 1405 ‘Vulcani
605 1347 685 1407 toste
708 1365 819 1423 uapore
844 1363 910 1404 cum
932 1347 1024 1423 uirgis
1042 1347 1178 1421 prosecta
1196 1338 1317 1403 ferunt'.

127 1485 131 1490 .
167 1434 295 1510 Appisu.
323 1432 399 1492 Iber.
429 1434 470 1493 85
503 1431 602 1495 ἐλθὼν
640 1431 673 1495 δὲ
704 1431 852 1516 ἐμπόρους
887 1456 917 1494 τε
946 1432 1059 1505 πάντας
1097 1431 1237 1511 ἐξήλαυνε
1267 1430 1318 1493 καὶ

168 1519 284 1603 ἑταίρας
301 1519 351 1583 καί
370 1521 489 1603 μάντεις
506 1521 556 1583 καί
574 1522 680 1601 θύτας,
699 1516 744 1597 οἷς
762 1522 812 1584 διὰ
830 1520 882 1597 τὰς
900 1521 1082 1603 δυσπραξίας
1100 1522 1132 1583 ol
1147 1530 1318 1602 στρατιῶται

167 1610 309 1692 περιδεεῖς
331 1610 481 1692 γεγονότες
504 1610 628 1692 ἐχρῶντο
653 1622 793 1694 συνεχῶς·
817 1611 847 1687 ἔς
869 1634 898 1673 τε
921 1612 954 1674 τὸ
973 1609 1078 1691 μέλλον
1100 1609 1205 1672 ἀντεῖπε
1224 1607 1318 1690 μηδὲν

167 1697 345 1781 ἐσφέρεσθαι
373 1709 432 1762 τῶν
459 1710 621 1781 περισσῶν,
648 1699 723 1782 μηδὲ
753 1702 859 1783 ίερεῖον
882 1700 912 1774 ἐς
939 1701 1079 1781 μαντείαν
1108 1698 1318 1780 πεποιημένον.

168 1790 278 1869 Agitur
314 1791 350 1850 de
386 1791 531 1852 eiusmodi
566 1793 667 1852 bostis
706 1793 825 1868 qualem
863 1792 1001 1853 immolat
1036 1791 1103 1851 leno
1140 1789 1178 1851 ad
1215 1791 1319 1851 futura

167 1880 371 1958 cognoscenda
394 1879 491 1940 Plaut
510 1880 598 1943 Poen.
618 1883 681 1942 453
708 1876 769 1943 ‘sex
792 1882 948 1942 immolani
971 1899 1063 1960 agnos
1090 1926 1150 1939 ...
1178 1882 1319 1957 quoniam

168 1969 256 2029 litere
282 1988 404 2047 nequeo,
432 1970 494 2030 abii
516 1972 594 2031 illim
617 1970 686 2032 ilico
710 1973 818 2046 iratus,
845 1972 931 2032 notui
954 1975 1019 2032 eata
1037 1965 1228 2045 prosicorier'
1254 1970 1318 2028 463

170 2055 327 2138 ‘condigne
353 2060 514 2138 haruspex,
544 2079 603 2120 non
629 2060 718 2122 homo
745 2060 880 2137 trioboli,
910 2059 1047 2121 omnibus
1073 2062 1105 2120 in
1133 2061 1209 2119 extis
1237 2060 1320 2118 aibat

168 2148 307 2226 portendi
336 2148 410 2209 mibi
437 2150 551 2210 malum
573 2150 773 2228 damnumque
796 2154 827 2211 et
849 2150 918 2211 deos
941 2168 1005 2210 esse
1028 2149 1121 2210 iratos
1144 2142 1230 2209 mibi'
1254 2149 1318 2207 468

170 2234 233 2299 ‘sed
262 2257 387 2316 quaeso,
420 2239 470 2299 ubi
502 2259 572 2300 nam
604 2240 668 2300 illic
697 2240 809 2301 restitit
838 2240 923 2300 miles
954 2238 1118 2300 modo
1149 2258 1237 2315 quem
1264 2256 1319 2316 ego

170 2329 276 2388 uocaui
299 2328 338 2388 ad
360 2325 555 2405 prandium?’
603 2321 783 2410 (Ruc130.
810 2321 896 2411 142).
942 2329 1007 2389 Hoc
1035 2327 1193 2405 prandium
1217 2347 1320 2388 cenam

169 2417 305 2495 appellat
317 2417 449 2478 Lucilius
464 2411 702 2501 (Marquurdtius
715 2419 916 2479 Mommsenus
931 2419 1040 2478 encbIr.
1055 2417 1170 2494 antiqu.
1185 2437 1213 2494 p.
1228 2418 1263 2476 R.
1276 2416 1321 2475 Vl

173 2500 288 2586 [1885]
313 2527 341 2583 p.
358 2501 445 2590 183).
470 2540 511 2551 -
535 2508 654 2583 Inquin,
677 2512 713 2568 ut
734 2509 849 2586 pergin,
871 2509 943 2583 scin,
967 2507 1066 2567 audin.

260 2585 344 2656 474.
367 2597 483 2658 Nouius
511 2616 546 2655 ex
577 2597 694 2657 Lucilio
726 2618 755 2674 p.
782 2599 920 2666 184,17
953 2592 1071 2656 ‘Viscus
1103 2598 1234 2673 positum
1266 2615 1320 2672 pro

171 2687 283 2746 uiscere
306 2679 435 2767 (uiscera
463 2682 696 2770 Lachmannus).
746 2687 901 2747 Lucretius
928 2685 979 2745 lib.
997 2686 1014 2745 Ι
1033 2678 1128 2768 (837)
1158 2684 1321 2745 uisceribus

170 2778 269 2835 uiscus
297 2777 383 2855 gigni
408 2794 602 2854 sanguenque
624 2777 719 2837 creari
738 2776 941 2837 ...Lucilius
968 2778 1139 2852 satyramm
1161 2774 1213 2834 lib.
1232 2774 1321 2832 xnn

171 2860 264 2924 “idne
296 2867 377 2940 sepsi
408 2868 455 2926 est
550 2860 673 2944 largi'’.'
719 2865 803 2926 Idem
836 2885 871 2926 ex
903 2866 1099 2943 gemmetico
1127 2884 1156 2941 p.
1175 2865 1255 2938 470,
1278 2865 1320 2922 24

172 2950 276 3033 ‘Largi
298 2974 352 3031 pro
374 2955 494 3034 largire.
540 2955 674 3015 Lucilius
702 2955 753 3017 lib.
768 2955 858 3014 XIIII
882 2950 986 3032 “quod
1009 2953 1106 3013 uiscus
1126 2999 1132 3011 .
1149 2999 1154 3010 .
1171 2999 1176 3010 .
1196 2948 1320 3030 largi''.'

171 3043 380 3105 Gratissimum
399 3046 533 3105 fecerunt
551 3049 581 3105 et
599 3045 714 3106 Nonius
732 3045 813 3121 quod
832 3064 861 3104 u.
881 3046 945 3104 475
969 3044 1016 3104 bis
1035 3043 1140 3104 attulit
1158 3047 1188 3102 et
1205 3042 1321 3102 librarii

172 3133 251 3210 quod
283 3135 368 3195 nulla
398 3137 431 3194 iu
458 3154 492 3194 eo
520 3136 685 3212 scripturae
713 3137 795 3195 extat
822 3133 1036 3212 discrepantia:
1067 3131 1145 3192 unde
1177 3152 1230 3193 suo
1257 3134 1321 3192 iure

171 3223 369 3285 buechelerus
396 3224 839 3286 archiu.lex.Lst.III1886
870 3245 899 3300 p.
916 3225 978 3283 145
1003 3223 1151 3297 lapicidas
1172 3241 1227 3300 pro
1250 3240 1322 3281 sns-

171 3316 275 3391 paesto
307 3316 438 3390 positum
466 3333 528 3375 esse
556 3315 665 3375 statuit
691 3315 781 3374 monti
809 3314 900 3393 uulgo
927 3314 1071 3388 είςιιιάενε
1097 3312 1169 3389 poni
1196 3314 1321 3372 constat.
1347 3377 1355 3392 ,

171 3401 214 3462 at
245 3405 393 3463 sententia
420 3423 561 3464 uersuum
593 3404 667 3465 satis
700 3407 746 3464 est
773 3404 906 3464 obscura.
961 3400 1096 3463 Contulit
1125 3401 1323 3461 Buecheler-us

171 3491 442 3553 l.s.Pers.V148
468 3488 534 3554 ‘Dis
556 3494 659 3573 igitur,
682 3495 828 3572 genioque
858 3492 941 3553 ducis
964 3495 1083 3552 centum
1107 3492 1193 3568 paria
1215 3490 1253 3551 ob
1276 3509 1322 3550 res

172 3584 290 3661 egregie
318 3585 417 3659 gestas
444 3583 551 3643 induco
570 3629 576 3642 .
593 3628 622 3642 ..
646 3584 745 3643 oleum
767 3587 969 3657 artocreasque
996 3582 1116 3659 popello
1143 3575 1267 3659 largior’
1292 3583 1323 3639 et

173 3670 209 3730 de
231 3670 310 3731 ludis
334 3671 384 3749 agi
407 3673 575 3749 suspicatus
596 3676 650 3748 est,
673 3673 780 3751 quibus
799 3673 1036 3747 mactationem,
1054 3673 1074 3729 i.
1090 3690 1114 3729 e.
1132 3671 1323 3748 largitionem

173 3761 259 3837 panis
283 3763 313 3820 et
335 3763 433 3820 carnis
455 3764 618 3822 coercuerIt
641 3760 756 3838 Scipio,
782 3764 836 3839 qui
862 3762 918 3822 boc
945 3760 1032 3820 modo
1055 3760 1219 3837 interroget
1242 3752 1322 3817 ‘idne

173 3867 261 3927 aegre
293 3854 338 3909 est
369 3850 479 3928 magis,
511 3869 551 3909 au
581 3850 660 3928 quod
686 3870 763 3927 pane
791 3854 822 3911 et
849 3853 962 3911 discere
988 3844 1111 3926 priuo?’
1154 3846 1324 3924 Respondet

174 3938 251 3999 alter
270 3933 367 4007 ‘Quod
385 3940 484 3999 uiscus
502 3941 648 4018 singulari
666 3959 788 3999 numero
807 3940 940 4013 dederas,
957 3939 1014 3998 boc
1032 3941 1078 3998 est
1092 3956 1188 4015 aegre,
1207 3938 1323 3996 uiscera

173 4028 332 4105 pluraliter
353 4023 451 4108 largi’.
494 4028 561 4099 Qua
582 4030 614 4088 in
636 4030 883 4105 interpretatione
902 4027 977 4087 illud
996 4029 1094 4087 minus
1113 4027 1221 4103 placet,
1244 4025 1324 4100 quod

175 4116 275 4194 Scipio
297 4117 386 4178 modo
409 4117 486 4178 dixit
507 4136 570 4178 sese
597 4119 718 4179 omnino
741 4117 861 4194 priuare
883 4119 965 4177 omni
988 4116 1113 4191 uiscere,
1135 4114 1223 4175 modo
1247 4115 1324 4174 alter

174 4206 334 4286 respondet
359 4207 447 4267 illum
474 4209 573 4268 uiscus
600 4206 723 4267 dedisse.
768 4207 875 4282 Itaque
897 4206 934 4267 de
956 4206 1068 4267 ubcere
1091 4204 1270 4266 comedendo
1293 4204 1324 4262 id

174 4300 221 4356 est
250 4296 287 4356 de
319 4297 444 4374 prandio
476 4297 525 4358 uel
557 4316 630 4358 cena
656 4290 770 4379 (Plaut.
792 4296 856 4356 Mil.
882 4298 944 4356 712
973 4296 1123 4373 Amphitr.
1144 4287 1223 4375 968)
1255 4297 1325 4372 post

176 4386 353 4447 sacrificium
374 4387 425 4446 uel
447 4389 516 4447 exta
537 4387 569 4445 in
592 4388 652 4447 aris
674 4388 811 4463 prosecta
833 4386 915 4447 suom
937 4377 1021 4468 (uide
1044 4404 1121 4463 quae
1139 4385 1268 4445 diximus
1286 4384 1325 4444 ud

175 4495 203 4533 u.
219 4469 299 4557 473)
326 4477 427 4552 potius
455 4477 505 4555 agi
532 4475 724 4553 probabilius.
776 4474 858 4537 Seru
878 4475 916 4537 ad
943 4475 1016 4535 Aen.
1038 4474 1082 4534 VI
1106 4475 1169 4534 253
1198 4469 1326 4535 ‘uiscera

229 4585 513 4627 ianuariarum.
541 4587 571 4627 n.
1078 4581 1110 4628 ιτ
