3060 5010
581 363 671 419 XXVI
689 382 716 420 u.
736 370 888 423 666-667.
1246 365 1311 430 243

160 531 413 612 ‘quandoquidem
435 534 554 612 repperi
577 537 694 614 mugnis
718 534 927 596 combibonum
950 553 983 594 ex
1007 536 1100 612 copiis
1123 536 1172 595 uel
1199 555 1309 612 paucos

158 626 207 685 uel
229 626 355 700 nullum,
379 627 431 701 qui
454 627 542 684 amici
565 625 664 685 offido
683 626 769 704 fungi
787 627 828 686 sit
845 619 990 701 paratus’.
1026 623 1213 684 Vocabulum
1231 644 1309 685 com·

159 714 229 773 bibo
248 717 267 774 i.
287 735 311 775 e.
330 712 484 793 συμπότης
507 714 651 775 Graecum
675 734 710 774 ex
732 715 788 774 hoc
810 734 899 775 uersu
924 713 1084 791 sumpsisse
1111 714 1231 774 uidetur
1257 715 1307 791 qui

159 804 239 864 solus
268 823 302 864 eo
329 806 426 864 utitur
454 803 513 863 (lic.
533 806 618 879 epist
637 804 680 863 IX
700 805 794 880 25,2
829 799 873 863 ‘in
903 805 942 863 iis
974 805 1198 878 controuersiis,
1235 823 1310 880 quas

158 892 252 953 habeo
280 913 348 953 cum
378 896 439 954 tuis
470 893 696 954 combibonibus
724 889 896 970 Epicuriis'.
922 894 1049 971 —Ego
1081 894 1212 971 recipere
1244 912 1309 954 sum

159 1001 248 1043 ausus
271 984 436 1060 perfeetum
459 986 585 1058 repperti
609 983 688 1060 quod
711 983 830 1045 disertis
852 982 951 1044 uerbis
973 984 1054 1043 inter
1071 984 1177 1043 similis
1197 984 1310 1043 formae

158 1075 292 1149 perfecta
313 1075 400 1150 ponit
418 1072 576 1133 Diomedes
596 1072 646 1132 GL
664 1074 680 1132 Ι
698 1094 726 1150 ρ,
748 1076 821 1149 371,
842 1072 899 1132 1Κ
921 1068 1043 1149 ‘sepelio
1062 1073 1186 1150 sepeliui
1205 1073 1310 1150 sepelii

158 1164 274 1239 reperio
306 1164 436 1239 reperiui
467 1166 499 1223 et
529 1165 639 1240 reperii
671 1155 736 1244 (ubi
753 1160 783 1221 A
815 1165 951 1240 repperio
983 1165 1135 1240 repperiui
1165 1155 1308 1243 repergii)

159 1254 294 1329 parturio
322 1254 471 1329 parturiui
499 1257 529 1312 et
560 1248 710 1329 parturii'.
760 1253 805 1311 De
838 1254 987 1312 sententia
1019 1253 1090 1311 conf
1113 1252 1310 1311 Menandrum

162 1340 237 1400 GAF
255 1341 302 1400 ΙΠ
320 1361 350 1418 p.
371 1344 444 1418 169,
464 1342 566 1402 554Κ
589 1339 645 1402 οὐκ
663 1338 695 1401 ἔκ
713 1339 812 1402 πότων
830 1339 880 1401 καὶ
898 1349 951 1419 τῆς
969 1335 1042 1400 καθ’
1063 1336 1176 1421 ἡμέραν
1193 1349 1310 1421 τρυφῆς

159 1431 303 1509 ζητοῦμεν
330 1417 354 1514 ᾧ
378 1430 571 1509 πιστεύσομεν
602 1429 637 1491 τὰ
668 1439 721 1491 τοῦ
752 1431 836 1510 βίου,
868 1430 972 1510 τιάτερς
1005 1429 1041 1491 οὐ
1072 1428 1206 1511 περιττὸν
1238 1425 1307 1491 οἴετ’

160 1516 345 1600 ἐξευρηκέναι
363 1518 481 1601 ἀγαθὸν
500 1517 631 1600 ἕκαστος,
654 1518 692 1580 ἂν
711 1519 760 1606 ἔχῃ
779 1520 869 1598 φίλου
888 1518 989 1592 σιιιάνς
1012 1520 1058 1578 Ι)ε
1077 1521 1308 1595 quandoquidem

158 1611 325 1686 particulae
339 1613 492 1671 scansione
506 1612 578 1670 conf
588 1611 722 1671 Bakerus
737 1608 828 1671 Glass.
838 1629 899 1670 reu.
909 1609 997 1669 XVII
1008 1611 1093 1671 1903
1108 1630 1137 1686 p.
1154 1611 1216 1670 313
1227 1629 1309 1687 seqq.

249 1694 333 1762 666.
356 1701 473 1761 Nouius
491 1721 520 1777 p.
540 1703 592 1777 97,
612 1704 651 1760 11
679 1695 816 1760 ‘Difflare
837 1704 883 1760 est
900 1699 975 1760 llatu
994 1698 1191 1760 disturbare..
1208 1747 1213 1759 .
1230 1699 1309 1759 :Lu-

160 1789 246 1849 cilius
269 1789 326 1848 lib.
339 1790 439 1850 XXVI
462 1786 556 1867 “pars
576 1838 581 1849 .
598 1838 604 1849 .
621 1838 626 1848 .
645 1784 802 1869 frigore”.'
850 1789 1050 1866 Conqueritur
1073 1789 1205 1850 Lucilius
1231 1791 1309 1868 agri·

161 1881 226 1938 cola
249 1883 280 1938 et
301 1879 502 1941 uindemietor
525 1880 560 1940 de
584 1879 700 1940 casibus
723 1880 805 1940 uitae
827 1881 970 1940 rusticae:
993 1897 1063 1956 pars
1085 1879 1194 1956 segetis
1213 1878 1309 1939 diffla-

159 1973 210 2028 tur
228 1987 316 2045 saepe
334 1973 521 2047 tempestate,
539 1988 609 2047 pars
627 1970 726 2028 uritur
744 1968 891 2049 gelicidio.
928 1969 1012 2028 Aret.
1035 1969 1118 2029 1086
1139 1965 1201 2028 ἐπεὶ
1220 1966 1310 2049 μέγας

159 2057 195 2118 οὐ
218 2056 292 2118 κατὰ
314 2056 427 2137 κόσμον
449 2059 559 2140 γίνεται
582 2055 649 2119 οὔτε
673 2063 780 2137 φυτοῖς
807 2055 915 2138 χειμὼν
942 2057 1030 2135 φίλος
1058 2051 1120 2117 οὔτ’
1150 2054 1310 2140 ἀρότοισιν,

160 2144 232 2207 ἀλλὰ
255 2145 326 2228 χιὼν
349 2148 394 2227 εἴη
418 2147 512 2228 πολλὴ
537 2148 675 2229 μεγάλαις
698 2141 745 2208 ἐπ’
770 2145 912 2230 ἀρούραις
935 2146 1024 2225 μήτε)
1050 2143 1207 2231 κεκριμένρ
1235 2143 1310 2226 μηδὲ

159 2237 284 2322 βλωθρῄ
303 2235 351 2297 ἐπὶ
369 2238 441 2323 ποίῃ
461 2231 582 2320 (Auien.
600 2239 686 2298 Aret.
709 2231 823 2319 1810);
842 2236 929 2296 Ouid.
947 2238 1016 2297 fast.
1035 2237 1051 2295 I
1070 2238 1133 2297 679
1157 2233 1222 2297 ‘uos
1241 2237 1310 2297 date

158 2329 317 2403 perpetuos
340 2329 450 2389 teneris
473 2328 654 2387 sementibus
677 2330 795 2402 auctus,
823 2346 877 2387 nec
899 2345 979 2386 noue
1000 2346 1054 2403 per
1076 2326 1191 2404 gelidas
1218 2326 1310 2386 herba

159 2417 200 2476 sit
214 2419 283 2476 usta
297 2414 392 2477 niues’
409 2416 522 2477 Colum.
536 2417 584 2477 ΙΠ
600 2417 702 2476 lmed.
719 2412 917 2493 ‘exploratum
930 2418 1031 2475 tamen
1044 2414 1168 2475 habebit
1180 2416 1310 2493 prudens

159 2507 291 2584 agricola
314 2526 407 2585 genus
430 2508 503 2566 uitis
525 2507 625 2567 habile
648 2524 763 2582 campo,
786 2505 866 2581 quod
888 2504 1011 2564 nebulas
1030 2506 1227 2582 pruinamque
1246 2505 1310 2565 sine

161 2614 239 2655 noxa
253 2598 378 2673 perfert:
397 2597 475 2672 colli,
495 2596 575 2673 quod
589 2598 755 2657 siccitatem
768 2598 932 2671 uentosque
950 2588 1077 2671 petitur'
1100 2593 1187 2654 Lucr.
1202 2594 1229 2649 V
1245 2595 1308 2653 215

161 2680 226 2745 ‘aut
253 2687 353 2746 nimiis
380 2690 475 2746 torret
502 2685 668 2746 feruoribus
695 2685 845 2745 aetherius
873 2686 918 2744 sol
946 2687 1000 2743 aut
1031 2683 1123 2743 subiti
1154 2688 1310 2760 peremunt

159 2775 263 2835 imbris
290 2775 465 2854 gelidaeque
495 2775 620 2853 pruinae
652 2774 805 2850 flabraque
836 2775 993 2833 uentomm
1025 2772 1159 2833 uiolento
1191 2772 1310 2833 turbine

158 2860 289 2924 uexant'.

249 2948 334 3016 667.
357 2955 473 3013 Nonius
496 2975 524 3032 p.
546 2955 655 3029 521‚1
689 2950 883 3012 ‘Prouentum
910 2954 1002 3012 etiam
1031 2953 1178 3011 malarum
1210 2972 1309 3012 rerum

159 3045 219 3104 dici
246 3048 360 3105 ueteres
389 3045 556 3104 uoluerunt.
607 3044 740 3103 Lucilius
767 3043 818 3102 lib.
837 3042 937 3101 XXVI
969 3036 1121 3118 “denique
1149 3039 1207 3124 (sic
1238 3042 1308 3102 edit.

159 3136 266 3210 princ:
298 3135 366 3194 dein
397 3152 472 3209 ρασα
499 3128 585 3213 codd)
611 3181 616 3192 .
638 3181 643 3192 .
664 3181 670 3192 .
693 3127 818 3192 male”.'
868 3133 1029 3191 Proceoire
1057 3131 1129 3207 quid
1156 3134 1197 3191 sit
1223 3131 1310 3191 docet

160 3222 319 3285 Lorenzius
343 3224 380 3283 ed
403 3223 500 3283 Plaut.
521 3224 692 3283 mostell
718 3218 833 3282 ‘uerum
860 3221 892 3281 id
918 3220 1081 3280 uidendum
1108 3224 1166 3296 est,
1192 3220 1224 3280 id
1251 3221 1311 3280 uiri

159 3313 240 3373 docti
264 3316 309 3374 est
331 3331 420 3391 opus,
447 3333 523 3391 quae
547 3312 702 3391 designata
726 3313 788 3372 sint
810 3313 841 3371 et
863 3312 945 3371 facta
971 3312 1121 3388 nequiter,
1147 3311 1309 3388 tranquille

160 3406 267 3463 cuncta
290 3408 321 3463 et
343 3407 378 3463 ut
400 3405 581 3480 proueniant
603 3405 666 3463 eine
693 3401 787 3476 malo,
814 3421 851 3460 ne
879 3400 952 3477 quid
978 3400 1126 3477 potiatur,
1153 3421 1243 3478 quam
1272 3400 1309 3460 ob

159 3512 222 3552 rem
249 3494 352 3572 pigeat
383 3489 497 3553 uiuere’
536 3493 612 3553 Men.
633 3493 696 3553 964
726 3487 828 3550 ‘nimis
859 3492 1039 3567 prouentum
1069 3493 1116 3551 est
1146 3485 1309 3567 nequiter’:

160 3583 238 3641 unde
257 3585 382 3660 apparet
401 3578 593 3660 ‘proueniunt
610 3577 699 3641 male’
719 3582 799 3641 idem
816 3581 878 3640 fere
895 3600 957 3642 esse
972 3584 1063 3657 atque
1077 3574 1166 3640 ‘male
1180 3575 1310 3654 cedunt',

161 3666 254 3731 ‘mala
278 3671 355 3731 fiunt
376 3673 493 3732 ratione
517 3675 548 3732 et
569 3666 728 3749 improba'.
773 3669 923 3748 Loquitur
949 3689 1009 3730 non
1036 3670 1230 3743 decumanus,
1258 3669 1309 3727 sed

159 3778 311 3836 possessor
337 3761 482 3839 Lucilius,
511 3764 563 3838 qui
590 3764 728 3838 queritur
754 3760 791 3819 de
817 3760 936 3820 iniuriis
964 3759 1206 3820 decumanorum:
1239 3777 1309 3817 nam

159 3850 237 3909 mole
258 3868 303 3910 οιο
326 3853 473 3924 accipiunt
495 3852 635 3920 destruas,
658 3852 677 3911 i
697 3870 721 3909 e.
745 3852 857 3909 uexant
883 3850 1036 3909 dominum
1062 3846 1251 3925 praediorum
1279 3851 1310 3906 et

159 3941 292 3998 irritant:
317 3937 376 3998 Cic.
395 3940 427 3997 in
441 3940 525 4000 Verr.
544 3943 601 4000 act.
620 3941 651 3999 H
668 3939 719 3998 lib.
738 3940 754 3998 Ι
775 3940 838 3999 140
858 3934 947 3998 ‘male
967 3939 1077 4013 accipit
1094 3935 1192 3996 uerbis
1208 3935 1309 3996 Habo-

160 4024 254 4088 nium’
279 4029 376 4088 Plaut.
395 4030 463 4088 Aul.
485 4030 549 4089 630
578 4024 645 4107 ‘ego
671 4030 723 4105 pol
751 4031 794 4103 te,
826 4029 1068 4105 praestrigiator,
1100 4026 1216 4085 miseris
1247 4027 1310 4086 iam

161 4119 306 4196 accipiam
329 4114 445 4178 modis’.
490 4119 526 4177 In
549 4118 636 4178 rebus
659 4119 737 4177 male
759 4119 901 4191 accipere,
929 4118 997 4176 bene
1020 4117 1149 4190 οσοὶριτσ
1171 4116 1310 4175 similiter

160 4211 250 4285 atque
269 4208 402 4268 Lucilius
425 4211 551 4287 usurpat
572 4209 686 4268 Musoio
709 4207 761 4267 ille
778 4206 910 4266 medicus
928 4208 981 4282 qui
998 4206 1118 4284 uulgari
1137 4205 1233 4265 utitur
1250 4224 1309 4266 ser-

159 4317 259 4358 mone:
282 4300 354 4358 eonf
374 4297 482 4358 Sorani
505 4296 723 4376 Gynaeciorum
750 4299 837 4356 uetus
864 4297 968 4356 transl.
990 4295 1100 4355 Latina
1122 4295 1159 4355 ed
1176 4294 1213 4354 V.
1232 4295 1310 4357 Rosa

159 4387 240 4465 Lips.
258 4391 342 4448 1882
363 4407 426 4466 cap.
443 4391 482 4448 91
505 4384 670 4458 ‘Quomodo
689 4387 763 4446 dicis
781 4388 813 4446 in
831 4387 980 4463 principio
998 4386 1146 4445 infantem
1164 4385 1243 4445 male
1261 4405 1309 4446 ac-

161 4479 229 4557 cipi,
245 4478 323 4540 ...si
336 4480 438 4538 nutrix
452 4481 515 4539 eius
529 4480 634 4538 uinum
648 4479 775 4538 multum
790 4476 875 4536 bibat
890 4524 896 4537 .
912 4524 918 4536 .
935 4474 962 4536 .?
976 4477 1019 4537 sie
1034 4523 1040 4535 .
1057 4523 1062 4535 .
1079 4523 1085 4534 .
1100 4475 1309 4537 malleolus...

1043 4574 1095 4631 16·
