3030 5002
225 362 270 432 20
704 364 857 428 ,Insa

225 540 320 615 ptuno
344 540 399 598 aut
420 538 458 597 ab
481 537 621 615 Apolline
644 537 696 615 qui
719 537 799 598 dieat
826 537 976 599 Romanos
993 536 1103 597 multos
1122 537 1243 614 quidem
1260 536 1323 599 dies
1342 542 1373 599 et

225 646 354 704 menses,
385 647 444 689 non
476 630 577 687 tamen
608 647 662 704 per
693 631 789 688 totam
820 629 916 690 uitam
942 629 1020 687 hanc
1046 630 1255 705 tempestatem
1282 648 1372 705 quam

224 721 348 796 propter
373 718 487 777 iniusta
514 716 591 794 Lupi
619 717 730 777 iudicia
756 719 942 778 immissurus
968 717 1020 775 ille
1047 719 1088 777 sit
1116 719 1276 779 miraturos
1300 737 1371 780 esse.

225 805 368 883 Oportere
395 808 517 883 insuper
543 807 657 866 malum
683 805 811 866 iudicem
838 808 915 866 male
943 806 1053 884 perire,
1085 809 1120 865 ut
1146 807 1268 866 deorum
1295 810 1373 867 iram

225 896 304 956 clare
325 899 450 956 cernant
466 896 608 956 homines.
649 895 814 956 Mittuntur
831 898 910 956 enim
929 915 948 955 a
965 895 1038 955 Ioue
1057 898 1250 972 tempestates
1269 890 1371 978 (Hom.

225 985 256 1043 M
276 985 339 1044 253
360 985 474 1044 11365
493 984 564 1044 Hor.
584 984 740 1044 carmll
764 984 920 1062 inscriptio
938 983 1055 1044 Notinie
1074 983 1101 1042 d.
1121 1003 1159 1045 sc.
1181 986 1263 1044 1891
1284 1006 1313 1063 p.
1329 988 1370 1046 21

226 1069 318 1133 ‘Iouis
350 1065 560 1155 Tempestati')
597 1076 689 1150 atque
725 1077 845 1151 poetam
881 1074 954 1134 haec
990 1076 1035 1135 ita
1070 1076 1268 1151 composuisse
1298 1080 1372 1153 puto

225 1182 384 1223 memorem
416 1162 539 1223 Homeri
571 1164 606 1221 Π
625 1164 689 1223 384
712 1182 793 1241 seqq.
832 1164 882 1223 ubi
914 1163 950 1223 de
981 1165 1159 1239 tempestate
1192 1164 1229 1224 ob
1260 1165 1372 1226 iudices

224 1251 375 1328 improbos
399 1270 417 1311 a
439 1253 510 1313 Ioue
533 1254 611 1313 irato
633 1255 781 1313 immissa:

357 1373 398 1450 ὡς
421 1369 449 1437 δ’
465 1374 525 1437 ὑπὸ
547 1376 665 1437 λαίλαπι
688 1386 767 1437 πᾶσα
790 1375 911 1456 κελαινὴ
934 1375 1056 1458 βέβριθε
1079 1378 1163 1459 χθών

358 1459 442 1544 ἤματ’
467 1462 616 1550 ὀπωρινῷ,
638 1464 684 1527 ὅτε
707 1465 887 1548 λαβρότατον
909 1465 965 1547 χέει
987 1466 1068 1548 ὕδωρ

359 1554 445 1633 Ζεύς,
467 1552 513 1615 ὅτε
537 1554 575 1633 δή
598 1548 627 1636 β’
651 1551 789 1637 ἄνδρεσσι
811 1557 1022 1635 κοτεσσάμενος
1045 1557 1204 1641 χαλεπήνῃ,

358 1645 389 1704 οἳ
409 1644 461 1726 βίῃ
484 1642 539 1704 sle
561 1641 673 1732 ἀγορῇ
696 1644 840 1718 σκολιὰς
862 1645 1011 1726 κρίνωσι
1034 1643 1223 1725 θέμιστας,

358 1730 389 1792 έκ
413 1729 445 1793 δέ
468 1732 557 1811 δίκην
579 1732 712 1804 ἐλάσωσι,
734 1739 816 1795 θεῶν
839 1732 909 1795 ὄπιν
932 1734 987 1796 οὐκ
1009 1731 1161 1815 ἀλέγοντες

224 1895 248 1935 e.
263 1895 290 1952 q.
305 1893 327 1935 s.
347 1876 419 1935 cons
436 1875 551 1936 Gallim.
566 1845 666 1953 liymn.
680 1878 712 1936 in
727 1877 788 1937 Iou.
805 1881 855 1939 81.
889 1876 985 1937 Plaut.
996 1877 1071 1936 Rud.
1082 1878 1155 1954 prol.
1169 1879 1208 1937 15
1223 1877 1372 1937 Prellerus

224 1965 371 2025 Robertus
394 1965 430 2024 de
454 1963 504 2024 Gr.
518 1967 642 2042 mythol.
658 1966 673 2025 Ι
691 1987 718 2043 p.
737 1968 807 2026 150.
850 1965 931 2037 Quae
955 1969 1077 2026 sirecte
1095 1969 1215 2042 conieci,
1239 1967 1372 2043 aliquem

224 2057 432 2131 tempestatem
461 2075 538 2132 quae
565 2056 645 2115 intra
671 2076 783 2115 annum
810 2059 966 2116 exeuntem
993 2050 1075 2134 626j
1080 2058 1141 2116 128
1172 2059 1202 2114 et
1225 2076 1278 2116 uer
1300 2059 1371 2116 anni

225 2139 374 2223 6291125
407 2145 552 2222 populum
578 2148 725 2204 terruerat
751 2144 919 2205 Romanum
950 2146 1112 2223 respexisse
1144 2145 1294 2220 putandus
1326 2150 1372 2206 est

223 2233 356 2293 Lucilius
388 2237 479 2309 atque
506 2234 718 2310 interpretatus
747 2252 809 2294 esse
837 2254 872 2294 ea
899 2237 1015 2294 ratione
1043 2253 1102 2311 qua
1130 2233 1189 2294 Cic.
1204 2235 1243 2293 ad
1271 2234 1370 2305 Quint.

224 2325 259 2380 lr.
273 2322 320 2381 111
341 2325 358 2381 7
383 2325 591 2399 tempestatem
615 2341 693 2382 anno
718 2319 843 2403 700s54
868 2327 1001 2383 coortam
1023 2323 1166 2383 scribens:
1194 2320 1318 2383 ‘Romae
1341 2328 1372 2384 et

223 2414 350 2471 maxime
378 2412 478 2489 Appia
506 2412 546 2471 ad
572 2411 678 2471 Martis
705 2413 782 2470 mira
809 2413 944 2473 alluuiss.
996 2411 1177 2490 Crassipedis
1205 2413 1371 2473 ambulatio

224 2500 338 2578 ablata,
370 2502 464 2576 horti,
496 2500 637 2560 tabernae
669 2502 830 2578 plurimae:
862 2521 972 2581 magna
1004 2503 1050 2561 uis
1082 2521 1176 2577 aquae
1208 2522 1302 2579 usque
1331 2503 1371 2562 ad

224 2592 368 2667 piscinam
400 2591 559 2668 publicam.
615 2590 706 2669 Viget
741 2590 816 2650 illud
848 2590 985 2652 Homeri:
1020 2584 1109 2668 ἤματ’
1143 2587 1280 2676 ὀπωρινῷ

223 2678 381 2764 χαλεπήνῃ.
429 2679 518 2739 cadit
545 2679 624 2738 enim
651 2682 683 2739 in
712 2679 930 2740 absolutionem
957 2679 1092 2739 Gabinii:
1122 2679 1156 2740 οῗ
1173 2679 1246 2764 βίῃ.
1262 2728 1268 2740 .
1285 2729 1290 2740 .
1305 2678 1370 2742 ἀλέ-

223 2762 341 2849 γονιεξ.
396 2768 503 2829 Dicere
541 2772 663 2845 poetam
694 2773 806 2830 certam
837 2771 970 2847 aliquam
1002 2771 1209 2845 tempestatem
1242 2769 1371 2831 efficitur

224 2876 291 2917 cum
318 2858 401 2933 inde,
428 2858 508 2934 quod
534 2859 591 2918 hoo
618 2859 643 2918 si
671 2862 814 2920 sumimus
841 2861 951 2919 mirum
979 2861 1124 2934 quantum
1153 2860 1237 2936 uiget
1258 2863 1371 2936 satura,

222 2951 287 3006 tum
327 2949 403 3007 lanc
443 2950 617 3023 pronomine
659 2950 804 3025 apposito.
863 2948 944 3008 Bene
985 2950 1125 3027 congruit
1160 2947 1239 3023 quod
1274 2948 1370 3010 Iulius

223 3033 395 3111 Obsequens
419 3038 460 3095 29
486 3029 558 3117 (89)
581 3038 674 3097 refert
696 3036 735 3097 ad
758 3057 867 3096 annum
892 3032 1039 3116 628s126
1059 3037 1097 3095 M.
1113 3037 1242 3097 Aemilio
1260 3035 1292 3096 L.
1308 3037 1370 3097 Au-

222 3125 297 3183 relio
334 3143 420 3186 coss:
457 3120 624 3185 ‘Nocturna
655 3129 833 3202 tempestate
867 3127 899 3185 in
926 3124 1075 3204 Capitolio
1108 3127 1225 3202 aliquot
1256 3128 1371 3204 templa

222 3231 364 3272 concussa
391 3216 468 3273 sunt.
514 3213 626 3273 Romae
654 3218 685 3274 et
712 3215 790 3273 circa
817 3215 941 3274 fulmine
968 3215 1110 3292 pleraque
1143 3215 1258 3275 deiecta
1287 3213 1369 3276 sunt'

222 3293 305 3382 (uide
324 3302 455 3382 prolegg.
471 3324 499 3380 p.
509 3294 584 3383 XL).
621 3303 729 3380 Itaque
747 3305 803 3364 hoc
822 3325 898 3365 anno
917 3305 1075 3364 concilium
1093 3305 1215 3365 deorum
1232 3305 1371 3365 habitum

221 3390 340 3451 finxisse
363 3395 482 3468 poetam
505 3392 623 3470 colligo,
646 3394 678 3451 in
702 3413 761 3470 quo
785 3393 969 3454 decreuerint
992 3399 1022 3454 et
1046 3395 1223 3471 tempestate
1246 3396 1372 3455 inmissa

222 3479 369 3539 declarari
406 3485 542 3557 oportere
578 3484 654 3541 irem
691 3482 814 3542 deorum
845 3484 877 3541 in
908 3483 1021 3542 malum
1052 3483 1181 3543 iudicem
1214 3488 1244 3543 et
1275 3485 1371 3562 ipsius

94 3618 98 3626 .
221 3572 317 3628 morte
340 3572 452 3629 satiari.
494 3570 574 3631 Mors
598 3570 676 3649 Lupi
699 3573 870 3651 prodigiosa
893 3572 928 3632 fit
949 3573 1027 3633 sicut
1048 3572 1168 3631 Romuli
1191 3575 1370 3649 tempestate

222 3658 324 3717 eodem
351 3660 484 3736 tempore
512 3663 628 3735 coorta,
655 3662 743 3720 sicuti
771 3663 876 3720 auctor
902 3662 1113 3721 consolationis
1136 3661 1174 3720 ad
1197 3660 1317 3721 Liuiam
1341 3686 1369 3723 u.

222 3750 285 3808 401
310 3765 391 3825 seqq.
414 3751 519 3808 narrat
541 3750 577 3808 de
599 3752 695 3809 morte
718 3750 821 3809 Drusi:

381 3873 517 3949 Iuppiter
539 3876 608 3933 ante
632 3874 715 3933 dedit
738 3876 795 3934 fati
818 3875 899 3933 mala
921 3877 1008 3952 signe
1030 3877 1144 3934 cruenti

434 3962 627 4024 Flammifera
648 3965 738 4041 petiit
760 3983 828 4023 cum
851 3966 910 4023 tria
933 3963 1046 4041 templa
1068 3983 1168 4041 manu,
1277 3960 1278 3964 ’

381 4051 561 4129 Iunonisque
585 4053 694 4132 gradus
718 4056 807 4112 notae
830 4052 1059 4129 impauidaeque
1081 4053 1236 4114 Mineruae

435 4139 604 4218 Sanctaque
627 4145 658 4201 et
679 4144 816 4202 immensi
840 4139 975 4201 Caesaris
997 4143 1059 4201 icta
1081 4162 1200 4203 manus:

309 4239 362 4288 405
382 4229 487 4288 Sidera
510 4233 584 4307 quin
607 4233 697 4290 etiam
720 4230 801 4290 caelo
823 4230 934 4308 fugisse
952 4232 1090 4290 feruntur
1105 4279 1110 4290 .
1125 4280 1153 4291 ..

221 4370 291 4430 Sine
310 4370 401 4430 dnbio
419 4371 509 4430 huius
527 4372 576 4431 dei
594 4373 742 4433 sententia
760 4373 836 4431 uicit
852 4378 1012 4449 postremo,
1030 4377 1083 4449 qui
1102 4374 1219 4452 Lupum
1233 4377 1368 4437 occiden-

221 4459 290 4518 dum
310 4477 372 4520 esse
390 4463 544 4520 censuerit.
586 4462 689 4538 Neque
713 4482 784 4522 uero
803 4462 947 4522 iambicus
967 4465 1031 4522 eins
1050 4463 1165 4524 obitum
1184 4466 1368 4541 tanquillam
