3030 5002
192 363 236 431 46
691 361 729 418 ΙΠ
747 383 773 419 u.
794 367 835 418 96.

193 532 374 607 ἀκούσαντες
397 531 431 593 τὰ
454 532 520 615 περὶ
543 529 629 614 ἡμῶν
653 525 752 613 ἦλθαν
775 533 817 606 εἰς
839 531 1005 611 ἀπάντησιν
1033 528 1107 612 ἡμῖν
1129 529 1196 614 ἔχρι
1215 526 1342 595 Ἀππίου

196 623 298 704 Φόρου
328 622 377 684 sol
412 626 509 703 Τριῶν
543 625 713 704 Ταβερνῶν,
745 642 814 684 cum
850 623 910 682 VII
946 623 1008 683 dies
1045 626 1189 684 manserit
1221 625 1342 684 omnino

194 714 347 791 apostolus
366 713 508 790 Puteolis,
526 714 597 773 inde
614 713 774 792 intellegas
792 714 924 789 spatium
938 711 997 772 VH
1016 712 1132 773 dierum
1151 713 1342 773 tabellarium

194 804 255 864 fere
278 805 495 880 consumpsisse
519 803 555 862 ad
579 806 719 862 nuntium
738 802 774 861 de
792 801 881 862 Pauli
898 801 1031 861 aduentu
1049 802 1175 862 Romam
1193 804 1341 880 perferen·

194 893 273 953 dum.
315 893 424 952 'Potum
442 893 536 972 igitur
553 895 612 952 iter
629 893 723 971 Regio
741 891 868 959 Romam
886 892 1038 952 celerrime
1061 891 1217 952 conficitur
1239 892 1342 952 diebus

194 981 225 1041 11
240 980 281 1059 -1-
296 981 325 1039 V
339 1007 381 1030 ==
396 982 469 1041 VH:
496 982 644 1060 gloriatur
671 981 703 1040 P.
720 980 840 1042 Clodius
868 981 994 1041 Pulcher
1021 1001 1068 1058 ap.
1088 980 1146 1040 Cic.
1167 981 1205 1042 ad
1232 982 1296 1042 Ati.
1311 981 1342 1041 Π

197 1074 229 1146 1,
254 1073 273 1131 b
303 1067 346 1131 ‘se
447 1072 574 1148 septimo
606 1072 655 1129 die
687 1072 803 1131 uenisse
834 1088 853 1129 a
884 1066 982 1131 freto'.
1038 1066 1342 1148 ‘Carthaginiensium

193 1161 310 1239 legatos
337 1160 372 1219 de
400 1178 474 1237 pace
501 1159 540 1219 ad
568 1163 704 1220 senatum
731 1159 878 1221 uenientis
900 1159 1033 1220 Puteolis
1056 1160 1146 1235 nisos,
1168 1160 1238 1220 inde
1261 1164 1343 1220 terra

194 1245 349 1310 uenturos’
374 1248 468 1309 tradit
486 1248 550 1308 Liu.
570 1249 653 1308 XXX
673 1251 723 1326 11,
745 1252 782 1309 11
809 1254 840 1309 11
866 1249 902 1309 de
926 1248 995 1309 Tito
1017 1251 1197 1326 imperatore
1221 1248 1341 1310 Sueten.

194 1339 288 1401 Tito
381 1335 459 1399 ‘cum
482 1339 623 1418 Regium,
650 1338 719 1398 dein
741 1338 880 1399 Puteolos
910 1340 1046 1398 oneraria
1068 1357 1145 1398 naue
1169 1339 1342 1416 appulisset,

193 1429 320 1489 Romam
354 1428 423 1488 iude
458 1429 611 1489 contendit
645 1424 894 1505 expeditissimus’
929 1448 954 1486 e.
976 1447 1004 1504 q.
1026 1447 1048 1489 s.
1084 1421 1169 1511 (conf
1200 1428 1259 1489 Sic.
1288 1447 1343 1506 pro

194 1518 294 1578 Plane.
310 1510 376 1599 66).
412 1519 519 1594 Itaque
541 1517 674 1578 Puteolis
696 1516 832 1578 Lucilius
854 1520 914 1577 iter
937 1518 1009 1577 iecit
1031 1517 1157 1578 duorum
1180 1519 1231 1577 uel
1249 1520 1343 1579 trium

194 1607 309 1667 dierum
336 1609 368 1666 in
396 1606 543 1666 Siciliam:
575 1625 658 1668 oram
687 1605 868 1684 Campaniae
900 1609 931 1666 et
957 1607 1107 1668 Lucaniae
1135 1627 1203 1668 eum
1235 1608 1343 1687 legisse

194 1699 292 1773 primo
319 1696 367 1755 die
395 1696 467 1755 dum
494 1696 672 1755 Palinurum
698 1698 856 1773 perueniat
882 1689 926 1778 (u.
947 1688 1025 1776 111)
1054 1701 1194 1774 apparet,
1225 1697 1343 1775 reliqua

193 1788 265 1845 sunt
286 1787 414 1844 incerta:
439 1785 508 1846 uide
526 1784 566 1845 ad
582 1804 612 1844 u.
629 1787 701 1845 104.
723 1787 786 1845 144
809 1803 886 1862 quae
910 1785 1127 1847 adnotauimus.
1166 1781 1342 1868 (1111101111

193 1875 258 1934 Att.
273 1873 345 1933 XVI
364 1876 398 1950 3,
423 1867 458 1956 6)
481 1874 573 1935 soluit
600 1894 617 1934 e
644 1873 838 1952 Pompeiano,
866 1879 974 1936 octauo
1003 1876 1121 1935 demum
1144 1876 1192 1936 die
1216 1876 1344 1954 appellit

194 1964 366 2024 Valentiam
388 1963 468 2023 unde
491 1963 596 2024 scribit
614 1964 651 2024 ad
670 1963 819 2024 111111
839 1965 868 2040 6,
889 1967 922 2024 1:
946 1960 1022 2044 ‘Ego
1041 1964 1200 2026 adhuc-
1219 1967 1343 2042 perueni

194 2055 272 2114 enim
304 2053 451 2114 Vibonem
483 2054 521 2114 ad
553 2052 670 2113 Siccam
705 2086 749 2096 -
788 2056 884 2133 magis
917 2054 1069 2115 commode
1100 2074 1192 2131 quam
1223 2058 1342 2116 strenue

193 2145 352 2220 nauigauit
370 2145 460 2202 remis
476 2144 555 2203 enim
573 2162 714 2222 magnam
732 2147 857 2220 partem,
875 2144 1027 2220 prodromi
1044 2145 1129 2203 nulli.
1170 2145 1251 2205 Illud
1268 2147 1343 2206 satis

194 2235 373 2310 opportune,
400 2232 459 2292 duo
487 2235 569 2293 sinus
597 2234 726 2309 fuerunt,
749 2251 823 2309 quos
845 2234 977 2293 tramitti
994 2236 1154 2310 oporteret,
1177 2233 1343 2294 Paestanus

195 2325 226 2382 et
247 2321 439 2383 Vibonensis:
461 2325 622 2399 utrumque
644 2321 769 2398 pedibus
793 2324 897 2399 aequis
919 2323 1111 2384 tramisimus.
1152 2322 1231 2384 Veni
1247 2326 1343 2402 igitur

194 2411 232 2471 ad
261 2409 377 2471 Siccam
404 2413 510 2472 octauo
542 2412 591 2473 die
622 2430 638 2470 e
670 2410 866 2489 Pompeiano,
897 2431 966 2472 oum
1001 2431 1096 2472 unum
1127 2412 1206 2473 diem
1237 2412 1342 2473 Veliae

193 2501 392 2561 comtitissem
412 2501 568 2561 ...VHII
586 2500 652 2560 Xal.
675 2502 770 2580 igitur
796 2501 835 2561 ed
863 2499 991 2562 Siccam:
1018 2502 1062 2562 ibi
1083 2506 1239 2578 tamquam
1260 2502 1342 2563 dorni

192 2608 277 2650 meae
294 2591 421 2651 scilieet:
440 2592 543 2666 itaque
561 2588 671 2650 obduxi
689 2593 843 2666 posterum
860 2587 960 2651 diem'.
997 2591 1026 2649 V
1044 2591 1110 2653 Kal.
1131 2591 1233 2652 Sertil⁴
1247 2591 1342 2671 Regio

193 2698 261 2739 cum
279 2680 391 2740 scribat
408 2681 493 2757 epist.
504 2679 563 2739 VH
574 2681 625 2755 19,
643 2679 757 2741 duobus
775 2680 834 2741 buc
847 2682 1006 2761 nauigasse
1019 2700 1087 2741 eum
1100 2681 1204 2741 diebus
1217 2682 1341 2758 planum

194 2773 248 2845 est,
262 2772 298 2828 ut
311 2789 418 2830 nouem
432 2769 494 2829 iere
508 2768 570 2830 dies
584 2770 616 2829 in
629 2772 695 2829 tota
708 2770 902 2848 nauigatione
916 2772 1140 2847 consumpserit.
1163 2771 1200 2831 In
1208 2773 1342 2848 tempore

193 2861 311 2919 itineris
334 2859 492 2920 statuendo
514 2859 546 2917 id
569 2858 748 2919 monendum
772 2863 825 2936 est,
849 2860 1035 2937 aliquamdiu
1058 2864 1127 2939 post
1148 2860 1259 2920 bellum
1282 2880 1341 2921 ser·

194 2949 255 3007 uile
278 2946 411 3008 Siculum
429 2950 449 3007 i.
465 2968 489 3008 e.
508 2951 578 3025 post
604 2966 715 3008 annum
744 2944 891 3030 6111131
916 2949 1065 3010 Lucilium
1093 2950 1212 3010 demum
1235 2967 1341 3010 ausum

194 3055 256 3096 esse
274 3055 367 3114 prope
386 3037 425 3097 ad
442 3037 572 3096 insulam
590 3038 735 3097 accedere.
776 3038 882 3114 Neque
900 3058 969 3099 eum
987 3039 1043 3099 boc
1066 3039 1232 3117 uoluptatis
1250 3056 1342 3099 11111

194 3145 299 3186 ausum
330 3145 393 3186 esse
425 3125 580 3202 probabile
612 3129 658 3185 est
688 3146 784 3203 neque
815 3128 879 3188 sine
911 3132 1094 3188 armatorum
1126 3133 1158 3188 et
1188 3147 1341 3187 seruorum

194 3207 279 3296 (uide
301 3207 425 3296 1143)
457 3215 601 3276 comitatu
628 3216 790 3276 commodo.
836 3217 914 3276 Nam
941 3218 1135 3278 11111111111111
1164 3219 1253 3277 antea
1276 3220 1343 3277 erat

194 3306 395 3383 peregrinatio
423 3304 485 3364 illis
511 3304 683 3383 regionibns
712 3309 832 3366 auctore
859 3307 991 3368 Diodoro
1020 3309 1148 3383 excerpt
1161 3306 1289 3365 XXXIV
1311 3311 1342 3367 et

194 3392 304 3452 XXXV
331 3412 394 3470 cap.
411 3396 444 3470 1,
469 3395 510 3453 18
534 3393 622 3454 Dind.
641 3393 674 3454 τὸ
705 3393 762 3475 γὰρ
792 3403 910 3477 πριῐπον
941 3394 975 3457 ἐν
1005 3399 1068 3468 τοῖς
1099 3393 1342 3474 ἐπιφανεστάτοις

193 3481 294 3554 τόποις
316 3481 386 3554 τοὺς
408 3476 477 3543 καθ’
498 3480 551 3543 ἕνα
573 3482 623 3544 aul
641 3483 698 3546 δύο
716 3483 769 3558 τὰς
787 3480 958 3566 ὁδοιπορίας
976 3482 1175 3564 ποιουμένους
1195 3482 1342 3562 ἐφόνευον

194 3573 319 3651 fugitiui
336 3575 368 3632 et
387 3575 479 3632 semi:
498 3574 569 3632 conf
586 3572 649 3632 cIL
667 3575 683 3632 I
703 3575 764 3634 561
788 3570 919 3650 ‘praetor
936 3577 969 3634 in
986 3574 1090 3635 Sicilia
1104 3576 1266 3655 fugiteiuos
1280 3577 1341 3635 Ita·

173 3658 177 3664 ’
194 3662 320 3721 licorum
333 3658 578 3739 conquaeisiuei’:
592 3663 794 3741 sequebantur
806 3682 885 3724 anno
898 3664 960 3724 fere
975 3659 1115 3746 6501104
1131 3665 1299 3741 Tryphonis
1312 3668 1343 3724 et

194 3751 371 3812 Athenionis
390 3752 538 3812 tumultus
557 3753 681 3812 seruiles
699 3753 735 3812 de
754 3754 864 3830 quibus
876 3752 1028 3814 Diodorus
1047 3756 1111 3833 egit
1124 3754 1202 3814 libro
1215 3753 1341 3813 xxm

194 3859 258 3917 cap.
275 3845 381 3900 1—-11
406 3841 494 3901 Dind.
538 3841 638 3902 Cicero
657 3840 785 3918 denique
804 3842 888 3902 Verr.
907 3843 938 3902 Π
958 3846 999 3903 99
1024 3839 1096 3904 ‘nou
1114 3862 1169 3921 ego
1188 3861 1208 3902 1
1225 3842 1341 3903 Vibone

194 3930 313 3990 Veliam
335 3932 462 4008 paruulo
485 3933 610 4009 nauigio
636 3933 716 3990 inter
747 3931 944 4010 fugitiuorum
967 3953 1002 3993 ac
1024 3932 1207 4010 praedonum
1231 3951 1266 3992 ac
1288 3936 1342 3993 tua

193 4020 256 4078 tela
284 4016 443 4080 uenissem’
468 4014 598 4102 (00an
617 4022 667 4079 39.
692 4022 743 4079 40.
768 4022 809 4080 87
829 4014 933 4103 seqq).
984 4023 1069 4082 Vnde
1093 4024 1219 4100 apparet
1250 4024 1340 4081 etiam

195 4106 344 4169 Ciceronis
366 4113 499 4187 tempore
520 4110 577 4169 illa
603 4109 737 4186 pericula
763 4113 833 4187 post
856 4109 995 4187 Spartaci
1021 4114 1186 4172 tumultum
1208 4111 1340 4170 nondum

195 4198 282 4274 plane
305 4198 425 4259 sublata
447 4200 546 4259 fuisse.
591 4198 664 4258 Post
685 4217 796 4259 annum
819 4202 920 4260 autern
944 4202 1095 4280 6341110
1113 4201 1264 4261 Lucilium
1282 4202 1341 4260 iter

194 4284 329 4346 Siculum
342 4290 510 4367 ingressum
524 4307 586 4349 csse
600 4308 635 4348 ex
649 4287 719 4347 libri
728 4287 759 4347 Π
774 4291 906 4366 tempore
920 4289 992 4350 licet
1000 4293 1140 4365 statuere,
1149 4294 1219 4348 ante
1229 4307 1341 4349 annum

195 4369 343 4455 6381116
372 4377 550 4438 deducemur
576 4378 619 4437 eis
646 4396 722 4454 quae
750 4381 942 4456 exposuimus
969 4379 1008 4439 ad
1035 4379 1128 4441 lib.V
1151 4381 1339 4456 11110111.

194 4464 377 4527 Peculiarem
406 4486 464 4543 quo
488 4462 531 4525 ’0.
546 4466 655 4526 Lucilii
681 4470 842 4529 satirarum
869 4487 946 4545 quae
972 4487 1008 4528 ex
1031 4468 1082 4528 lib.
1097 4468 1149 4528 ΙΠἸ
1167 4465 1340 4546 supersunt’
