3060 5010
229 367 296 432 224
648 366 737 421 xxvi
755 385 783 425 u.
804 372 953 422 sss-eos.

228 539 452 613 inperfunditie:
471 536 550 614 quod
568 537 718 616 intellegis
740 538 807 597 coll.
826 537 865 596 ad
883 537 953 597 Her.
967 536 1011 595 1v
1032 539 1082 613 10,
1103 539 1143 596 14
1167 533 1213 597 ‘ut
1234 532 1312 598 forte
1331 539 1382 600 hic

228 631 259 687 iu
283 628 404 687 balneas
428 629 520 702 uenit,
544 629 654 703 coepit,
685 630 845 704 postquam
867 629 1004 704 perfusus
1028 629 1080 703 est,
1104 627 1250 699 defricati,
1273 628 1382 688 deinde

228 718 280 776 ubi
299 719 396 776 uisum
416 721 469 792 est,
488 719 523 775 ut
540 717 572 776 iu
590 716 710 775 alueum
724 713 923 777 descenderet’
939 716 1008 776 inde
1022 718 1164 792 perfusor
1178 716 1241 776 011.
1256 717 1299 776 IV
1315 719 1381 777 840

230 806 342 882 Golloq.
362 807 476 866 Monac.
498 804 571 865 OGL
590 805 637 865 ΠΙ
655 827 683 883 p.
700 807 762 865 652
787 807 861 866 med.
887 802 1042 883 ‘perfunde
1066 809 1103 866 te.
1127 802 1265 882 perfudi‘.

318 888 402 958 601.
426 896 542 955 Nonius
570 917 598 972 p.
614 897 732 971 502,8
762 892 971 957 ‘Accusatiuus
998 914 1052 973 pro
1082 896 1195 956 datiuo.
1246 896 1381 956 Lucilius

230 986 279 1046 lib.
295 985 394 1044 XXVI
418 981 642 1062 “suspendatns
662 985 847 1045 ...caelum
875 981 1004 1045 uiual'’.'
1051 985 1177 1045 Versum
1208 989 1381 1062 corruptum

230 1095 288 1134 uon
312 1094 375 1135 esse
397 1078 529 1134 testatur
551 1094 741 1134 numerorum
764 1074 837 1134 ordo
860 1078 1059 1152 incorruptus,
1082 1095 1177 1152 neque
1200 1077 1279 1135 euim
1299 1078 1381 1153 quic-

230 1183 321 1241 quam
352 1165 421 1224 miri
453 1167 499 1224 est
530 1166 562 1223 in
593 1164 679 1224 hiatu
711 1164 911 1241 monosyllabi
943 1164 1072 1225 admisso
1103 1167 1134 1223 iu
1167 1165 1244 1225 thasi
1272 1166 1381 1242 soluta.

230 1254 385 1315 Deliberat
407 1254 541 1330 Antiopa
568 1257 670 1313 utrum
693 1273 724 1314 se
747 1255 922 1332 suspendat,
946 1273 984 1312 an
1008 1257 1038 1312 in
1062 1254 1196 1332 gladium
1218 1254 1382 1332 incumbat,

229 1364 266 1404 ue
290 1344 405 1404 caelum
428 1343 519 1403 bibat.
568 1343 688 1403 Caelum
716 1343 894 1403 uocabulum
918 1344 1059 1403 Latinum
1087 1347 1150 1404 aius
1173 1344 1303 1404 notionis
1326 1348 1382 1419 est,

230 1454 321 1510 quam
344 1432 465 1493 Graecis
488 1432 625 1493 solebant
646 1433 799 1493 uocabulis
820 1436 982 1510 nominare,
1006 1433 1109 1510 qualia
1131 1438 1201 1493 sunt
1219 1452 1271 1494 ucr
1289 1453 1383 1493 curu.-

230 1542 412 1601 quamquam
443 1526 549 1583 neutro
582 1522 727 1582 uocabulo
758 1522 902 1583 Catonem
934 1525 978 1583 uti
1002 1523 1138 1583 uidemus
1168 1524 1198 1582 in
1227 1524 1312 1583 libris
1344 1524 1382 1584 de

231 1615 296 1690 agri
319 1613 438 1672 cultura
460 1616 491 1670 et
513 1610 608 1671 uerba
629 1613 940 1691 orig.sragm.1120
965 1612 1062 1672 Seruii
1085 1615 1185 1690 potius
1209 1631 1381 1689 essequam

221 1701 353 1761 Oatonis
385 1701 449 1759 iure
476 1720 529 1760 suo
560 1700 664 1760 scribit
691 1701 836 1762 Iordanus
862 1703 894 1761 in
923 1703 1022 1762 adnot.
1073 1703 1179 1780 Itaque
1206 1719 1243 1762 uc
1269 1704 1382 1762 coelum

231 1792 311 1850 cicae
341 1810 376 1849 ex
408 1791 563 1869 tragoedia
595 1790 714 1850 uidetur
745 1810 808 1852 esse
839 1797 1005 1870 sumptum:
1037 1811 1108 1851 nam
1140 1791 1246 1852 Graeci
1278 1792 1383 1851 dicunt

230 1878 282 1940 τὸν
310 1875 382 1959 ἀέρα
409 1876 516 1939 discas:
544 1879 667 1939 Philam.
691 1883 752 1940 119
774 1880 903 1941 OAFH
925 1882 1072 1958 p.515K
1104 1881 1155 1942 τὸν
1188 1880 1278 1941 αὐτὸν
1309 1878 1382 1961 ἀέρα

231 1966 370 2048 ἐνέροισιν
403 1965 506 2040 ἕλκως’
521 1968 678 2045 Philyllios
703 1970 825 2046 2011).
847 1973 909 2031 787
938 1970 989 2031 τὸν
1022 1968 1081 2050 ἀέρ’
1114 1968 1208 2031 ῗλκιιν
1245 1969 1382 2052 καθαρόν

231 2058 355 2118 Aristot.
376 2058 411 2116 de
430 2061 507 2134 part.
522 2061 612 2118 anim.
627 2059 658 2118 Π
675 2060 713 2118 16
730 2080 758 2135 p.
774 2060 837 2118 659
854 2080 872 2118 a
889 2063 929 2120 10
948 2052 1012 2119 οἷον
1031 2051 1087 2120 cdv
1101 2065 1163 2132 τοῖς
1181 2061 1381 2139 κολυμβηταῖς

232 2146 305 2207 ἔνιοι
328 2145 402 2227 πρὸς
432 2145 488 2225 τὴν
510 2145 666 2226 ἀναπνοὴν
689 2145 800 2228 ὄργανα
822 2149 1006 2229 πορίζονται,
1029 2148 1080 2209 ἵνα
1102 2148 1197 2209 πολὺν
1219 2147 1327 2229 χρόνον
1350 2147 1383 2209 ἐν

231 2239 267 2346 τῇ
295 2236 427 2321 θαλάττῃ
455 2233 592 2315 μένοντες
620 2234 742 2297 ἕλκωσιν
770 2235 882 2309 ἔξωθεν
910 2246 962 2298 τοῦ
985 2236 1078 2319 ὑγροῦ
1102 2237 1151 2299 διὰ
1173 2247 1226 2298 τοῦ
1249 2235 1381 2320 ὀργάνου

231 2347 283 2385 τον
301 2322 386 2407 ἀέρας
404 2328 478 2385 item
497 2323 590 2385 ἕλκειν
608 2328 780 2403 saepissime
795 2332 840 2387 est
855 2329 955 2388 bibere.
993 2326 1072 2388 Gonf
1083 2328 1171 2408 Verg.
1187 2328 1381 2387 1161111898

233 2412 279 2475 ‘ut
300 2434 388 2476 auras
407 2416 569 2492 suspiciens
588 2417 688 2475 hausit
712 2413 839 2476 caelum’
859 2417 937 2476 unde
960 2417 1072 2477 similia
1094 2417 1258 2478 quenffl
1277 2419 1319 2476 84
1338 2417 1383 2475 VI

234 2505 306 2565 306.
349 2504 463 2564 caelum
482 2524 535 2582 pro
555 2524 622 2565 aare
645 2508 716 2583 poni
739 2526 786 2583 ap.
802 2505 862 2567 Cic.
881 2507 917 2566 de
938 2507 1017 2566 deor.
1036 2510 1097 2566 nat.
1113 2508 1143 2567 lI
1164 2509 1214 2585 16,
1234 2509 1275 2566 42
1295 2507 1383 2566 docet

232 2595 347 2654 Nonius
370 2615 398 2670 p.
416 2595 489 2670 263,
513 2597 564 2653 24.

321 2677 405 2745 602.
442 2683 558 2744 Nonius
594 2705 622 2761 p.
644 2685 721 2760 186,
746 2687 786 2745 32
822 2682 975 2762 ‘Vescum,
1011 2688 1174 2763 minutum,
1215 2688 1382 2747 obscurum.

232 2773 365 2833 Lucilius
393 2772 442 2832 lib.
457 2773 556 2832 XXVI
584 2770 698 2851 “quam
717 2776 914 2836 ·lastidiosum
942 2795 977 2836 ac
1004 2794 1125 2836 uescum
1151 2777 1270 2850 fastidio
1299 2768 1383 2859 (cum

232 2861 355 2922 fastidio
371 2855 413 2945 6)
432 2860 578 2922 uiuc·c’'.'
617 2864 731 2924 Gellius
751 2865 883 2943 Sulpicio
898 2865 1073 2942 Apollinare
1092 2868 1212 2925 auctore
1231 2866 1302 2925 XVI
1317 2868 1346 2942 5,
1363 2868 1380 2924 7

234 2948 343 3011 ‘Aliter
374 2955 453 3011 enim
485 2953 640 3014 Lucretius
668 2946 796 3036 (1826)
829 2973 947 3014 uescum
980 2954 1073 3014 salem
1105 2954 1180 3014 dicit
1211 2975 1245 3015 ex
1275 2954 1383 3015 edendi

233 3042 411 3119 intentione,
439 3041 527 3101 aliter
554 3042 686 3102 Lucilius
714 3061 835 3103 uesoum
863 3044 997 3122 appellat
1020 3063 1087 3104 cum
1111 3043 1216 3103 edendi
1238 3040 1382 3105 fastidio’.

233 3130 391 3190 Hominem
424 3133 526 3207 aperte
558 3131 707 3210 significat
739 3131 853 3194 Gellius
883 3133 964 3210 apud
994 3134 1143 3193 Lucilium
1175 3134 1288 3193 dictum
1320 3152 1383 3194 esse

233 3237 351 3278 uacuum
382 3238 448 3279 cutm
481 3220 583 3280 edendi
609 3223 743 3296 fastidio,
771 3225 790 3282 i.
806 3244 830 3282 e.
857 3241 929 3299 prae
958 3223 1058 3282 taedio
1086 3225 1226 3283 ieiunum.
1272 3223 1383 3283 Versus

233 3309 355 3367 initium
374 3326 479 3368 sanum
497 3328 560 3370 esse
578 3313 708 3371 testatur
725 3331 847 3372 caesura
865 3331 951 3373 sana:
969 3314 1091 3389 fastidio
1105 3313 1193 3372 eiecit
1209 3311 1383 3373 Gerlachius

234 3401 334 3457 ortum
356 3401 426 3473 post
447 3417 567 3458 nestum
585 3420 620 3458 ex
639 3401 834 3461 similitudine
858 3403 939 3462 initii
956 3421 1069 3463 uersus.
1112 3399 1225 3463 ‘Satius
1248 3405 1293 3463 est
1306 3405 1384 3461 mori

234 3505 324 3564 quam
347 3486 536 3547 fastidiosum
559 3507 594 3548 ac
616 3508 736 3550 uescum
755 3488 867 3551 uiuere’
888 3493 1060 3552 enuntiaret
1078 3493 1211 3569 Antiopa
1228 3496 1383 3569 tamquam

234 3577 420 3637 seutentiam.

324 3659 408 3728 603.
427 3667 543 3728 Nonius
562 3689 590 3746 p.
606 3671 680 3746 499,
696 3671 736 3729 18
757 3666 898 3730 ‘Datiuus
911 3691 966 3748 pro
980 3674 1160 3732 accusatiuo.
1184 3716 1191 3730 .
1207 3717 1213 3729 .
1229 3717 1236 3731 .
1250 3671 1384 3732 Lucilius

235 3757 285 3816 lib.
305 3757 403 3816 XXVI
436 3752 487 3817 “si
581 3761 730 3834 superiore
761 3761 821 3819 loco
853 3756 1057 3821 conlocauit'.'
1118 3760 1254 3820 Adnotat
1289 3760 1384 3820 Lach-

234 3866 360 3906 mannus
383 3847 514 3906 Nonium
536 3850 594 3923 ipsi
622 3849 758 3909 datiuum
788 3868 850 3910 esse
873 3852 1041 3928 putauisse,
1064 3849 1143 3909 idem
1166 3850 1329 3910 Muellerus
1352 3851 1384 3910 in

234 3936 326 3995 Nonii
349 3936 419 3995 edit.
465 3936 562 3997 Plaut
578 3938 664 4016 Epid.
681 3940 744 3998 534
769 3935 857 4016 ‘quae
887 3941 954 4016 ipsa
977 3959 1008 3999 se
1030 3937 1209 4000 miseratur'.
1256 3939 1385 3999 Videtur
1475 3937 1479 3941 ’

234 4030 324 4102 poeta
347 4045 434 4104 agere
457 4026 495 4086 de
518 4029 773 4088 commiseratione
792 4032 956 4088 oratorum:
980 4030 1051 4089 cous
1071 4028 1131 4089 Cic.
1146 4030 1182 4088 de
1203 4029 1291 4089 or.H
1312 4029 1383 4087 196.

238 4117 299 4174 197
330 4111 439 4186 ‘Quam
467 4117 505 4176 ob
532 4136 592 4176 rem
621 4117 677 4176 hoc
704 4136 757 4178 uos
785 4117 889 4193 docco,
917 4116 1120 4195 Sulpici,
1144 4122 1179 4178 ut
1204 4120 1237 4177 in
1260 4117 1384 4177 dicendo

235 4204 337 4279 irasci,
363 4208 399 4264 ut
421 4205 534 4282 dolere,
561 4209 596 4267 ut
622 4207 692 4266 flere
718 4207 848 4283 possitis.
895 4206 1082 4284 Quamquam
1110 4211 1140 4268 te
1168 4207 1287 4284 quidam
1311 4207 1384 4285 quid

235 4293 291 4352 hoc
313 4292 444 4368 doceam,
466 4297 519 4371 qui
541 4297 573 4355 in
597 4296 761 4357 accusando
782 4296 879 4356 sodali
900 4317 966 4357 meo
989 4301 1108 4358 tautum
1131 4297 1302 4358 incendium
1325 4316 1385 4355 uon

236 4380 369 4440 oratione
396 4381 505 4458 solum,
532 4385 583 4443 sed
611 4387 703 4444 etiam
730 4386 825 4446 multo
853 4383 948 4466 magis
976 4387 1009 4446 ui
1036 4390 1066 4448 et
1093 4387 1194 4447 dolore
1222 4390 1253 4446 et
1278 4386 1385 4446 ardore

236 4469 329 4529 animi
348 4472 522 4547 concitares,
539 4478 575 4532 ut
592 4493 647 4551 ego
666 4474 705 4533 ad
719 4474 749 4533 id
768 4476 1012 4556 restinguendum
1025 4477 1077 4536 uix
1091 4496 1213 4537 conarer
1227 4474 1386 4536 accedere?
