3060 5010
637 366 662 420 X
680 384 708 422 u.
728 371 878 421 aee—889.
1269 367 1331 431 147

186 535 335 596 adiciatur
362 534 481 614 flagitat
507 555 617 597 sensus.
667 553 758 612 neque
785 536 900 597 codices
927 536 1088 596 deteriores
1115 536 1196 614 quod
1222 536 1334 597 babent

182 624 393 702 interpolatori
416 625 547 700 debetur,
570 643 607 684 nc
629 629 680 700 qui
703 626 783 703 quod
805 626 950 686 Daiatako
973 628 1129 703 proposuit
1152 646 1211 686 non
1234 629 1334 703 potest

182 715 383 775 commendari
392 715 604 774 consuetudine
616 717 759 775 sermonis
769 715 872 775 Latini
882 707 1177 797 (coanleclreisenus
1187 714 1332 795 Philolog.

181 796 453 884 Increpor).
499 805 546 864 Ne
573 806 605 862 in
635 804 755 865 exordio
783 824 922 866 uersuum
949 805 1124 882 plerumque
1151 807 1224 882 poni
1253 806 1333 882 apud

182 893 323 953 Plautum
347 893 474 954 adnotat
491 893 653 954 Lorenaius
672 894 711 953 ad
728 894 857 955 Mostell.
879 896 928 953 75.
956 894 1122 974 Magnifice,
1136 897 1155 953 'u
1171 914 1194 953 e.
1215 897 1334 975 μεγαλο-

182 990 301 1063 πρεπῶς
334 975 474 1065 (Quintil.
493 983 537 1043 IV
557 985 591 1059 2,
610 985 661 1042 61.
681 977 752 1066 62),
793 985 882 1044 sicuti
922 983 1010 1043 Plato
1051 986 1167 1044 conuiu.
1186 1004 1215 1060 p.
1237 983 1333 1044 1990

184 1069 286 1149 ἐπειδὴ
314 1068 364 1131 καί
390 1065 479 1132 τᾶλλα
506 1076 602 1145 καλῶς
629 1070 679 1132 καί
707 1075 933 1154 μεγαλοπρεπῶς
960 1072 1089 1152 διῆλθες.
1134 1073 1334 1134 Interlooutor

182 1161 293 1222 Lucilii
315 1181 401 1222 suam
423 1161 528 1222 laudat
551 1166 658 1222 artem:
682 1158 737 1222 ‘At
759 1158 836 1242 ego’,
858 1165 967 1240 inquit,
991 1159 1127 1242 ‘magnus
1151 1181 1216 1224 sum
1234 1167 1334 1240 poeta,

183 1253 236 1328 qui
258 1251 344 1324 illum
367 1253 399 1311 in
422 1270 490 1311 arce
512 1251 619 1312 bouem
643 1252 786 1330 descripsi
809 1245 987 1332 magnifice’.
1024 1252 1171 1312 Similiter
1189 1252 1333 1313 Horatius

183 1341 219 1400 de
244 1343 309 1400 arte
336 1343 443 1418 poetic.
465 1343 596 1418 14seqq.
626 1337 764 1418 ‘inceptis
795 1342 937 1422 grauibus
964 1342 1139 1419 plerumque
1166 1345 1197 1402 et
1223 1361 1334 1421 magna

183 1431 323 1507 professis
353 1449 520 1508 purpureus
551 1432 613 1490 late
646 1433 698 1506 qui
729 1432 886 1509 splendeat
917 1451 993 1492 unius
1026 1436 1056 1491 et
1088 1431 1165 1491 alter
1197 1431 1334 1492 adsuitur

183 1538 308 1596 pannus,
328 1539 395 1579 cum
414 1521 498 1580 lucus
514 1524 545 1580 et
563 1539 616 1581 ara
632 1520 749 1581 Dianae
763 1524 794 1580 et
807 1523 996 1599 properantis
1011 1539 1107 1597 aquae
1126 1540 1180 1598 per
1194 1540 1333 1582 amoenos

184 1609 312 1669 ambitus
336 1628 424 1689 agros
447 1612 502 1671 aut
524 1609 634 1669 flumen
657 1611 794 1671 Rhenum
818 1615 871 1670 aut
893 1610 1015 1687 pluuius
1038 1610 1216 1671 describitur
1239 1630 1332 1671 arens.

182 1700 234 1760 sed
256 1718 335 1760 nunc
358 1719 417 1759 non
440 1701 506 1760 erat
528 1699 575 1760 his
597 1696 692 1760 locus'
709 1747 715 1760 .
732 1748 737 1759 .
754 1701 854 1761 .idem
874 1702 936 1760 416
958 1695 1048 1761 ‘nunc
1066 1702 1140 1760 satis
1159 1703 1205 1760 est
1223 1700 1332 1760 dixisse

184 1784 263 1867 “ego
291 1791 369 1849 mira
395 1792 536 1866 poemata
562 1809 674 1869 pango:
707 1793 831 1867 occupet
859 1793 1022 1850 extremum
1052 1785 1189 1851 scabies”
1216 1792 1334 1850 ...ut

182 1897 304 1955 praeco,
332 1879 371 1938 ad
393 1881 500 1939 mercis
523 1879 643 1939 turbam
667 1882 718 1956 qui
744 1882 825 1958 cogit
852 1881 990 1940 emendas
1018 1880 1223 1940 adsentatores
1250 1879 1335 1939 iubet

183 1967 222 2027 ad
239 1969 357 2027 luorum
375 1970 419 2027 ire
437 1971 536 2045 poeta,
559 1969 642 2030 diues
661 1971 750 2048 agris,
770 1970 854 2029 diues
871 1972 978 2047 positis
996 1971 1028 2028 in
1048 1971 1168 2029 faenore
1182 1962 1334 2029 nummis':

183 2057 252 2116 uide
275 2057 314 2116 ad
337 2059 439 2117 incert.
460 2079 487 2117 u.
509 2060 593 2118 1282
604 2077 665 2136 seq.

275 2140 358 2208 389.
382 2147 497 2208 Nonius
515 2168 544 2224 p.
564 2150 638 2223 235,
659 2150 677 2207 2
703 2142 829 2226 ‘Aptum
852 2167 969 2209 rursum
991 2166 1133 2209 conexum
1152 2151 1183 2208 et
1201 2149 1333 2227 conliga·

184 2238 249 2295 tum
272 2236 429 2314 significat.
455 2237 658 2297 ..Lucilius
682 2243 853 2314 satyrarum
875 2238 952 2298 libro
971 2238 998 2297 X
1022 2233 1191 2299 “consellas
1214 2257 1333 2315 quoque

184 2326 293 2385 ualidis
315 2328 348 2385 in
366 2326 487 2387 funibus
506 2319 708 2407 (praeualidis
725 2331 759 2388 ιἰι
776 2328 898 2400 funibus
913 2323 1024 2387 “uetus
1038 2322 1136 2387 liber’'
1152 2328 1185 2386 F.
1200 2321 1332 2409 Dousae)

184 2410 316 2493 aptas''.’
362 2416 458 2477 Vetus
480 2418 538 2476 iste
560 2417 637 2476 liber
660 2416 778 2478 Dousae
802 2419 828 2478 si
850 2420 930 2477 recte
952 2416 1005 2476 ille
1030 2417 1158 2477 tradidit
1185 2421 1333 2477 correctus

184 2507 249 2566 erat
272 2524 291 2564 a
313 2507 379 2564 uiro
403 2506 490 2566 docto
514 2507 627 2567 saeculi
649 2510 684 2566 ut
707 2507 826 2566 uidetur
845 2506 907 2565 XV.
947 2506 1093 2566 Tonsillas
1110 2508 1189 2566 recte
1208 2508 1335 2585 agnouit

183 2594 298 2655 Iunius.
345 2594 531 2654 Vocabulum
558 2597 720 2672 explanant
746 2597 852 2656 Isidor.
878 2597 952 2675 orig.
971 2595 1041 2654 XIX
1062 2598 1095 2671 2,
1116 2598 1157 2655 14
1187 2591 1334 2655 ‘Tonsilla

184 2686 309 2744 uncinus
338 2686 451 2744 ferrcus
480 2685 529 2744 uel
557 2685 687 2764 ligneus,
720 2685 759 2745 ad
786 2704 874 2762 quem
905 2686 937 2744 in
969 2686 1057 2744 litere
1089 2683 1216 2744 defixum
1249 2686 1334 2745 funes

184 2776 307 2833 nauium
334 2774 500 2853 illigantur.
550 2774 595 2834 De
626 2792 685 2852 quo
713 2769 839 2834 Ennius’
874 2767 988 2854 (annal.
1008 2794 1036 2832 u.
1056 2767 1182 2856 49911).
1228 2773 1334 2834 Festus

184 2883 212 2939 p.
233 2863 338 2924 35611
367 2859 563 2942 ‘<Tonsellom
591 2867 634 2923 ott
666 2862 747 2940 ess>c
774 2864 897 2924 Verrius
929 2864 1032 2941 palum
1064 2864 1197 2922 dolatum
1221 2895 1265 2904 -
1291 2896 1333 2904 —

185 2953 305 3030 cuspide
337 2955 554 3030 praeferratum
586 2957 621 3014 ut
653 2948 844 3033 eristi<mot>
867 2952 1035 3033 -conligi
1065 2955 1098 3013 in
1129 2953 1217 3012 litore
1247 2954 1333 3013 nauis

184 3037 395 3120 re<llyondoc>
418 3061 516 3103 causa.
557 3043 704 3104 Pacuuius
727 3046 759 3102 in
782 3043 869 3103 Medo
893 3035 1023 3123 (21811)
1038 3074 1083 3083 -
1098 3074 1140 3084 -
1154 3038 1283 3120 <Accius
1301 3044 1335 3101 io

184 3127 341 3210 Pdl>nidis
364 3124 509 3214 (bldltlr
536 3135 691 3210 utriusque
713 3135 823 3213 tragici
846 3152 948 3193 uersus
971 3133 1104 3208 corrupti
1131 3135 1208 3192 sunt
1250 3131 1334 3192 Paul.

184 3220 262 3280 Fest.
282 3241 310 3297 p.
332 3221 438 3281 224Μ
475 3218 678 3299 ‘Prymnesius
710 3223 797 3300 palus
830 3215 947 3305 (incert.
975 3243 1003 3281 u.
1034 3214 1134 3295 1371)
1172 3222 1211 3281 ad
1247 3240 1335 3297 quem

186 3311 265 3369 funis
288 3312 426 3370 nauticus
449 3312 603 3391 religatur,
627 3332 715 3390 quem
739 3313 793 3371 alii
815 3312 940 3371 tosillam
963 3307 1086 3371 dicunt’.
1124 3312 1231 3389 Itaque
1255 3313 1335 3371 funis

185 3400 236 3459 ille
256 3398 366 3460 Graece
389 3401 500 3461 dicitur
522 3402 708 3483 πρυμνήσιος
726 3401 822 3473 κάλως
840 3404 904 3461 siue
922 3399 1122 3482 πρυμνήσιον,
1146 3421 1205 3479 quo
1223 3404 1334 3478 puppis

186 3489 225 3548 ad
246 3492 358 3549 terram
380 3491 526 3570 religatur
548 3492 625 3551 unde
644 3490 756 3572 ἐπίγεια
774 3492 920 3551 eiusmodi
938 3492 1077 3550 rudentes
1095 3490 1333 3569 appellabantur.

185 3579 332 3639 Homerus
351 3603 362 3640 ι
384 3582 445 3640 136
461 3578 494 3640 ἐν
517 3577 549 3641 δέ
572 3580 662 3661 λιμὴν
685 3578 821 3661 εὔορμος,
844 3573 884 3641 ἵν’
911 3579 947 3641 οὐ
970 3578 1043 3661 χρεὼ
1066 3580 1224 3659 πείσματός
1246 3578 1334 3657 ἐστιν,

186 3662 245 3729 οὔτ’
268 3666 357 3740 εὐνὰς
376 3665 492 3748 βαλέειν
510 3667 576 3730 οὔτε
595 3663 751 3751 πρυμνήσι’
773 3667 889 3747 ἀνάψαι
907 3670 960 3729 ubi
977 3670 1046 3729 uide
1064 3672 1179 3730 ueteres
1199 3673 1230 3729 et
1246 3669 1335 3729 buius

186 3761 294 3818 aetatis
317 3760 502 3834 interpretes.
540 3759 674 3820 Tonsilla
697 3778 768 3820 uero
790 3761 877 3838 palus
901 3763 946 3819 est
969 3761 1169 3838 praeferratus
1192 3760 1223 3817 in
1246 3758 1335 3817 litore

186 3847 261 3907 fixus
283 3846 335 3905 ubi
362 3845 551 3928 αρυμνήσιον
578 3849 734 3927 alligatur:
767 3869 826 3926 quo
854 3848 889 3908 fit
916 3852 951 3908 ut
977 3851 1080 3926 quieta
1107 3851 1137 3907 et
1164 3866 1268 3906 secura
1294 3849 1336 3905 sit

186 3937 272 3996 nauis
299 3937 367 3996 tutu
395 3955 413 3995 a
440 3936 579 3997 fluctibus
607 3942 637 3997 et
664 3939 762 3998 uentis
790 3930 940 4019 (11390).
992 3938 1077 3997 Vnde
1104 3934 1263 4012 Euripides
1291 3938 1336 3996 ait

186 4025 263 4086 Med.
285 4026 347 4085 768
372 4018 459 4099 οὗτος
481 4025 537 4107 γάρ
555 4023 632 4108 ἁνήρ
652 4014 671 4113 ή
690 4021 800 4104 μάλιστ’
821 4025 985 4105 ἐκάμνομεν
1004 4025 1093 4105 λιμήν
1111 4023 1259 4102 πέφανται
1277 4033 1335 4084 τῶν

187 4113 267 4194 ἐμῶν
307 4116 529 4195 βουλευμάτων·
567 4114 603 4176 ’ἐκ
638 4110 721 4176 τοῦδ’
765 4113 978 4193 άναψόμεσθαι
1013 4114 1191 4194 πρυμνήτην
1228 4113 1334 4174 κάλων.

63 4194 76 4221 ⁰
187 4205 306 4265 Hercul.
326 4206 391 4265 478
416 4201 456 4278 ὡς
479 4202 645 4284 άνημμένοι
668 4204 764 4291 κάλῳς
790 4205 1003 4285 πρυμνησίοισι
1029 4204 1097 4284 βίον
1125 4196 1205 4283 ἔχοιτ’
1235 4202 1335 4265 εὐδαί-

188 4316 264 4373 μονα
287 4294 340 4354 ΑΡ
359 4295 418 4354 XII
438 4297 500 4355 159
524 4293 557 4355 ἐν
580 4293 627 4356 σοί
649 4291 740 4373 τάμά,
772 4295 904 4373 Melone,
931 4295 1000 4373 βίου
1022 4286 1181 4376 πρυμνήσι’
1206 4290 1336 4373 ἀνῆπται

188 4384 290 4462 ΡοΙγ1ι.
308 4383 355 4444 ΠΙ
375 4386 465 4460 46,3
493 4383 548 4464 τήν
576 4377 604 4445 ‹l'
634 4381 693 4446 ἀπὸ
721 4392 773 4445 τοῦ
801 4383 944 4465 ῥεύματος
976 4382 1106 4464 πλευρὰν
1137 4380 1334 4463 ἠσφαλίζοντο

188 4477 248 4546 τοῖς
275 4471 307 4533 ἐκ
334 4482 387 4553 τῆς
413 4482 468 4554 γῆς
495 4471 635 4556 ἐπιγείοις
662 4473 704 4546 είς
738 4472 772 4534 τὰ
804 4471 870 4554 περί
902 4472 934 4534 τὸ
965 4479 1059 4555 χεῖλος
1091 4472 1244 4550 πεφυκότα
1276 4482 1335 4533 τῶν

1070 4574 1121 4627 10⁸
