3000 5002
210 340 277 406 394
567 340 665 396 ineeri
685 340 742 395 sed.
761 359 789 395 u.
811 345 994 395 iiii-iiii.

209 511 341 572 Lucilius
360 513 395 571 ut
413 510 516 570 Cicero
535 512 655 587 scripsit
673 510 799 569 nimium
812 508 921 569 blande
935 513 966 569 et
979 509 1089 586 sedata,
1107 509 1158 570 sed
1173 510 1372 570 acerbissime

208 600 372 661 insectatus
395 604 440 661 est
458 600 608 660 bominem
627 602 747 659 auctore
765 598 844 659 Pars.
862 599 878 658 I
898 600 960 659 115
980 599 1084 659 quen.
1103 599 1118 658 l
1139 600 1217 659 154:
1236 600 1309 658 uide
1329 600 1370 659 ad

208 691 259 750 lib.
273 691 305 750 Π
322 710 351 750 u.
369 692 418 750 74,

301 772 407 840 1242.
432 778 609 840 Consentius
640 779 672 837 in
700 780 765 838 arte
797 778 833 837 de
865 779 1056 838 barbarismis
1089 781 1120 839 et
1154 779 1368 855 metaplasmis

209 868 263 929 GL
283 870 311 927 V
334 890 362 947 p.
377 871 452 944 400,
471 869 530 928 4Κ
558 864 679 928 ‘Poetae
706 868 821 928 faciunt
852 870 1076 946 metaplasmos,
1109 887 1176 927 cum
1207 870 1268 945 ipsi
1301 870 1368 928 iarn

209 961 388 1036 scripturam
410 958 585 1034 relinquunt
607 960 787 1035 corruptam,
810 959 845 1017 ut
871 960 917 1017 est
941 952 1119 1035 “relliquias
1142 952 1309 1017 Danaum'’
1336 963 1368 1019 et

210 1044 340 1108 “tanton
358 1067 405 1108 me
424 1049 546 1108 crimine
565 1048 688 1126 dignum
707 1041 861 1107 Duxisti’':
884 1046 1001 1106 addidit
1018 1048 1098 1107 anim
1116 1067 1206 1106 unam
1225 1046 1367 1107 litteram

208 1157 262 1216 per
285 1139 514 1215 metaplasmum
536 1137 561 1212 l,
590 1138 663 1197 item
691 1139 794 1196 contm
823 1132 968 1214 <dmpsit
990 1138 1115 1197 litterum
1137 1155 1194 1212 por
1219 1138 1367 1212 metopio-

207 1247 303 1288 smum
326 1223 376 1306 ε>,
408 1228 486 1288 mcut
516 1226 649 1287 Lucilius
674 1221 748 1286 “ore
778 1219 951 1302 oonupto'’:
988 1226 1117 1303 dempsit
1152 1228 1232 1285 enim
1268 1246 1366 1286 unam

208 1318 341 1377 litteram
368 1337 422 1394 per
443 1317 673 1394 metaplasmum
704 1336 733 1374 r:
770 1318 801 1375 et
836 1316 950 1375 Ennius
978 1308 1091 1396 (annal.
1117 1310 1233 1397 567V)
1267 1310 1366 1375 “huic

208 1410 341 1467 statuam
359 1408 453 1467 statui
471 1407 618 1467 maiorum
637 1405 737 1466 obatu.
761 1396 864 1486 (super
881 1406 919 1465 ob
937 1408 1079 1481 scriptum
1097 1410 1138 1466 cst
1151 1396 1188 1486 a)
1207 1400 1364 1465 athenis''.

209 1500 238 1555 et
269 1497 318 1556 hio
350 1517 467 1573 quoque
499 1517 553 1572 per
584 1496 813 1573 metaplasmum
845 1495 974 1572 dempsit
1000 1497 1133 1555 litteram
1159 1491 1196 1553 r’.
1245 1494 1365 1555 Locum

208 1587 360 1663 suppleuit
382 1586 590 1646 Lachmannus
614 1585 651 1645 ad
674 1585 791 1644 Lucret.
809 1584 854 1642 VI
872 1587 1002 1645 u.1135
1027 1577 1069 1664 (p.
1085 1576 1165 1665 416)
1185 1585 1237 1660 qui
1254 1603 1364 1646 uersus

207 1677 239 1735 in
263 1674 338 1735 codd
362 1675 492 1735 Lucretii
516 1677 599 1734 extat
620 1674 751 1734 traditus
771 1675 827 1734 hoc
849 1674 938 1734 modo
962 1670 1013 1734 ‘an
1035 1674 1152 1734 caelum
1175 1673 1260 1734 nobis
1278 1675 1363 1735 uitro

208 1768 318 1824 natura
341 1759 549 1841 corumptum'.
591 1762 648 1834 Qui
671 1763 802 1824 Lucretii
824 1783 944 1824 uersum
967 1783 1027 1823 non
1050 1765 1193 1824 tolerauit
1213 1764 1257 1823 ita
1280 1783 1363 1824 com·

207 1856 347 1930 paratum
374 1856 406 1914 in
434 1853 563 1913 editione
591 1872 657 1929 sua,
685 1853 764 1913 idem
791 1853 899 1913 Lucilii
927 1871 1046 1913 uersum
1074 1855 1190 1914 censuit
1216 1873 1276 1914 non
1300 1853 1363 1913 dici

208 1945 340 2021 potuisse
365 1938 434 2003 ‘nisi
457 1942 601 2003 uridendi
632 1961 722 2002 causa
745 1947 798 2003 aut
820 1943 898 2003 forte
920 1944 952 2001 in
975 1944 1054 2003 reete
1077 1942 1219 2019 loquendi
1242 1942 1362 2021 legibus

208 2025 466 2093 demonstrandis'.
521 2032 563 2091 At
594 2051 631 2091 ne
663 2032 718 2092 hoo
749 2032 870 2109 quidem
901 2033 1014 2110 poterit
1045 2033 1125 2093 credi
1156 2032 1216 2092 nisi
1246 2034 1273 2091 si
1305 2036 1363 2093 aut

209 2125 312 2197 aptum
346 2122 511 2199 exemplum
544 2125 598 2181 aut
629 2124 701 2199 apta
733 2122 901 2200 explicandi
930 2122 1008 2182 ratio
1041 2124 1099 2182 erit
1130 2123 1236 2182 allata:
1266 2122 1362 2183 immo

208 2211 326 2271 facilius
346 2211 448 2271 credes
466 2214 521 2270 aut
534 2213 643 2273 uitioso
658 2213 820 2290 exemplari
833 2230 920 2272 usum
933 2211 1025 2272 fuisse
1041 2211 1192 2272 Consentii
1206 2214 1362 2271 auctorem

208 2304 263 2360 aut
286 2301 366 2378 quod
387 2300 571 2377 probabilius
595 2303 740 2362 errauisse
763 2302 850 2361 illum
873 2302 976 2362 eodem
998 2301 1087 2361 modo
1106 2321 1165 2378 quo
1182 2301 1362 2361 Diomedem

209 2392 261 2466 qui
288 2390 448 2467 Ipsis,
470 2391 548 2450 191(
581 2390 662 2467 apud
697 2390 846 2450 Lucilium
878 2383 995 2473 (incert
1013 2411 1042 2449 u.
1064 2383 1165 2473 1130)
1196 2393 1229 2450 in
1259 2395 1362 2465 pretor

208 2481 329 2558 longam
360 2479 507 2556 syllabam
544 2482 710 2540 structurae
745 2482 845 2558 gratia
881 2480 990 2557 corripi
1025 2480 1193 2557 impudenti
1228 2480 1362 2540 affirmet

208 2568 341 2628 audacia.
386 2570 430 2627 De
455 2589 534 2629 nouo
557 2569 657 2629 codice
680 2569 832 2629 Consentii
852 2569 929 2629 unde
949 2569 1039 2628 Ennii
1057 2589 1160 2630 uersus
1179 2570 1361 2646 scripturam

208 2658 335 2734 protulit
370 2659 461 2717 refert
497 2657 665 2734 Lindsayus
697 2659 774 2718 Berl.
803 2659 878 2717 Phil.
907 2658 1114 2719 Wochensobr.
1142 2659 1241 2717 XXIV
1271 2662 1360 2720 1904

207 2768 235 2824 p.
253 2749 324 2806 283.
371 2748 477 2823 Itaque
504 2748 548 2806 nil
574 2749 632 2807 nisi
660 2748 696 2806 de
724 2747 940 2826 orthographia
966 2748 1049 2808 uerbi
1079 2753 1215 2823 correptus
1237 2748 1362 2808 rettulit

207 2839 418 2916 grammaticus
447 2856 535 2913 quem
564 2840 683 2898 secutus
706 2840 751 2898 est
774 2835 962 2898 Consentius:
986 2838 1079 2898 simili
1101 2837 1189 2897 modo
1216 2839 1360 2911 oreiam

207 2927 326 2987 exhibet
348 2926 444 2986 Edict.
464 2927 590 2986 Dioclet.
609 2927 636 2984 X
656 2928 706 2986 19.
751 2927 851 2985 Verba
877 2928 944 3003 ipsa
971 2945 1044 2987 sana
1067 2930 1150 2987 sunt:
1173 2927 1244 2986 conf
1264 2927 1360 2997 Quin·

207 3016 251 3074 til.
270 3016 287 3075 I
307 3020 335 3090 1,
356 3019 395 3076 13
421 3010 493 3076 ‘oris
516 3016 646 3093 plurima
672 3018 748 3076 uitia
775 3016 806 3075 in
829 3018 1018 3094 peregrinum
1041 3035 1146 3076 sonum
1170 3017 1303 3092 corrupti
1328 3021 1362 3077 et

207 3100 371 3166 sermonis':
394 3105 518 3182 Didymi
544 3107 650 3184 fragm.
669 3126 698 3182 p.
715 3107 754 3165 19
771 3105 867 3165 Schm.
919 3106 1026 3183 Itaque
1058 3109 1112 3166 aut
1140 3123 1189 3166 ore
1215 3107 1247 3166 in
1275 3108 1360 3166 exitu

207 3214 309 3254 uersus
340 3196 471 3271 positum
504 3195 615 3269 fuerat,
648 3198 702 3254 aut
730 3194 821 3255 uerba
850 3199 920 3256 sunt
951 3197 1105 3271 lacunosa,
1137 3197 1191 3256 aut
1219 3198 1265 3255 ori
1292 3196 1358 3256 siue

208 3284 358 3344 abletiuus
389 3286 453 3344 siue
484 3283 605 3344 datiuus
636 3285 853 3345 restituendum
881 3287 950 3360 erit,
982 3289 1016 3345 ut
1043 3287 1083 3346 sit
1108 3287 1358 3362 penthemimeres

208 3377 262 3433 aut
284 3375 404 3433 omnino
422 3373 572 3433 trochaico
591 3377 645 3433 aut
661 3374 790 3434 iambico
808 3376 907 3435 uersui
926 3377 1127 3455 fragmentum
1148 3376 1206 3436 erit
1223 3374 1357 3435 tribuan-

207 3462 286 3521 dum.
311 3494 352 3502 —
375 3463 512 3538 Denique
534 3463 707 3540 bipertitam
728 3464 874 3524 rationem
894 3467 1082 3542 metaplasmi
1100 3462 1173 3524 nord
1191 3463 1359 3544 πρόσθεσιν

207 3547 256 3610 καί
287 3548 444 3631 ἀφαίρεσιν
476 3551 598 3612 adhibet
629 3554 841 3631 grammaticus
873 3553 960 3612 sicuti
992 3556 1024 3612 in
1060 3574 1091 3613 re
1122 3555 1247 3614 metrica
1279 3556 1359 3614 solet

206 3639 271 3699 fieri
298 3633 500 3721 (Oxyrhynch.
520 3641 592 3717 Pap.
612 3642 643 3700 Π
666 3662 694 3717 p.
710 3644 752 3701 44
770 3634 831 3723 m)
860 3644 891 3700 et
916 3643 948 3700 in
971 3644 1089 3718 poetica
1112 3635 1210 3722 (OGF
1228 3643 1245 3703 Ι
1265 3663 1295 3719 p.
1312 3645 1353 3705 51

207 3720 351 3810 Keibel.):
374 3730 622 3807 quadripertitam
645 3732 792 3791 rationem
814 3733 845 3790 in
869 3732 1018 3791 rhetorica
1045 3732 1167 3792 adhibet
1189 3735 1294 3792 auctor
1316 3735 1357 3793 ad

207 3818 276 3879 Her.
295 3819 339 3878 IV
359 3822 409 3895 21,
430 3821 470 3880 29
490 3821 565 3879 med.
590 3815 745 3881 ‘addendis
763 3865 770 3879 .
787 3867 792 3879 .
809 3865 815 3878 .
834 3821 985 3881 demendis
1004 3870 1009 3880 .
1027 3867 1033 3879 .
1049 3867 1055 3878 .
1074 3822 1308 3882 transferendis.
1325 3868 1355 3882 ..

207 3908 422 3968 commutandis
455 3902 605 3991 (litterisl’
643 3930 733 3986 quam
770 3910 945 3970 diuisionem
982 3910 1073 3971 etiam
1108 3911 1356 3989 philosophorum

206 4000 359 4075 propriam
382 3999 474 4058 flasse
496 4001 608 4059 euincit
633 3999 766 4060 Philonis
795 4001 877 4060 locus
905 4001 942 4060 de
969 4003 1080 4060 aetern.
1106 4001 1208 4061 mundi
1233 4004 1273 4060 22
1302 4001 1355 4060 ubi

206 4085 367 4165 πρόσθεσις
393 4084 548 4166 ἀφαίρεσις
582 4087 737 4166 μετάθεσις
768 4086 921 4161 ἀλλοίωσις
949 4092 1092 4166 quattuor
1124 4089 1205 4149 modi
1233 4094 1355 4169 φθορᾶς

207 4180 430 4236 enumeranturz
454 4179 524 4236 conf
544 4177 698 4247 Quintill
717 4179 746 4252 5,
766 4178 794 4236 6.
819 4179 869 4237 38.
893 4179 938 4237 VI
957 4182 986 4253 3,
1006 4181 1056 4239 53.

298 4257 405 4327 1244.
436 4267 594 4343 Explanat.
631 4267 662 4326 in
698 4268 850 4326 Donatum
883 4267 934 4327 GL
953 4267 996 4327 IV
1020 4290 1047 4346 p.
1068 4269 1146 4340 542,
1172 4268 1250 4327 12Κ
1288 4262 1354 4327 ‘Sal

206 4355 362 4413 masculini
386 4357 501 4434 generis
525 4359 583 4416 est:
610 4356 742 4415 Lucilius
770 4348 879 4436 (lucius
903 4349 972 4436 cod)
1001 4353 1075 4417 “ore
1103 4357 1195 4416 salem
1224 4359 1357 4431 cupiscit

206 4439 387 4504 amarum’'.’
433 4444 522 4504 Probi
551 4445 587 4505 de
614 4447 732 4504 nomine
759 4448 898 4521 excerpta
925 4445 976 4505 GL
994 4447 1039 4507 IV
1056 4467 1085 4523 p.
1105 4446 1177 4520 209,
1198 4446 1277 4505 1οΚ
1310 4440 1356 4507 ‘et
