3052 5018
382 342 591 393 PRAEFATIO.
631 342 813 392 sonsum.
853 342 1095 393 CORRIGBNDA.
1264 339 1312 393 Vll

166 530 238 568 uum
266 509 364 568 Latin.
384 528 510 585 compos.
529 508 624 568 Boou.
647 510 730 567 1888
759 509 880 586 scripsit
911 507 949 567 ad
981 528 1027 567 me
1057 506 1240 569 Skutschius.
1273 541 1309 550 —

167 598 214 657 Ad
243 619 270 657 u.
292 601 351 658 611
389 593 488 657 ‘tueri’
522 598 594 656 conf
624 596 683 656 Cic.
715 598 800 675 epist.
819 598 845 655 x
866 599 921 672 24,
941 598 970 656 5.
1005 629 1042 639 -
1077 597 1126 657 Ad
1157 618 1185 657 u.
1201 601 1262 659 777
1288 600 1314 657 si

165 689 300 766 legitime
323 689 436 747 exierat
459 683 631 746 ‘fulmentas
655 682 765 746 aineis’
790 686 983 748 conferendus
1001 687 1080 746 idem
1100 688 1197 746 exitus
1216 687 1313 747 Pleut.

166 777 252 837 Truc.
276 798 304 836 u.
325 780 387 837 272
427 772 572 836 ‘armillas
608 770 735 835 acneas'.
773 808 815 816 —-
852 775 899 834 Ad
930 797 959 835 u.
981 777 1044 836 803
1078 778 1223 837 inuenisse
1255 797 1313 836 non

166 867 291 926 editioni
320 865 501 926 Lachmanni
532 885 595 926 esse
625 864 814 925 tribuendum
842 866 892 925 scd
916 865 1051 926 Vohleuo
1075 858 1167 946 (anal.
1186 867 1313 926 Nouian.

166 976 195 1033 p.
212 958 253 1015 30
277 947 358 1037 adu.)
390 959 493 1016 auctor
520 956 583 1033 ipse
611 955 699 1015 modo
727 975 782 1033 per
804 956 963 1033 epistulam
985 975 1032 1015 me
1055 955 1127 1016 fecit
1149 956 1313 1031 certiorem,

167 1044 245 1104 idem
268 1046 286 1104 l.
302 1065 324 1104 s.
343 1065 371 1122 p.
387 1047 405 1104 6
431 1040 536 1105 ‘nullo’
561 1047 663 1105 mouet
686 1045 787 1104 codem
810 1046 876 1104 loco
898 1064 961 1105 sese
979 1045 1139 1105 inseruisse
1157 1048 1248 1122 atque
1266 1065 1313 1105 me

167 1136 285 1195 11691.
335 1135 370 1194 Iu
403 1154 471 1211 app.
491 1136 554 1194 cria
574 1155 602 1194 u.
625 1135 708 1193 1189
742 1135 853 1195 scribas
885 1135 1066 1211 Michaeam,
1094 1136 1124 1193 in
1157 1153 1224 1211 app.
1249 1135 1313 1193 crit.

166 1223 299 1285 u.1353
337 1224 495 1284 uerborum
534 1223 606 1284 crdo
637 1222 784 1284 turbatus.
839 1223 874 1283 In
907 1223 1004 1284 indice
1037 1225 1188 1283 nominum
1221 1244 1250 1300 p.
1271 1225 1312 1282 98

166 1315 298 1374 errulum
320 1315 351 1372 iu
376 1332 497 1374 numero
521 1314 692 1374 consulatus
715 1313 815 1372 Mucii.
989 1369 996 1384 s

256 1401 365 1462 Versus
393 1402 515 1477 Lucilii,
542 1422 616 1480 quos
639 1402 754 1462 Nonius
781 1403 868 1463 affert
894 1407 1028 1478 sumptos
1056 1420 1072 1460 e
1099 1401 1215 1461 Lucilio
1238 1403 1314 1478 ipso,

166 1511 216 1551 eos
247 1494 278 1551 in
312 1494 523 1552 commentario
551 1493 758 1569 proposuimus
786 1492 849 1553 solo
872 1493 990 1551 nomine
1019 1491 1112 1552 Nonii
1142 1490 1312 1569 praemisso.

166 1580 308 1658 Reliquos
327 1581 429 1641 lectori
448 1581 645 1642 iudicauimus
664 1581 775 1641 additis
793 1581 891 1641 uerbis
906 1576 1034 1642 ‘Nouius
1047 1600 1083 1640 ex
1096 1576 1312 1659 grammatico'.

165 1670 238 1730 Illos
252 1690 354 1730 uersus
369 1689 470 1731 omues
484 1672 691 1749 proposuimus
705 1671 845 1731 collectos
858 1672 990 1750 prclcgg.
1000 1671 1060 1730 uol.
1070 1670 1085 1728 I
1094 1691 1123 1747 p.
1131 1669 1313 1729 LXXXVIII
1413 1691 1414 1695 ¹

165 1779 259 1837 seqq.:
283 1759 319 1818 de
342 1759 476 1821 uersibus
499 1779 517 1819 a
539 1760 743 1839 grammaticis
762 1760 865 1838 petitis
884 1762 991 1837 agetur
1009 1760 1064 1819 hoc
1082 1759 1161 1836 quod
1181 1758 1314 1836 sequitur

164 1848 271 1925 cupite.

256 2009 366 2088 Scripsi
389 2009 509 2087 Lipsiao
534 2010 600 2070 Kal.
620 2011 707 2070 Mart.
728 2010 849 2070 MCMV.

902 2217 1109 2286 Frlderlcus
1132 2217 1246 2285 llarx.
