3036 5004
555 342 630 396 xxx
649 361 675 396 u.
697 348 880 398 ross-10⁷⁸.
1228 345 1294 410 343

141 512 232 592 μυχός
259 510 382 592 ἀχύρων
409 513 601 590 appellantur
632 512 693 573 tab.
711 512 828 572 Heracl.
848 512 863 570 Ι
884 515 947 572 142
973 512 1095 591 (Caueri
1121 514 1225 574 delect.
1248 518 1293 574 in·

140 605 241 680 script.
261 602 310 663 Gr.
329 602 366 663 ed
383 601 415 661 H
434 604 477 662 40
500 602 631 662 Kaibelii
654 600 748 661 lusi
769 594 855 682 645).

232 684 339 754 1076.
361 692 477 752 Nonius
495 712 524 768 p.
542 693 614 766 137,
634 692 675 750 28
697 688 844 768 ‘Mictyris
864 684 1005 773 (mistiris
1025 692 1054 752 G
1067 712 1105 751 m.
1124 697 1151 762 1,
1170 694 1292 753 mictilis

140 802 178 841 m.
193 774 243 862 2),
270 780 452 859 paupercula
484 781 692 858 pulmentaria.
743 779 877 841 Lucilius
909 781 960 840 lib.
977 782 1041 840 XX
1069 777 1294 859 “pulmentaria

139 873 284 932 alentibus
306 874 360 931 aut
382 872 502 946 11111οά
525 890 618 949 genus
640 870 732 931 herba
756 874 786 930 et
809 871 855 930 ius
878 890 1033 930 menarum
1055 872 1129 931 bene
1153 872 1244 931 habet
1262 892 1293 933 se

140 963 275 1038 mictyris
298 962 372 1021 haee
391 963 437 1021 est
458 954 576 1021 meri”.'
623 961 706 1020 Idem
730 981 757 1037 p.
775 962 848 1035 209,
868 962 886 1020 3
912 956 1024 1021 ‘Intiba
1046 963 1163 1040 generis
1186 963 1292 1022 neutri.

141 1051 377 1111 ..masculini
409 1050 542 1110 Lucilius
562 1096 567 1108 .
584 1097 590 1108 .
606 1096 612 1109 .
631 1050 710 1110 idem
734 1050 816 1109 XXX
840 1045 1064 1127 “pulmentaria
1079 1099 1085 1109 .
1102 1097 1107 1108 .
1124 1098 1130 1110 .
1149 1053 1250 1124 ulium
1268 1056 1295 1112 et

139 1141 172 1200 id
204 1159 297 1220 genus
329 1134 466 1200 herba''.'
513 1139 604 1201 Libro
636 1141 719 1199 XXX
750 1139 909 1217 adscripsit
940 1140 1164 1215 Lachmannus,
1200 1144 1292 1202 recte:

140 1249 211 1289 narn
233 1231 353 1290 facilius
377 1249 436 1289 uua
459 1229 486 1287 X
509 1233 582 1289 nota
605 1248 624 1289 a
647 1229 770 1288 librario
793 1229 893 1288 omitti
916 1232 1017 1305 potuit
1035 1249 1124 1306 quam
1147 1229 1216 1289 addi
1239 1250 1293 1306 per

140 1339 278 1381 errorem.
314 1318 439 1378 Accedit
453 1318 533 1396 quod
547 1338 593 1395 ap.
609 1319 685 1379 Non.
695 1340 724 1396 p.
738 1321 800 1378 137
816 1319 1027 1379 commendant
1039 1339 1194 1379 numerum
1209 1320 1292 1379 XXX

140 1430 176 1471 ea
203 1429 279 1486 quae
309 1413 449 1469 secuntur
474 1409 618 1469 lemmata
645 1409 682 1467 ad
695 1407 761 1470 ,lib
781 1407 895 1466 XXVII
923 1411 953 1468 et
976 1408 1074 1467 XXVI
1101 1411 1291 1485 pertinentia.

63 1513 65 1517 ‘
139 1503 213 1560 meri
240 1499 320 1574 quod
347 1501 380 1557 in
407 1500 489 1558 exitu
516 1517 620 1559 uersus
648 1498 772 1558 alterium
799 1497 932 1574 positum
960 1502 1005 1558 est
1033 1518 1080 1575 ap.
1098 1498 1243 1576 Nonium,
1277 1518 1292 1557 e

139 1590 278 1666 sequenti
300 1593 436 1649 mutaret
458 1590 558 1647 ortum
581 1606 644 1648 esse
667 1586 815 1648 intellexit
837 1587 972 1647 Rothius.
1019 1590 1121 1662 aliqua
1148 1589 1180 1647 td
1199 1607 1292 1663 penus

140 1679 281 1740 editores:
305 1677 364 1737 cn.
384 1678 422 1738 ad
445 1678 509 1738 Att
529 1677 603 1737 xm
624 1681 674 1752 12,
694 1680 713 1738 3
739 1672 901 1736 ‘orationes
919 1675 974 1736 aut
992 1677 1105 1753 aliquid
1123 1678 1155 1735 id
1175 1674 1290 1757 genus’.

139 1767 183 1828 At
201 1768 280 1845 quod
299 1786 456 1845 perperam
475 1767 620 1844 scriptum
638 1771 684 1827 est
705 1787 735 1844 p.
751 1768 814 1827 209
836 1761 951 1842 ‘aliqua
969 1770 1000 1825 et
1017 1767 1049 1826 id
1067 1778 1160 1845 genus
1178 1763 1292 1843 herba',

138 1859 208 1918 inde
240 1858 346 1918 melius
379 1860 437 1917 erit
468 1857 549 1933 quod
580 1856 642 1916 iam
670 1857 743 1917 fecit
770 1853 931 1915 Oniousius
958 1875 1132 1934 recuperare
1164 1857 1292 1917 formam

140 1949 257 2022 aliquas
284 1947 321 2007 de
350 1966 409 2022 qua
439 1947 561 2023 interpr.
581 1946 619 2006 ad
646 1945 873 2006 1111111263
901 1945 1110 2006 Lachmaunus
1140 1947 1178 2006 ad
1206 1946 1291 2006 Lucr.

139 2038 267 2097 wass
290 2037 411 2096 Neueus
435 2037 471 2096 de
498 2037 602 2096 formis
631 2037 649 2094 l.
668 2035 734 2095 Lat.
759 2028 843 2117 (edit.
863 2026 922 2116 III)
946 2037 977 2095 Π
1000 2056 1028 2112 p.
1044 2037 1118 2095 476.
1162 2038 1292 2112 mictyris

140 2126 220 2202 quod
252 2125 383 2186 traditur
409 2127 441 2184 in
473 2146 501 2184 1.
529 2125 638 2186 Lucilii
670 2129 700 2186 et
731 2128 762 2184 in
794 2126 935 2185 lemmate
967 2145 985 2185 s
1012 2127 1069 2186 cod
1095 2125 1234 2186 Leidensi
1262 2130 1293 2185 et

140 2214 375 2292 Guelferbytauo
398 2236 436 2275 m.
454 2219 482 2289 1,
505 2215 588 2274 nolui
605 2218 730 2275 mutare.
771 2214 823 2273 Nil
844 2214 903 2273 nisi
922 2215 1093 2276 coniectura
1111 2215 1228 2275 librarii
1246 2219 1292 2276 est

138 2305 215 2364 illud
251 2304 380 2380 merse,
417 2304 541 2382 μυστίλη
575 2322 665 2380 quam
697 2305 843 2363 memorat
875 2304 981 2364 Pollux
1013 2304 1122 2364 vles
1156 2305 1293 2383 agnoseit

140 2392 349 2454 Lachmannus
364 2393 415 2471 qui
433 2394 591 2471 proposuit
608 2396 635 2453 si
652 2395 769 2469 mysttle
786 2395 864 2452 sicca
879 2398 927 2462 est,
947 2392 1078 2471 μυστιλίς
1092 2393 1291 2455 Buechelerus

139 2484 172 2543 in
187 2480 337 2544 Thesauro
352 2482 518 2561 glossarum
533 2483 756 2542 emendaturum
770 2500 792 2541 s.
807 2484 972 2542 1111111111.
1011 2482 1098 2553 Quod
1111 2483 1291 2543 uocabulum

141 2574 303 2634 formatum
333 2576 368 2632 ut
399 2571 583 2650 πλημμυρίς,
616 2576 651 2630 11
681 2568 805 2650 &tuopte
838 2570 876 2631 ab
907 2570 986 2650 ἅλμη
1013 2573 1058 2631 ita
1086 2592 1104 2632 s
1132 2570 1232 2649 μικτός
1261 2576 1292 2633 et

140 2662 308 2741 siguificare
338 2660 458 2721 uidetur
484 2663 665 2722 mbeilluncu
692 2663 758 2720 ludi
784 2681 873 2736 quem
904 2662 1004 2720 eibum
1031 2661 1167 2738 appellat
1188 2662 1290 2721 quen.

140 2753 183 2812 XI
203 2754 253 2812 20.
300 2752 411 2830 Agitur
438 2751 474 2810 de
502 2750 574 2811 cibis
603 2753 654 2827 qui
677 2754 800 2829 aegroto
829 2752 1021 2811 conueniant:
1052 2750 1183 2811 Scribou.
1202 2749 1289 2830 Larg.

140 2861 204 2918 cap.
225 2843 288 2903 104
309 2890 314 2901 .
332 2888 359 2901 ..
380 2835 555 2917 ‘proderunt
578 2843 608 2900 et
630 2840 728 2900 intubi
751 2841 827 2900 coeti
851 2841 900 2900 uel
922 2842 1005 2900 crudi
1029 2860 1065 2900 ex
1091 2844 1189 2917 aceto,
1216 2843 1290 2900 item

139 2931 273 2992 lactucae
306 2931 404 2991 mules
435 2949 501 2990 eum
533 2931 614 2989 foliis
646 2950 681 2989 er
713 2947 803 3007 posca
835 2930 962 3004 decocti,
994 2929 1138 2991 conchula
1165 2932 1291 3005 marina,

139 3038 302 3098 purpurae,
333 3015 471 3080 murices’
500 3018 574 3079 Cels.
593 3019 639 3078 III
662 3021 760 3097 capt
785 3041 813 3096 p.
829 3021 885 3093 87,
905 3020 946 3080 33
973 3019 1109 3079 Daremb.
1135 3015 1192 3079 ‘uti
1224 3019 1289 3080 cibo

140 3111 234 3171 serius
262 3113 292 3170 et
318 3110 416 3169 rarius
510 3111 697 3186 maximeque
722 3108 865 3182 oleribus,
892 3110 996 3186 qualia
1026 3111 1097 3169 sunt
1123 3109 1290 3186 lapathum,

140 3202 250 3276 urtica,
286 3200 402 3275 malus,
438 3200 487 3259 uel
517 3199 583 3259 iure
614 3201 707 3259 etiam
740 3200 932 3275 concharum,
968 3201 1206 3260 musculorumue
1237 3203 1291 3259 aut

139 3286 344 3352 locustarum’.
395 3290 478 3350 Haeo
505 3291 689 3368 aegrotantis
717 3291 787 3348 suut
813 3289 969 3349 alimenta
1002 3288 1054 3365 qui
1082 3290 1171 3349 simul
1199 3292 1290 3366 atque

139 3401 170 3441 se
206 3380 280 3440 bene
316 3380 424 3440 habere
462 3380 573 3455 coepit,
609 3380 683 3439 haec
713 3382 759 3439 est
784 3379 934 3456 mictyris,
966 3379 985 3438 i.
1000 3398 1023 3439 e.
1053 3379 1136 3438 cibus
1166 3379 1236 3439 uilis
1259 3381 1290 3438 et

139 3473 336 3546 contemptus.
376 3470 468 3530 Recte
496 3470 565 3529 benc
593 3469 677 3529 lubet
703 3486 733 3528 sc
761 3468 848 3528 codd:
876 3470 978 3547 agItur
1007 3468 1043 3527 de
1065 3468 1232 3528 ualitudine
1256 3472 1291 3527 ut

138 3559 279 3619 lib.Vu.
296 3560 357 3619 181
394 3555 465 3635 ‘quo
501 3577 548 3617 me
584 3558 709 3619 habeam
742 3553 842 3634 pacto'
875 3558 953 3617 Flor.
976 3557 1008 3617 H
1032 3559 1072 3617 13
1101 3550 1160 3639 (IV
1184 3551 1219 3639 2)
1247 3560 1287 3617 68

140 3644 306 3726 ‘respoudit
326 3649 383 3709 hoc
400 3651 500 3725 ipsum
520 3643 617 3708 “bene
636 3667 666 3709 se
685 3648 776 3707 habet
797 3643 1006 3725 imperator''’
1027 3646 1086 3707 Gic.
1106 3647 1145 3706 ad
1167 3645 1231 3706 Act.
1246 3646 1289 3705 XI

142 3740 209 3812 7,4
234 3733 269 3797 ‘ii
295 3742 396 3798 tamen
423 3738 483 3814 ipsi
510 3756 541 3798 se
568 3738 623 3797 hoc
650 3739 757 3797 melius
784 3737 896 3797 hebent
918 3756 1009 3814 quam
1032 3733 1107 3796 nos'.
1153 3736 1288 3812 mietyris

139 3827 212 3886 haec
234 3830 292 3886 est:
316 3827 384 3887 uide
407 3826 445 3885 ad
468 3827 520 3887 lib.
534 3828 632 3887 XXIX
650 3848 678 3886 u.
695 3828 768 3887 886.

230 3908 337 3977 1078.
360 3916 475 3976 Nonius
498 3937 526 3993 p.
542 3919 616 3989 344,
631 3918 673 3975 23
698 3912 816 3990 ‘Meret,
840 3917 976 3975 meretur.
1022 3914 1173 3992 Vergilius
1196 3914 1288 3974 libX

140 3997 235 4086 (492)
250 4000 394 4082 “qualem
407 4008 526 4080 meruit,
540 4005 681 4066 Pallanta
699 4000 843 4064 remitto’'
864 4006 894 4063 et
911 4004 963 4063 lib.
977 4004 1020 4062 IV
1035 3995 1130 4084 (31⁷)
1146 3999 1197 4062 “si
1214 4002 1288 4063 bene

139 4094 212 4170 quid
245 4094 280 4154 dc
312 4097 343 4154 te
375 4091 503 4154 merui’'.
549 4096 588 4154 M.
608 4095 724 4155 Tullius
752 4094 791 4154 ad
823 4093 979 4153 Gaesarem
1008 4091 1154 4152 iuniorem
1187 4092 1238 4152 lib.
1256 4094 1288 4153 Π

140 4178 253 4259 “quem
289 4185 399 4261 perisse
435 4186 480 4244 ita
516 4185 552 4245 de
588 4184 741 4261 republica
777 4184 938 4242 merentem
980 4182 1130 4241 consulem
1167 4178 1287 4243 doleo'’.

139 4271 272 4334 Lucilius
303 4272 354 4333 lib.
374 4273 457 4332 XXX
492 4269 631 4348 “publicu
668 4274 728 4347 lepe
763 4275 798 4331 ut
833 4290 961 4347 mersas,
997 4273 1116 4348 praesta
1153 4274 1199 4331 est
1230 4273 1287 4332 tibi

139 4358 323 4438 quaestor'’.'
365 4362 431 4422 Liu.
445 4363 489 4422 IV
509 4365 560 4437 43,
580 4365 599 4421 4
622 4362 717 4422 tradit
739 4364 853 4422 creatos
873 4379 936 4420 esse
956 4356 1138 4437 ‘quaestores
1157 4361 1216 4420 duo
1235 4362 1288 4438 qui

139 4453 309 4513 consulibus
342 4453 380 4512 ad
413 4454 579 4513 ministeria
610 4451 683 4513 belli
714 4454 833 4528 praesto
865 4444 984 4526 essent',
1012 4448 1225 4510 Oic.Verr.H
1246 4454 1283 4510 11
