3060 5010
575 375 639 431 VIII
656 394 684 431 n.
703 380 853 432 aot-807.
1231 376 1295 441 115

146 549 258 623 poterit
272 546 439 624 siguificare
455 545 506 606 sed
520 548 653 622 eorporis
667 546 848 622 superlorem
863 548 980 622 partem
999 538 1074 624 (cic.
1084 544 1121 604 de
1133 546 1241 605 senect.
1254 547 1294 604 14

148 632 269 714 ‘magua
292 655 365 696 uoce
389 638 420 694 et
442 635 527 694 bouis
546 635 691 695 lateribus
714 627 823 714 suasi')
846 635 925 695 siout
943 635 1023 713 apud
1039 634 1112 693 Hor.
1130 653 1216 693 eenn.
1235 634 1295 709 12,

148 727 188 784 92
215 721 329 784 ‘nerum
353 725 490 804 depugis,
513 728 635 800 nasuta,
662 725 748 784 breui
777 726 870 784 latere
893 743 928 784 ac
951 723 1025 801 pede
1048 724 1138 802 longo
1162 719 1228 784 est'.
1251 755 1295 766 -

146 833 215 873 cum
238 817 356 891 pectore
378 808 496 892 pactus]
519 812 718 891 supplendum
741 817 787 874 est
809 813 915 892 iungit.

223 897 321 964 306.
349 903 516 980 Porphyrio
544 903 581 961 ad
608 902 730 963 Horatii
756 921 926 963 sermonum
944 902 960 962 I
980 904 1012 977 2,
1034 904 1096 962 125
1126 898 1220 962 ‘Haec
1242 902 1295 962 ubi

147 995 306 1070 supposuit
329 992 432 1052 dextro
455 1010 561 1069 corpus
584 992 659 1051 mihi
682 988 814 1052 laeunm’
840 988 917 1053 ‘Hoc
940 997 986 1051 est
1005 991 1084 1068 quod
1102 990 1236 1051 Lucilius
1250 993 1296 1050 ait

147 1082 178 1140 in
206 1082 280 1141 VIII
314 1076 370 1142 “et
401 1081 536 1141 cruribus
568 1100 657 1142 crura
687 1076 884 1141 diallanon”.'
941 1081 1069 1140 Dubitat
1104 1079 1138 1140 G.
1157 1081 1294 1157 hieyerus

147 1171 360 1248 Porphyrionis
401 1170 499 1231 editor
536 1169 615 1230 sitne
654 1169 810 1243 διαλλαξων
847 1170 1047 1247 imperatiuns
1084 1188 1122 1228 au
1159 1171 1294 1230 futurum

147 1259 309 1333 διαλλάξαι
330 1258 578 1337 intellegendum:
606 1259 658 1320 aad
681 1259 817 1319 futurum
838 1259 906 1320 ideo
930 1259 1129 1336 probabilius,
1157 1252 1240 1336 quod
1262 1259 1294 1318 iu

147 1348 254 1410 similis
297 1349 468 1428 argumenti
510 1348 647 1408 uersibus
688 1350 864 1409 303-305
905 1348 1089 1409 indicatinus
1131 1349 1294 1408 inuenitur.

147 1438 334 1499 Vocabulum
362 1437 508 1499 Graecum
536 1438 567 1497 in
594 1438 683 1498 rebus
715 1437 870 1499 obscaenis
898 1441 1078 1515 usurpatum
1107 1438 1182 1515 quin
1213 1440 1294 1498 reete

147 1527 295 1587 traditum
323 1528 363 1588 sit
389 1546 449 1588 non
476 1527 626 1588 dubitem:
653 1527 757 1605 Eurip.
776 1527 926 1587 Heraclid.
946 1528 1010 1587 836
1038 1525 1071 1587 rb
1098 1525 1235 1606 δεύτερον
1262 1522 1294 1586 δὲ

146 1615 223 1691 ποὺς
251 1614 442 1696 cucumeris
469 1616 554 1693 ποδί,
582 1613 660 1694 ἀνὴρ
687 1611 715 1676 δ’
741 1608 783 1676 ἐπ’
813 1613 900 1698 ἀνδρὶ
929 1614 999 1688 σιᾶς
1029 1612 1175 1697 ἐκαρτέρει
1208 1614 1294 1699 μάχη.

147 1707 300 1783 Aristoph.
323 1705 402 1765 Nub.
423 1707 486 1766 983
515 1697 581 1766 οὐδ’
606 1705 698 1784 ἴσχειν
724 1702 764 1766 τὼ
790 1698 860 1768 πόδ’
890 1702 1020 1779 ἐναλλάξ.
1066 1705 1145 1764 Plut.
1163 1705 1200 1765 de
1223 1709 1294 1765 rect

146 1799 203 1855 rat.
227 1797 296 1856 aud.
320 1814 384 1872 cap.
410 1797 450 1855 13
475 1816 503 1873 p.
522 1797 565 1855 45
583 1795 611 1853 D
647 1792 698 1856 ιιαλ
733 1794 901 1875 περίκλασις
937 1794 1071 1874 σώματος
1105 1791 1156 1855 aul
1192 1802 1295 1874 μηρῶν

147 1881 300 1958 ἐπάλλαξις
331 1882 465 1964 ἀπρεπής
497 1876 563 1966 (ubi
595 1884 665 1943 uide
698 1903 776 1962 quae
809 1884 1062 1961 wyttenbachius
1092 1876 1228 1966 semath
1259 1887 1295 1969 ‘ll

146 1970 298 2047 ἐπαλλάξει
319 1982 379 2034 τῶν
397 1972 549 2035 δακτύλων
567 1973 748 2034 ArIstoteles
766 1974 804 2034 de
821 1973 948 2034 iusomu.
967 1992 1032 2050 cap.
1048 1975 1066 2033 2
1086 1993 1116 2050 p.
1130 1972 1223 2033 460b
1244 1975 1294 2033 20.

147 2063 221 2123 Rem
244 2064 340 2140 ipsam
364 2062 504 2124 similiter
523 2066 665 2122 enarrant
681 2063 878 2124 Archilochus
899 2062 975 2123 72ss
995 2055 1104 2144 (PLG⁴
1122 2062 1153 2122 11
1172 2082 1200 2139 p.
1215 2054 1295 2144 403)

146 2149 218 2213 πάιιλ
248 2150 351 2234 γαστρὶ
382 2149 506 2234 γαστέρα
536 2153 715 2231 προσβαλεῖν
749 2153 863 2232 μηρούς
893 2173 923 2212 τε
955 2156 1062 2232 μηροῖς
1092 2151 1200 2211 Anser.
1232 2152 1293 2210 164

162 2236 451 2323 1.s.111p.294):
478 2239 633 2315 πλέξαντες
661 2245 767 2321 μηροῖς
795 2239 861 2321 πέρι
889 2241 1003 2321 μηρούς
1029 2240 1140 2301 Tibull.
1158 2240 1173 2299 Ι
1193 2242 1227 2316 8,
1252 2241 1293 2299 26

163 2330 275 2391 Charis.
291 2328 345 2390 GL
364 2330 380 2389 I
402 2350 431 2409 p.
447 2323 604 2411 ΒΗΚ).

236 2412 319 2481 307.
339 2420 504 2497 Porphym‘o
523 2419 562 2479 ad
580 2420 702 2480 Horatii
719 2438 890 2480 sermonum
904 2420 919 2479 Ι
935 2421 963 2496 2,
979 2420 1020 2479 68
1040 2415 1220 2479 ‘Muttouem
1238 2438 1293 2495 pro

147 2509 230 2569 uirili
248 2509 382 2570 membro
400 2509 478 2569 dixit
494 2509 646 2570 Lucilium
664 2509 816 2569 imitatus:
834 2509 885 2568 ille
905 2509 1016 2568 etenim
1034 2509 1066 2567 in
1091 2508 1159 2567 VII
1174 2503 1243 2588 (ora.
1261 2510 1295 2566 ιἰι

147 2617 214 2674 αμμ.
233 2594 310 2676 erit.)
329 2599 372 2660 sic
390 2599 436 2658 alt
454 2594 499 2658 “a
516 2600 584 2659 leue
599 2646 604 2657 .
621 2645 627 2657 .
643 2646 649 2657 .
664 2600 836 2673 abstergeret
852 2593 995 2658 amiea‘’.'
1029 2596 1236 2658 Pseudoacrou
1256 2596 1295 2655 ad

146 2689 165 2747 l.
181 2708 203 2749 s.
218 2708 254 2749 st
279 2684 388 2748 ‘mutto
411 2691 515 2748 autem
537 2688 650 2750 dicitur
676 2687 842 2748 membrum
869 2686 970 2764 uirile,
999 2691 1035 2746 ut
1057 2685 1192 2746 Lucilius
1217 2684 1294 2744 libro

147 2781 254 2838 octauo
282 2773 376 2839 “lena
402 2778 542 2839 lacrimas
569 2777 701 2838 muttoui
729 2777 882 2855 absterget
912 2771 1054 2835 amica”.’
1104 2775 1196 2834 Libro
1219 2774 1294 2834 VIII

146 2869 226 2928 reete
250 2867 433 2944 adscripsere
457 2868 660 2946 fragmentum
683 2869 714 2925 et
732 2865 946 2942 Porphyrionis
969 2870 1000 2926 et
1019 2863 1131 2926 Lucilii
1154 2863 1293 2924 editores.

147 2956 256 3034 Turpis
278 2957 439 3017 translatio
462 2956 498 3015 fit
515 2975 582 3016 cnm
600 2955 686 3033 penis
704 2956 826 3032 plorans
844 2954 1016 3016 foedissimo
1035 2972 1123 3014 sensu
1141 2953 1295 3013 inducitur

148 3064 166 3103 a
197 3050 287 3122 poete
315 3045 403 3122 quasi
430 3047 533 3123 homo,
564 3049 600 3106 nt
628 3045 774 3105 Horatius
800 3045 820 3104 I.
842 3063 878 3121 a,
901 3044 939 3103 ad
967 3064 1058 3122 quem
1085 3042 1293 3120 explicandum

147 3138 264 3196 ueteres
287 3136 367 3195 hunc
388 3134 498 3195 Lucilii
525 3153 645 3195 uersum
673 3153 838 3212 apposuere
863 3129 953 3193 ‘Huic
975 3135 1001 3193 si
1024 3135 1171 3193 muttonis
1193 3132 1294 3191 uerbis

147 3225 228 3284 mela
255 3227 343 3285 tauta
368 3223 486 3284 uidenti
514 3224 635 3285 DIceret
660 3225 735 3284 haee
764 3223 882 3284 animus
905 3243 930 3283 e.
944 3242 973 3300 q.
988 3242 1010 3282 s.
1055 3222 1162 3299 Neque
1187 3221 1294 3281 melius

147 3315 202 3374 hoc
229 3314 354 3373 uerbum
383 3309 544 3374 ‘lacrimas’
572 3314 725 3375 illustrare
755 3331 911 3391 possumus
944 3331 1035 3389 quam
1065 3312 1166 3371 uerbis
1193 3311 1294 3370 Boetii

147 3403 183 3463 de
202 3403 374 3463 defiuitione
392 3394 520 3486 (ilignei
539 3404 647 3480 patrol.
665 3404 725 3463 nol.
741 3405 783 3463 64
805 3424 835 3480 p.
852 3405 915 3464 904
930 3395 972 3483 D)
993 3397 1113 3478 ‘Turpis
1133 3400 1293 3460 translatio

146 3492 182 3551 fit
211 3492 327 3552 duobus
358 3492 454 3553 modis
486 3512 554 3553 eum
586 3493 711 3554 honesta
749 3492 888 3570 turpibus
919 3492 1075 3552 definimus
1107 3492 1161 3550 aut
1192 3489 1294 3566 turpia

147 3582 280 3643 honestis
307 3585 341 3641 ut
368 3583 395 3641 si
422 3581 491 3660 quis
520 3583 723 3660 patratIouem
745 3580 888 3641 definiens
910 3581 1049 3641 lacrimas
1072 3580 1154 3639 dicat
1176 3581 1294 3638 ueneris

146 3671 307 3749 fatigatae:
331 3690 421 3748 quem
439 3665 609 3755 sudorem¹)
631 3671 739 3731 meiius
759 3671 936 3731 nominaret.
981 3669 1025 3729 At
1051 3671 1156 3730 onuba
1183 3667 1294 3743 aliquis

147 3760 228 3820 dicat
259 3760 400 3820 lacrimae
432 3763 505 3820 sunt
535 3760 647 3822 doloris
677 3762 825 3838 patratio,
860 3760 931 3820 huic
963 3760 1039 3818 nitio
1072 3776 1128 3818 nec
1159 3758 1295 3833 superior

147 3850 297 3927 particule
333 3852 603 3926 temperamentum
640 3845 770 3909 tribuit'.
824 3847 962 3909 Patratio
999 3851 1099 3907 autem
1136 3844 1207 3923 quid
1245 3845 1294 3921 sit,

148 3939 314 4016 expositum
338 3940 385 3998 eet
405 3938 510 4000 Isidor.
534 3934 608 4017 orig.
627 3938 669 3997 IX
689 3941 718 4014 5,
738 3940 757 3998 3
783 3934 885 3997 ‘Pater
911 3940 1012 3997 autem
1034 3936 1132 3996 dictus
1155 3953 1190 3993 eo
1213 3934 1294 4010 quod

147 4030 317 4105 patratione
344 4031 467 4105 peracta
493 4027 588 4087 filium
616 4030 710 4088 creat:
741 4029 875 4104 patratio
903 4029 983 4086 euIm
1010 4030 1056 4086 est
1084 4027 1129 4084 rei
1155 4024 1293 4082 uenerias

148 4113 385 4178 eonsummatio'.
440 4117 554 4177 Similis
589 4117 648 4177 ioci
686 4119 805 4194 turpem
836 4115 1066 4193 ambiguitatem
1100 4113 1191 4172 habes
1222 4112 1293 4172 hist.

238 4274 265 4342 1)
284 4270 363 4325 Luer.
378 4269 415 4324 lV
437 4274 505 4326 1120
525 4268 692 4338 ‘teriturque
709 4267 867 4324 thalassina
884 4266 973 4321 uestis
991 4265 1117 4321 Adsidue
1135 4267 1165 4320 et
1182 4265 1295 4321 Veneris

146 4344 272 4398 mamea
295 4343 417 4396 exercita
440 4340 532 4412 potat’
552 4340 645 4395 Boetii
667 4341 720 4396 hoc
743 4339 805 4395 loco
824 4356 856 4394 ex
877 4338 989 4393 licetur.
1025 4336 1193 4392 'lhalassina
1210 4339 1294 4392 aretis

147 4418 226 4485 teges
249 4414 316 4469 lecti
339 4431 388 4467 eeu
407 4413 496 4467 uestis
515 4413 641 4484 stragula
660 4415 716 4481 est,
739 4413 772 4465 ut
790 4429 834 4482 ap.
875 4409 962 4464 iodor.
977 4413 1098 4480 excerpt.
1113 4409 1162 4464 lib.
1177 4408 1293 4464 XXXIV

147 4490 176 4540 et
194 4484 297 4540 XXXV
316 4492 341 4552 λ,
360 4491 394 4539 35
413 4485 580 4555 στρωμάτων
596 4484 759 4540 θαλασσίων
776 4480 961 4546 πολυτελείας.

1047 4573 1083 4626 8*
