3000 5002
486 369 583 426 inoert
604 371 707 426 11111.
728 375 912 424 nul-119³.
1213 369 1277 434 377

130 541 162 598 in
182 559 239 600 usu
256 540 363 601 habuit
381 561 440 601 non
459 542 547 601 modo
565 560 620 617 pro
640 560 708 600 aere
726 540 909 616 imperfecto,
932 541 968 597 ut
984 538 1127 613 Lucilius,
1150 559 1217 598 cum
1236 541 1280 599 ait

132 625 272 706 “plumbi
288 632 437 703 punillam
459 631 549 690 rodus
572 631 686 706 linique
708 624 889 702 macerea’,
912 628 963 688 sed
986 629 1077 688 etiam
1096 631 1214 708 signato
1227 676 1231 686 .
1244 675 1249 686 .
1261 623 1280 687 .'

132 719 292 796 Scripsisse
323 720 443 779 uidetur
473 719 606 780 Isidorus
640 722 817 794 catapirates
853 719 936 777 cuius
973 719 1062 778 codex
1100 719 1279 795 archetypus

132 809 303 885 praebuerit
325 811 357 868 in
380 810 589 885 explanatione
612 811 818 883 catapiarates,
845 809 877 866 in
901 827 928 865 u.
952 806 1061 867 Lucilii
1086 813 1280 882 caiapcratce:

132 917 209 974 quae
237 900 407 974 corruptela
433 899 565 959 eiusdem
592 899 713 958 uidebrr
744 915 806 957 esse
837 898 955 974 generis
986 898 1076 972 atque
1109 900 1141 957 in
1168 896 1280 956 Vindo-

132 986 256 1047 bonensi
278 987 361 1046 Liuii
384 1008 438 1065 pro
461 991 473 1046 i
495 991 618 1066 ponitur
635 990 668 1047 iu
691 981 936 1067 (Schuchhardtii
964 986 1000 1044 de
1027 987 1189 1047 uocalismo
1208 987 1227 1044 1.
1247 985 1279 1044 L.

132 1077 266 1154 uulgaris
283 1076 315 1135 Π
332 1097 361 1154 p.
382 1069 462 1159 218)
485 1080 517 1136 in
540 1077 632 1137 uerbo
655 1076 762 1151 medio,
785 1078 816 1134 in
840 1078 970 1135 extremo
988 1078 1017 1134 ia
1035 1095 1089 1152 pro
1107 1079 1119 1135 ν’
1137 1096 1280 1135 nonnum-

133 1185 224 1242 quam
243 1168 308 1225 erat
326 1169 358 1225 in
377 1168 539 1244 archetypo
558 1167 632 1227 codd
650 1166 815 1225 rhetoricae
837 1164 875 1223 ad
892 1164 1077 1224 Herennium
1097 1157 1279 1246 (ΙΠ19,32

133 1255 207 1314 med.
227 1254 272 1312 IV
293 1257 347 1331 18,
371 1258 422 1315 96.
458 1259 512 1331 19,
542 1248 612 1337 27)1
646 1257 838 1330 catapeirates
875 1254 1044 1314 Muellerus.
1095 1254 1281 1315 Vocabulum

133 1345 206 1404 alibi
229 1365 288 1405 non
310 1346 476 1405 inuenitur:
505 1365 563 1422 quo
587 1345 773 1424 significatur
795 1340 879 1421 βολίς
902 1362 993 1420 quam
1016 1344 1282 1424 καταπειρητηρίην

132 1436 269 1493 1011111111
286 1435 395 1495 Herod.
414 1436 483 1495 115
516 1433 612 1508 κατεὶς
647 1432 917 1513 καταπειρητηρίην
953 1431 1049 1509 πηλόν
1085 1455 1114 1494 τε
1152 1430 1281 1506 ἀνοίσεις

135 1525 176 1583 28
187 1527 260 1582 extr.
284 1522 325 1601 μὴ
349 1523 500 1584 δύνασθαι
521 1520 696 1602 κατιεμένην
718 1521 987 1600 καταπειρητηρίην
1009 1519 1040 1594 ἐς
1067 1520 1179 1601 βυσσὸν
1207 1519 1283 1582 ι’ίναι

134 1605 265 1692 (Gallim.
289 1614 396 1691 fragm.
417 1615 480 1673 159
508 1610 672 1691 καθιεμίνη
700 1634 729 1672 τε
757 1610 901 1690 pelopidis
928 1611 982 1670 ubi
1012 1611 1081 1671 uide
1110 1611 1282 1671 Schneideri

133 1695 295 1784 adnotat.):
328 1703 399 1762 conf
422 1702 550 1779 Hesycln
574 1721 597 1762 s.
620 1723 649 1762 u.
682 1703 779 1762 adem
808 1699 977 1777 disyllabon
1008 1704 1078 1777 post
1109 1720 1282 1761 consonam:

132 1791 202 1851 uide
234 1792 323 1851 indic.
346 1811 470 1871 gramm.
494 1810 517 1851 s.
540 1812 569 1851 u.
592 1793 733 1868 syciaesis
760 1790 793 1851 L.
812 1789 950 1848 Muelleri
974 1790 1011 1848 de
1033 1809 1066 1850 re
1088 1794 1172 1851 metr.
1197 1791 1233 1849 ed
1251 1790 1283 1849 11

133 1902 161 1959 p.
183 1883 255 1940 322.
280 1883 353 1941 323.
399 1885 518 1942 uastam
544 1885 624 1942 recte
652 1882 782 1959 explicat
806 1879 947 1939 aruceus
975 1898 1063 1955 quem
1091 1879 1188 1940 adfert
1211 1878 1282 1939 Ger-

133 1971 248 2031 lachius
276 1971 312 2030 de
340 1971 428 2048 adipe
456 1972 504 2031 uel
535 1971 605 2032 sebo
636 1990 694 2047 quo
726 1971 851 2030 illinunt
882 1971 992 2028 nautae
1023 1969 1191 2046 plumbum,
1224 1989 1283 2046 quo

134 2062 231 2139 magis
253 2080 343 2120 arena
366 2062 458 2120 maris
484 2060 607 2137 plumbo
635 2061 673 2120 ad
701 2059 827 2118 fundum
854 2059 987 2118 demerso
1016 2059 1215 2118 adhaerescat.
1240 2092 1282 2100 —

134 2154 286 2209 mataxam
313 2149 422 2209 Isidori
449 2150 537 2223 codd,
564 2153 657 2223 reete,
686 2150 775 2226 quil.
795 2168 817 2208 s.
839 2147 929 2221 29,6
958 2141 1091 2208 ‘mataxa
1114 2167 1132 2206 a
1157 2150 1283 2207 circuitu

135 2239 249 2298 scilicet
269 2238 397 2313 filorum,
419 2258 489 2298 nam
512 2241 594 2299 meta
616 2239 767 2313 circuitus,
791 2238 840 2296 uel
863 2236 943 2311 quod
964 2233 1188 2313 transferatur'3
1215 2256 1283 2296 con-

135 2328 256 2386 firmant
277 2327 356 2387 hanc
378 2329 557 2404 scripturam
580 2329 701 2405 linguae
724 2327 939 2400 Romaneuses,
962 2327 1079 2403 glossae
1102 2319 1186 2407 (uide
1209 2327 1283 2385 The-

135 2434 255 2483 saurum
274 2417 315 2494 gl
334 2435 389 2475 em.
408 2435 430 2476 s.
449 2408 493 2494 u.)
517 2416 592 2477 codd
614 2417 750 2476 Vitrauii
767 2415 827 2475 VH
848 2417 876 2488 3,
897 2416 924 2472 2.
965 2415 1071 2490 Itaque
1090 2416 1145 2475 lini
1162 2419 1284 2475 mataxa

135 2509 211 2567 teste
238 2504 354 2566 Isidoro
381 2506 514 2584 glomum
540 2507 597 2566 lini
624 2505 786 2584 significat,
819 2521 878 2562 non
906 2503 997 2562 filum.
1044 2503 1149 2563 Graeci
1177 2501 1284 2582 μέταξα

136 2595 172 2656 de
195 2594 291 2654 blatta
313 2595 420 2655 serica:
443 2594 658 2673 μεταξαβλαίττη
681 2595 791 2674 legitur
812 2595 845 2651 in
868 2592 912 2651 ed.
931 2593 1056 2652 Dioclet.
1077 2593 1174 2652 XXIV
1195 2597 1211 2652 1
1233 2592 1284 2652 ubi

135 2685 205 2745 uido
231 2685 403 2744 Bluemneri
431 2684 529 2745 adnot.
554 2687 585 2744 et
610 2684 740 2744 eiusdem
768 2682 901 2744 scholion
929 2683 967 2742 ad
995 2682 1095 2741 XXIII
1116 2686 1142 2741 1.
1189 2682 1283 2743 Voca-

136 2774 238 2833 bulum
266 2775 437 2833 etiamnunc
465 2777 564 2833 extare
591 2775 622 2832 in
650 2774 753 2853 lingua
775 2772 979 2848 Hispanorum
1006 2775 1037 2830 et
1064 2773 1285 2847 Aquitanorum

137 2864 263 2923 adnotat
289 2862 403 2922 Dousa:
431 2863 499 2922 uide
526 2863 695 2940 Koertingii
722 2862 837 2922 lexicon
856 2879 878 2919 a.
897 2881 925 2918 u.
946 2864 1067 2920 mataxa
1099 2865 1130 2920 et
1160 2866 1284 2919 melana.

137 2953 212 3012 Tam
234 2955 372 3012 accurate
395 2970 463 3011 curn
485 2952 669 3012 describatur
690 2952 924 3013 instrumentum
948 2953 1082 3028 apaeta,
1104 2967 1207 3009 uersus
1225 2968 1285 3009 non

136 3061 200 3102 esse
222 3044 335 3119 sumpti
356 3040 497 3101 uidentur
519 3063 535 3100 e
558 3043 730 3102 narratione
753 3041 817 3114 tali,
841 3041 926 3116 quali
947 3041 1047 3116 ipsum
1065 3038 1285 3117 111111βο1ίζειν

138 3132 216 3208 quod
225 3131 376 3192 faciebant
386 3135 483 3191 terrae
492 3134 602 3192 nautae
612 3132 886 3210 appropinquantes
897 3121 978 3210 (Act.
988 3128 1092 3205 Apost.
1102 3128 1216 3188 XXVII
1228 3120 1284 3209 28)

137 3224 203 3281 erat
229 3239 407 3298 expressum.
452 3221 626 3298 Apparatur
653 3222 753 3300 potius
781 3219 867 3279 nauis
895 3222 925 3278 et
947 3220 1119 3279 instruatur:
1147 3218 1284 3279 dominus

136 3312 223 3371 naute
246 3310 343 3389 digito
365 3314 513 3370 monstrat
534 3312 611 3371 banc
634 3312 829 3389 catapiratem
856 3308 998 3386 iubetque
1022 3328 1089 3368 eum
1118 3308 1226 3366 deferri
1253 3309 1285 3366 in

137 3400 263 3459 eundem
290 3401 388 3459 locum
415 3418 434 3458 a
460 3419 553 3476 puero
581 3419 640 3476 quo
670 3401 787 3476 reliqua
817 3400 1016 3456 instrumenta
1047 3399 1168 3457 nautica
1200 3400 1286 3455 erant

137 3490 281 3568 seposita3
302 3509 366 3548 rem
388 3508 462 3566 puer
484 3509 521 3548 ne
540 3489 703 3550 confundat
721 3508 787 3548 cum
805 3487 883 3561 aliis,
906 3490 1043 3546 accurate
1061 3506 1127 3547 eam
1146 3486 1287 3546 describit

137 3598 225 3639 uersu
253 3580 396 3655 sequenti.
429 3577 518 3637 Libro
536 3579 584 3639 III
606 3579 810 3639 attribuerunt
831 3576 993 3655 Vargeeius
1017 3575 1164 3653 (lorpetus
1191 3574 1285 3635 Lach-

138 3687 266 3728 mannus
290 3669 350 3727 alii

229 3748 336 3817 1193.
361 3751 512 3837 [Sergius]
536 3759 569 3816 in
591 3758 700 3817 Donat.
720 3755 772 3816 GL
791 3756 834 3816 IV
853 3776 881 3833 p.
902 3755 976 3832 564,
997 3753 1075 3814 141(
1104 3749 1174 3813 ‘Per
1200 3772 1286 3830 prae·

138 3847 300 3924 positiones
323 3848 365 3906 sic
388 3846 464 3906 fiunt
485 3847 660 3921 soloecismi,
683 3865 751 3906 cum
773 3846 835 3905 alia
856 3863 910 3921 pro
934 3844 1003 3918 alia,
1026 3845 1080 3903 aut
1101 3861 1288 3919 superuacua

138 3937 274 4013 ponItur,
302 3938 355 3994 aat
381 3936 547 3995 necessaria
569 3935 770 4010 subtrahitur,
798 3938 833 3993 ut
859 3933 940 4009 apud
962 3931 1111 3991 Lucilium
1134 3927 1286 4008 “Hymnis

139 4023 287 4085 cantando
315 4043 399 4097 auem
430 4024 594 4084 adseruisse
626 4026 671 4084 ait
703 4023 742 4084 ad
774 4018 828 4085 se'’
862 4041 917 4098 pro
949 4020 1029 4098 apud
1061 4015 1112 4081 se’.
1162 4020 1287 4080 Numeri

140 4117 241 4190 aperte
260 4117 330 4173 sunt
349 4113 497 4190 dactylici.
528 4113 668 4173 Verterat
686 4112 813 4172 Graecas
832 4110 962 4170 Graecae
981 4111 1144 4170 meretricis
1162 4110 1286 4170 11011111

139 4205 229 4280 poeta
261 4221 338 4278 quae
369 4203 485 4262 dixerat
515 4220 578 4262 sese
605 4201 758 4278 Hymnida
784 4198 940 4279 ὑμνοῦσαν
971 4199 1124 4259 induxisse
1155 4218 1223 4258 eum
1254 4200 1287 4258 in

140 4310 271 4352 amorem
294 4292 375 4351 (101111
397 4311 476 4352 suae.
513 4287 587 4366 qaae
609 4310 654 4350 mc
672 4290 787 4368 scripsi,
809 4307 977 4364 ηαααιραακ
995 4288 1201 4349 Baehrensius.
1234 4289 1286 4347 ad·

139 4383 264 4442 cauisse
282 4381 374 4441 simili
392 4381 480 4441 modo
498 4381 630 4459 positum
648 4383 680 4439 in
698 4400 730 4439 re
745 4379 953 4454 amatoriaap.
969 4375 1055 4437 Ouid.
1070 4378 1189 4437 1111.Πῖ
1205 4379 1285 4452 11,3

141 4467 267 4532 ‘scilicet
289 4470 408 4532 adserui
429 4471 490 4530 iam
511 4491 559 4530 me
581 4472 709 4548 rapique
732 4463 862 4545 catenas’
887 4471 956 4527 met.
974 4467 991 4529 I
1009 4468 1073 4527 462
1099 4463 1164 4528 ‘nec
1183 4466 1287 4532 laudes
