<?xml version="1.0" encoding="UTF-8"?>
<!DOCTYPE html PUBLIC "-//W3C//DTD XHTML 1.0 Transitional//EN"
    "http://www.w3.org/TR/xhtml1/DTD/xhtml1-transitional.dtd">
<html xmlns="http://www.w3.org/1999/xhtml" xml:lang="en" lang="en">
 <head>
  <title>
</title>
<meta http-equiv="Content-Type" content="text/html;charset=utf-8" />
  <meta name='ocr-system' content='tesseract 3.04.00' />
  <meta name='ocr-capabilities' content='ocr_page ocr_carea ocr_par ocr_line ocrx_word'/>
</head>
<body>
  <div class='ocr_page' id='page_1' title='image "./cluciliicarminu00lucigoog_0157.png"; bbox 0 0 3060 5010; ppageno 0'>
   <div class='ocr_carea' id='block_1_1' title="bbox 228 367 919 434">
    <p class='ocr_par' dir='ltr' id='par_1_1' title="bbox 228 367 919 434">
     <span class='ocr_line' id='line_1_1' title="bbox 228 367 919 434; baseline 0 -12"><span class='ocrx_word' id='word_1_1' title='bbox 228 370 293 434; x_wconf 82' lang='grc'>124</span> <span class='ocrx_word' id='word_1_2' title='bbox 667 367 705 421; x_wconf 79' lang='lat' dir='ltr'>[x</span> <span class='ocrx_word' id='word_1_3' title='bbox 723 385 750 421; x_wconf 91' lang='lat' dir='ltr'>u.</span> <span class='ocrx_word' id='word_1_4' title='bbox 771 371 919 422; x_wconf 81' lang='grc'>321-320.</span> 
     </span>
    </p>
   </div>
   <div class='ocr_carea' id='block_1_2' title="bbox 217 532 1376 4544">
    <p class='ocr_par' dir='ltr' id='par_1_2' title="bbox 222 532 1376 1148">
     <span class='ocr_line' id='line_1_2' title="bbox 224 532 1374 616; baseline -0.003 -19"><span class='ocrx_word' id='word_1_5' title='bbox 224 561 296 616; x_wconf 92' lang='grc' dir='ltr'><strong><em>μιοι,</em></strong></span> <span class='ocrx_word' id='word_1_6' title='bbox 324 536 375 609; x_wconf 82' lang='grc' dir='ltr'>τὰς</span> <span class='ocrx_word' id='word_1_7' title='bbox 403 533 435 597; x_wconf 79' lang='grc' dir='ltr'>δὲ</span> <span class='ocrx_word' id='word_1_8' title='bbox 464 536 575 609; x_wconf 85' lang='grc' dir='ltr'><strong><em>νύκτας</em></strong></span> <span class='ocrx_word' id='word_1_9' title='bbox 601 536 644 608; x_wconf 83' lang='grc' dir='ltr'><strong><em>εἷς</em></strong></span> <span class='ocrx_word' id='word_1_10' title='bbox 671 559 736 596; x_wconf 92' lang='grc' dir='ltr'><strong><em>τινα</em></strong></span> <span class='ocrx_word' id='word_1_11' title='bbox 764 534 983 616; x_wconf 76' lang='grc' dir='ltr'><strong><em>παρακειμένην</em></strong></span> <span class='ocrx_word' id='word_1_12' title='bbox 1012 533 1099 595; x_wconf 88' lang='grc' dir='ltr'><strong><em>πόλιν</em></strong></span> <span class='ocrx_word' id='word_1_13' title='bbox 1131 532 1374 595; x_wconf 73' lang='grc' dir='ltr'><em>ἀπαλλάττονται·</em></span> 
     </span>
     <span class='ocr_line' id='line_1_3' title="bbox 223 620 1376 707; baseline 0 -24"><span class='ocrx_word' id='word_1_14' title='bbox 223 627 250 683; x_wconf 91' lang='lat' dir='ltr'>V</span> <span class='ocrx_word' id='word_1_15' title='bbox 272 630 361 702; x_wconf 81' lang='lat'>56‚7</span> <span class='ocrx_word' id='word_1_16' title='bbox 387 622 428 699; x_wconf 79' lang='grc' dir='ltr'>όις</span> <span class='ocrx_word' id='word_1_17' title='bbox 451 625 647 704; x_wconf 83' lang='grc' dir='ltr'><strong><em>στοιωμύτων</em></strong></span> <span class='ocrx_word' id='word_1_18' title='bbox 671 634 760 685; x_wconf 84' lang='grc' dir='ltr'><strong><em>τινῶν</em></strong></span> <span class='ocrx_word' id='word_1_19' title='bbox 783 623 1027 687; x_wconf 76' lang='grc' dir='ltr'><strong><em>ἐπιπεπτωκότων</em></strong></span> <span class='ocrx_word' id='word_1_20' title='bbox 1050 629 1088 707; x_wconf 80' lang='grc' dir='ltr'>τῷ</span> <span class='ocrx_word' id='word_1_21' title='bbox 1107 625 1225 704; x_wconf 82' lang='grc' dir='ltr'><strong><em>βασιλεῖ</em></strong></span> <span class='ocrx_word' id='word_1_22' title='bbox 1243 621 1299 700; x_wconf 77' lang='grc' dir='ltr'><strong><em>τὴν</em></strong></span> <span class='ocrx_word' id='word_1_23' title='bbox 1322 620 1376 701; x_wconf 81' lang='grc' dir='ltr'><strong><em>μὲν</em></strong></span> 
     </span>
     <span class='ocr_line' id='line_1_4' title="bbox 225 709 1374 795; baseline -0.003 -19"><span class='ocrx_word' id='word_1_24' title='bbox 225 709 386 795; x_wconf 75' lang='grc' dir='ltr'><strong><em>θεραπείαν</em></strong></span> <span class='ocrx_word' id='word_1_25' title='bbox 410 713 560 776; x_wconf 75' lang='grc' dir='ltr'><strong><em>ἀπέλυσαν</em></strong></span> <span class='ocrx_word' id='word_1_26' title='bbox 582 712 633 774; x_wconf 77' lang='grc' dir='ltr'>ἐπί</span> <span class='ocrx_word' id='word_1_27' title='bbox 653 737 736 787; x_wconf 90' lang='grc' dir='ltr'><strong><em>τινας</em></strong></span> <span class='ocrx_word' id='word_1_28' title='bbox 759 709 872 795; x_wconf 69' lang='grc' dir='ltr'><strong><em>ἡμέρας</em></strong></span> <span class='ocrx_word' id='word_1_29' title='bbox 894 712 943 775; x_wconf 82' lang='grc' dir='ltr'><strong><em>καί</em></strong></span> <span class='ocrx_word' id='word_1_30' title='bbox 966 712 1036 786; x_wconf 83' lang='grc' dir='ltr'><strong><em>τούς</em></strong></span> <span class='ocrx_word' id='word_1_31' title='bbox 1058 710 1248 791; x_wconf 69' lang='grc' dir='ltr'><strong><em>εἰθισμένους</em></strong></span> <span class='ocrx_word' id='word_1_32' title='bbox 1266 735 1374 792; x_wconf 83' lang='grc' dir='ltr'><strong><em>παρευ-</em></strong></span> 
     </span>
     <span class='ocr_line' id='line_1_5' title="bbox 223 803 1375 884; baseline -0.002 -20"><span class='ocrx_word' id='word_1_33' title='bbox 223 810 347 867; x_wconf 85' lang='grc' dir='ltr'><strong><em>ταιιτεῖν.</em></strong></span> <span class='ocrx_word' id='word_1_34' title='bbox 402 804 515 874; x_wconf 86' lang='lat' dir='ltr'>Quibus</span> <span class='ocrx_word' id='word_1_35' title='bbox 546 805 619 865; x_wconf 89' lang='lat' dir='ltr'>locis</span> <span class='ocrx_word' id='word_1_36' title='bbox 652 809 860 884; x_wconf 80' lang='grc' dir='ltr'><strong><em>παρευταιιτεῖν</em></strong></span> <span class='ocrx_word' id='word_1_37' title='bbox 892 803 970 864; x_wconf 91' lang='lat' dir='ltr'>idem</span> <span class='ocrx_word' id='word_1_38' title='bbox 1004 822 1067 863; x_wconf 89' lang='lat' dir='ltr'>esse</span> <span class='ocrx_word' id='word_1_39' title='bbox 1099 806 1190 879; x_wconf 79' lang='lat' dir='ltr'>atque</span> <span class='ocrx_word' id='word_1_40' title='bbox 1222 805 1375 877; x_wconf 86' lang='lat' dir='ltr'>stationes,</span> 
     </span>
     <span class='ocr_line' id='line_1_6' title="bbox 226 889 1375 974; baseline -0.003 -19"><span class='ocrx_word' id='word_1_41' title='bbox 226 895 348 974; x_wconf 81' lang='lat' dir='ltr'>uigilias</span> <span class='ocrx_word' id='word_1_42' title='bbox 371 914 460 973; x_wconf 84' lang='lat' dir='ltr'>agere</span> <span class='ocrx_word' id='word_1_43' title='bbox 484 898 610 971; x_wconf 83' lang='lat' dir='ltr'>apparet</span> <span class='ocrx_word' id='word_1_44' title='bbox 633 914 723 971; x_wconf 83' lang='lat' dir='ltr'>quam</span> <span class='ocrx_word' id='word_1_45' title='bbox 745 894 1021 971; x_wconf 74' lang='lat' dir='ltr'>interpretationem</span> <span class='ocrx_word' id='word_1_46' title='bbox 1047 893 1202 952; x_wconf 81' lang='lat' dir='ltr'>Emestius</span> <span class='ocrx_word' id='word_1_47' title='bbox 1225 892 1317 952; x_wconf 89' lang='lat' dir='ltr'>sensit</span> <span class='ocrx_word' id='word_1_48' title='bbox 1342 889 1375 951; x_wconf 76' lang='grc' dir='ltr'>λιι</span> 
     </span>
     <span class='ocr_line' id='line_1_7' title="bbox 224 980 1375 1063; baseline -0.003 -19"><span class='ocrx_word' id='word_1_49' title='bbox 224 993 283 1044; x_wconf 84' lang='grc' dir='ltr'><strong><em>τῶν</em></strong></span> <span class='ocrx_word' id='word_1_50' title='bbox 306 980 575 1063; x_wconf 77' lang='grc' dir='ltr'><strong><em>συμφραζομένων,</em></strong></span> <span class='ocrx_word' id='word_1_51' title='bbox 602 983 740 1043; x_wconf 87' lang='lat' dir='ltr'>Reiskius</span> <span class='ocrx_word' id='word_1_52' title='bbox 763 987 793 1043; x_wconf 88' lang='lat' dir='ltr'>et</span> <span class='ocrx_word' id='word_1_53' title='bbox 816 982 1113 1061; x_wconf 81' lang='lat' dir='ltr'>Schweighaeuserus</span> <span class='ocrx_word' id='word_1_54' title='bbox 1141 982 1224 1042; x_wconf 90' lang='lat' dir='ltr'>cuius</span> <span class='ocrx_word' id='word_1_55' title='bbox 1252 981 1375 1041; x_wconf 81' lang='lat' dir='ltr'>adnota-</span> 
     </span>
     <span class='ocr_line' id='line_1_8' title="bbox 222 1071 1074 1148; baseline -0.006 -14"><span class='ocrx_word' id='word_1_56' title='bbox 222 1073 334 1134; x_wconf 87' lang='lat' dir='ltr'>tionem</span> <span class='ocrx_word' id='word_1_57' title='bbox 357 1074 491 1134; x_wconf 83' lang='lat' dir='ltr'>conferas</span> <span class='ocrx_word' id='word_1_58' title='bbox 514 1071 553 1133; x_wconf 84' lang='lat' dir='ltr'>sd</span> <span class='ocrx_word' id='word_1_59' title='bbox 571 1072 599 1129; x_wconf 87' lang='lat' dir='ltr'>V</span> <span class='ocrx_word' id='word_1_60' title='bbox 619 1073 671 1147; x_wconf 78' lang='lat'>56,</span> <span class='ocrx_word' id='word_1_61' title='bbox 692 1075 710 1132; x_wconf 78' lang='lat'>7</span> <span class='ocrx_word' id='word_1_62' title='bbox 735 1072 890 1148; x_wconf 86' lang='lat' dir='ltr'>paululum</span> <span class='ocrx_word' id='word_1_63' title='bbox 913 1074 1074 1132; x_wconf 77' lang='lat' dir='ltr'><strong>mutarunt.</strong></span> 
     </span>
    </p>

    <p class='ocr_par' dir='ltr' id='par_1_3' title="bbox 221 1153 1375 1772">
     <span class='ocr_line' id='line_1_9' title="bbox 313 1153 1375 1242; baseline -0.002 -20"><span class='ocrx_word' id='word_1_64' title='bbox 313 1154 396 1224; x_wconf 75' lang='grc'>322.</span> <span class='ocrx_word' id='word_1_65' title='bbox 419 1163 535 1222; x_wconf 89' lang='lat' dir='ltr'>Nonius</span> <span class='ocrx_word' id='word_1_66' title='bbox 553 1182 582 1239; x_wconf 87' lang='lat' dir='ltr'>p.</span> <span class='ocrx_word' id='word_1_67' title='bbox 603 1163 659 1237; x_wconf 87' lang='grc'>18,</span> <span class='ocrx_word' id='word_1_68' title='bbox 679 1164 719 1221; x_wconf 92' lang='grc'>22</span> <span class='ocrx_word' id='word_1_69' title='bbox 750 1157 889 1222; x_wconf 86' lang='lat' dir='ltr'>‘Rutrum</span> <span class='ocrx_word' id='word_1_70' title='bbox 917 1161 1030 1221; x_wconf 88' lang='lat' dir='ltr'>dictum</span> <span class='ocrx_word' id='word_1_71' title='bbox 1059 1164 1104 1221; x_wconf 90' lang='lat' dir='ltr'>est</span> <span class='ocrx_word' id='word_1_72' title='bbox 1131 1180 1149 1219; x_wconf 87' lang='lat' dir='ltr'>a</span> <span class='ocrx_word' id='word_1_73' title='bbox 1176 1160 1307 1220; x_wconf 86' lang='lat' dir='ltr'>radendo</span> <span class='ocrx_word' id='word_1_74' title='bbox 1340 1153 1375 1242; x_wconf 89' lang='lat' dir='ltr'>(a</span> 
     </span>
     <span class='ocr_line' id='line_1_10' title="bbox 222 1243 1374 1332; baseline -0.001 -22"><span class='ocrx_word' id='word_1_75' title='bbox 222 1245 333 1312; x_wconf 74' lang='lat' dir='ltr'>ruendo</span> <span class='ocrx_word' id='word_1_76' title='bbox 365 1243 538 1332; x_wconf 86' lang='lat' dir='ltr'>Mercerus).</span> <span class='ocrx_word' id='word_1_77' title='bbox 652 1250 785 1311; x_wconf 83' lang='lat' dir='ltr'>Lucilius</span> <span class='ocrx_word' id='word_1_78' title='bbox 822 1254 991 1328; x_wconf 74' lang='lat' dir='ltr'>satyrarum</span> <span class='ocrx_word' id='word_1_79' title='bbox 1023 1249 1074 1308; x_wconf 93' lang='lat' dir='ltr'>lib.</span> <span class='ocrx_word' id='word_1_80' title='bbox 1094 1249 1184 1308; x_wconf 82' lang='lat' dir='ltr'>vlm</span> <span class='ocrx_word' id='word_1_81' title='bbox 1222 1244 1374 1310; x_wconf 80' lang='lat' dir='ltr'>“fiumen-</span> 
     </span>
     <span class='ocr_line' id='line_1_11' title="bbox 223 1332 1374 1422; baseline -0.002 -22"><span class='ocrx_word' id='word_1_82' title='bbox 223 1343 318 1402; x_wconf 86' lang='lat' dir='ltr'>tarius</span> <span class='ocrx_word' id='word_1_83' title='bbox 334 1389 339 1400; x_wconf 91' lang='lat'>.</span> <span class='ocrx_word' id='word_1_84' title='bbox 356 1388 361 1399; x_wconf 95' lang='lat'>.</span> <span class='ocrx_word' id='word_1_85' title='bbox 379 1389 384 1400; x_wconf 95' lang='lat'>.</span> <span class='ocrx_word' id='word_1_86' title='bbox 400 1344 490 1418; x_wconf 85' lang='lat' dir='ltr'>atque</span> <span class='ocrx_word' id='word_1_87' title='bbox 505 1336 615 1421; x_wconf 76' lang='grc' dir='ltr'><strong><em>(πόσου</em></strong></span> <span class='ocrx_word' id='word_1_88' title='bbox 629 1339 653 1399; x_wconf 89' lang='lat' dir='ltr'>L</span> <span class='ocrx_word' id='word_1_89' title='bbox 667 1361 706 1401; x_wconf 91' lang='lat' dir='ltr'>m.</span> <span class='ocrx_word' id='word_1_90' title='bbox 723 1333 757 1422; x_wconf 92' lang='lat'>1)</span> <span class='ocrx_word' id='word_1_91' title='bbox 776 1342 937 1399; x_wconf 70' lang='lat' dir='ltr'>stratellam</span> <span class='ocrx_word' id='word_1_92' title='bbox 955 1332 1055 1421; x_wconf 77' lang='lat' dir='ltr'>(atque</span> <span class='ocrx_word' id='word_1_93' title='bbox 1073 1341 1209 1400; x_wconf 79' lang='grc' dir='ltr'><strong><em>νυλιλίιιιιι</em></strong></span> <span class='ocrx_word' id='word_1_94' title='bbox 1222 1332 1374 1421; x_wconf 76' lang='lat' dir='ltr'>impressi)</span> 
     </span>
     <span class='ocr_line' id='line_1_12' title="bbox 221 1421 1375 1512; baseline -0.003 -22"><span class='ocrx_word' id='word_1_95' title='bbox 221 1449 314 1490; x_wconf 84' lang='grc' dir='ltr'><strong><em>ιιιιοιιι</em></strong></span> <span class='ocrx_word' id='word_1_96' title='bbox 336 1423 444 1512; x_wconf 77' lang='lat' dir='ltr'>(unum</span> <span class='ocrx_word' id='word_1_97' title='bbox 466 1429 505 1505; x_wconf 88' lang='lat' dir='ltr'>L,</span> <span class='ocrx_word' id='word_1_98' title='bbox 536 1448 598 1489; x_wconf 85' lang='grc' dir='ltr'><strong><em>υιια</em></strong></span> <span class='ocrx_word' id='word_1_99' title='bbox 626 1431 700 1489; x_wconf 91' lang='lat' dir='ltr'>olim</span> <span class='ocrx_word' id='word_1_100' title='bbox 728 1421 879 1511; x_wconf 84' lang='lat' dir='ltr'>impressi)</span> <span class='ocrx_word' id='word_1_101' title='bbox 912 1428 1010 1488; x_wconf 81' lang='lat' dir='ltr'>adfert</span> <span class='ocrx_word' id='word_1_102' title='bbox 1042 1422 1100 1510; x_wconf 88' lang='lat' dir='ltr'>(ita</span> <span class='ocrx_word' id='word_1_103' title='bbox 1118 1428 1142 1488; x_wconf 89' lang='lat' dir='ltr'>L</span> <span class='ocrx_word' id='word_1_104' title='bbox 1161 1449 1200 1487; x_wconf 89' lang='lat' dir='ltr'>m.</span> <span class='ocrx_word' id='word_1_105' title='bbox 1222 1434 1256 1504; x_wconf 86' lang='lat'>1,</span> <span class='ocrx_word' id='word_1_106' title='bbox 1287 1431 1375 1502; x_wconf 74' lang='lat' dir='ltr'>offert</span> 
     </span>
     <span class='ocr_line' id='line_1_13' title="bbox 224 1512 1375 1601; baseline -0.001 -23"><span class='ocrx_word' id='word_1_107' title='bbox 224 1512 395 1601; x_wconf 88' lang='lat' dir='ltr'>reliqui)’&#39;.’</span> <span class='ocrx_word' id='word_1_108' title='bbox 433 1519 634 1578; x_wconf 83' lang='lat' dir='ltr'>Frumentarii</span> <span class='ocrx_word' id='word_1_109' title='bbox 656 1518 715 1579; x_wconf 91' lang='lat' dir='ltr'>duo</span> <span class='ocrx_word' id='word_1_110' title='bbox 736 1519 810 1578; x_wconf 84' lang='lat' dir='ltr'>haec</span> <span class='ocrx_word' id='word_1_111' title='bbox 828 1518 1027 1578; x_wconf 83' lang='lat' dir='ltr'>instrumenta</span> <span class='ocrx_word' id='word_1_112' title='bbox 1046 1517 1185 1578; x_wconf 84' lang='lat' dir='ltr'>exhibent</span> <span class='ocrx_word' id='word_1_113' title='bbox 1203 1518 1375 1595; x_wconf 81' lang='lat' dir='ltr'>anaglypha</span> 
     </span>
     <span class='ocr_line' id='line_1_14' title="bbox 223 1606 1373 1687; baseline -0.001 -20"><span class='ocrx_word' id='word_1_114' title='bbox 223 1609 260 1668; x_wconf 91' lang='lat' dir='ltr'>de</span> <span class='ocrx_word' id='word_1_115' title='bbox 284 1608 392 1685; x_wconf 89' lang='lat' dir='ltr'>quibus</span> <span class='ocrx_word' id='word_1_116' title='bbox 416 1609 478 1686; x_wconf 80' lang='lat' dir='ltr'>agit</span> <span class='ocrx_word' id='word_1_117' title='bbox 501 1608 599 1668; x_wconf 81' lang='lat' dir='ltr'>Briaio</span> <span class='ocrx_word' id='word_1_118' title='bbox 623 1609 740 1668; x_wconf 85' lang='lat' dir='ltr'>Notiaie</span> <span class='ocrx_word' id='word_1_119' title='bbox 764 1608 844 1687; x_wconf 81' lang='lat' dir='ltr'>degli</span> <span class='ocrx_word' id='word_1_120' title='bbox 868 1607 957 1668; x_wconf 86' lang='lat' dir='ltr'>Soaui</span> <span class='ocrx_word' id='word_1_121' title='bbox 978 1608 1063 1668; x_wconf 88' lang='lat'>1898</span> <span class='ocrx_word' id='word_1_122' title='bbox 1083 1628 1111 1684; x_wconf 90' lang='lat' dir='ltr'>p.</span> <span class='ocrx_word' id='word_1_123' title='bbox 1132 1609 1205 1666; x_wconf 77' lang='lat'>477.</span> <span class='ocrx_word' id='word_1_124' title='bbox 1226 1609 1298 1666; x_wconf 81' lang='lat'>478.</span> <span class='ocrx_word' id='word_1_125' title='bbox 1341 1606 1373 1666; x_wconf 88' lang='lat' dir='ltr'>Si</span> 
     </span>
     <span class='ocr_line' id='line_1_15' title="bbox 223 1696 1238 1772; baseline -0.002 -15"><span class='ocrx_word' id='word_1_126' title='bbox 223 1700 436 1758; x_wconf 83' lang='lat' dir='ltr'>frumentarius</span> <span class='ocrx_word' id='word_1_127' title='bbox 460 1700 514 1772; x_wconf 91' lang='lat' dir='ltr'>est,</span> <span class='ocrx_word' id='word_1_128' title='bbox 537 1696 657 1757; x_wconf 87' lang='lat' dir='ltr'>artificii</span> <span class='ocrx_word' id='word_1_129' title='bbox 679 1698 879 1757; x_wconf 76' lang='lat' dir='ltr'>instrumente</span> <span class='ocrx_word' id='word_1_130' title='bbox 901 1715 1000 1756; x_wconf 90' lang='lat' dir='ltr'>secum</span> <span class='ocrx_word' id='word_1_131' title='bbox 1023 1696 1100 1756; x_wconf 88' lang='lat' dir='ltr'>solet</span> <span class='ocrx_word' id='word_1_132' title='bbox 1121 1696 1238 1757; x_wconf 82' lang='lat' dir='ltr'>habere.</span> 
     </span>
    </p>

    <p class='ocr_par' dir='ltr' id='par_1_4' title="bbox 217 1778 1375 3651">
     <span class='ocr_line' id='line_1_16' title="bbox 314 1778 1373 1864; baseline -0.002 -19"><span class='ocrx_word' id='word_1_133' title='bbox 314 1778 397 1848; x_wconf 74' lang='lat'>324.</span> <span class='ocrx_word' id='word_1_134' title='bbox 420 1787 535 1847; x_wconf 86' lang='lat' dir='ltr'>Nonius</span> <span class='ocrx_word' id='word_1_135' title='bbox 558 1807 586 1863; x_wconf 89' lang='lat' dir='ltr'>p.</span> <span class='ocrx_word' id='word_1_136' title='bbox 607 1788 681 1861; x_wconf 81' lang='lat'>445,</span> <span class='ocrx_word' id='word_1_137' title='bbox 700 1790 741 1847; x_wconf 87' lang='grc'>22</span> <span class='ocrx_word' id='word_1_138' title='bbox 762 1807 796 1846; x_wconf 89' lang='lat' dir='ltr'>ax</span> <span class='ocrx_word' id='word_1_139' title='bbox 815 1788 1011 1864; x_wconf 78' lang='lat' dir='ltr'>grammatico</span> <span class='ocrx_word' id='word_1_140' title='bbox 1031 1781 1203 1847; x_wconf 78' lang='lat' dir='ltr'>‘Acerosum</span> <span class='ocrx_word' id='word_1_141' title='bbox 1226 1787 1257 1845; x_wconf 89' lang='lat' dir='ltr'>et</span> <span class='ocrx_word' id='word_1_142' title='bbox 1275 1805 1373 1845; x_wconf 88' lang='lat' dir='ltr'>ecera-</span> 
     </span>
     <span class='ocr_line' id='line_1_17' title="bbox 222 1876 1373 1953; baseline -0.002 -18"><span class='ocrx_word' id='word_1_143' title='bbox 222 1879 287 1935; x_wconf 87' lang='lat' dir='ltr'>tum</span> <span class='ocrx_word' id='word_1_144' title='bbox 311 1878 471 1952; x_wconf 77' lang='lat' dir='ltr'>utramque</span> <span class='ocrx_word' id='word_1_145' title='bbox 488 1895 565 1935; x_wconf 90' lang='lat' dir='ltr'>noue</span> <span class='ocrx_word' id='word_1_146' title='bbox 583 1877 723 1953; x_wconf 85' lang='lat' dir='ltr'>positum,</span> <span class='ocrx_word' id='word_1_147' title='bbox 746 1876 796 1936; x_wconf 89' lang='lat' dir='ltr'>ssd</span> <span class='ocrx_word' id='word_1_148' title='bbox 815 1876 940 1936; x_wconf 84' lang='lat' dir='ltr'>distanti</span> <span class='ocrx_word' id='word_1_149' title='bbox 959 1876 1142 1952; x_wconf 75' lang='lat' dir='ltr'>proprietate</span> <span class='ocrx_word' id='word_1_150' title='bbox 1161 1877 1319 1953; x_wconf 81' lang='lat' dir='ltr'>signatum.</span> <span class='ocrx_word' id='word_1_151' title='bbox 1332 1923 1337 1933; x_wconf 95' lang='lat'>.</span> <span class='ocrx_word' id='word_1_152' title='bbox 1351 1922 1373 1933; x_wconf 95' lang='lat'>..</span> 
     </span>
     <span class='ocr_line' id='line_1_18' title="bbox 217 1957 1372 2046; baseline -0.001 -22"><span class='ocrx_word' id='word_1_153' title='bbox 217 1959 306 2045; x_wconf 83' lang='lat' dir='ltr'>(uide</span> <span class='ocrx_word' id='word_1_154' title='bbox 324 1965 375 2024; x_wconf 88' lang='lat' dir='ltr'>lib.</span> <span class='ocrx_word' id='word_1_155' title='bbox 394 1965 450 2024; x_wconf 87' lang='lat' dir='ltr'>XV</span> <span class='ocrx_word' id='word_1_156' title='bbox 467 1985 496 2024; x_wconf 88' lang='lat' dir='ltr'>u.</span> <span class='ocrx_word' id='word_1_157' title='bbox 516 1957 595 2046; x_wconf 80' lang='lat'>502)</span> <span class='ocrx_word' id='word_1_158' title='bbox 612 2013 617 2024; x_wconf 96' lang='lat'>.</span> <span class='ocrx_word' id='word_1_159' title='bbox 634 2013 639 2023; x_wconf 98' lang='lat'>.</span> <span class='ocrx_word' id='word_1_160' title='bbox 656 2013 662 2023; x_wconf 90' lang='lat'>.</span> <span class='ocrx_word' id='word_1_161' title='bbox 677 1970 826 2026; x_wconf 73' lang='lat' dir='ltr'>aceretem</span> <span class='ocrx_word' id='word_1_162' title='bbox 847 1983 919 2025; x_wconf 91' lang='lat' dir='ltr'>uero</span> <span class='ocrx_word' id='word_1_163' title='bbox 943 1968 989 2025; x_wconf 91' lang='lat' dir='ltr'>est</span> <span class='ocrx_word' id='word_1_164' title='bbox 1006 1963 1103 2024; x_wconf 91' lang='lat' dir='ltr'>lutum</span> <span class='ocrx_word' id='word_1_165' title='bbox 1121 1965 1216 2042; x_wconf 88' lang='lat' dir='ltr'>paleis</span> <span class='ocrx_word' id='word_1_166' title='bbox 1234 1965 1372 2038; x_wconf 81' lang='lat' dir='ltr'>mixtum,</span> 
     </span>
     <span class='ocr_line' id='line_1_19' title="bbox 222 2049 1375 2130; baseline 0 -17"><span class='ocrx_word' id='word_1_167' title='bbox 222 2057 257 2113; x_wconf 90' lang='lat' dir='ltr'>ut</span> <span class='ocrx_word' id='word_1_168' title='bbox 279 2054 429 2114; x_wconf 86' lang='lat' dir='ltr'>laterariis</span> <span class='ocrx_word' id='word_1_169' title='bbox 452 2073 522 2116; x_wconf 89' lang='lat' dir='ltr'>usus</span> <span class='ocrx_word' id='word_1_170' title='bbox 546 2058 598 2114; x_wconf 88' lang='lat' dir='ltr'>est.</span> <span class='ocrx_word' id='word_1_171' title='bbox 634 2055 768 2117; x_wconf 76' lang='lat' dir='ltr'>Lucilius</span> <span class='ocrx_word' id='word_1_172' title='bbox 791 2054 842 2114; x_wconf 88' lang='lat' dir='ltr'>lib.</span> <span class='ocrx_word' id='word_1_173' title='bbox 862 2053 953 2113; x_wconf 89' lang='lat' dir='ltr'>VIIII</span> <span class='ocrx_word' id='word_1_174' title='bbox 977 2049 1091 2114; x_wconf 69' lang='lat' dir='ltr'>“lalerc</span> <span class='ocrx_word' id='word_1_175' title='bbox 1113 2054 1165 2130; x_wconf 91' lang='lat' dir='ltr'>qui</span> <span class='ocrx_word' id='word_1_176' title='bbox 1184 2054 1267 2114; x_wconf 89' lang='lat' dir='ltr'>ducit</span> <span class='ocrx_word' id='word_1_177' title='bbox 1285 2053 1375 2114; x_wconf 90' lang='lat' dir='ltr'>habet</span> 
     </span>
     <span class='ocr_line' id='line_1_20' title="bbox 223 2136 1373 2225; baseline 0 -23"><span class='ocrx_word' id='word_1_178' title='bbox 223 2142 298 2202; x_wconf 91' lang='lat' dir='ltr'>nihil</span> <span class='ocrx_word' id='word_1_179' title='bbox 327 2144 456 2220; x_wconf 89' lang='lat' dir='ltr'>amplius</span> <span class='ocrx_word' id='word_1_180' title='bbox 484 2162 555 2205; x_wconf 86' lang='grc' dir='ltr'><strong><em>ιιονι</em></strong></span> <span class='ocrx_word' id='word_1_181' title='bbox 586 2162 677 2220; x_wconf 87' lang='lat' dir='ltr'>quam</span> <span class='ocrx_word' id='word_1_182' title='bbox 709 2164 854 2205; x_wconf 92' lang='lat' dir='ltr'>conmune</span> <span class='ocrx_word' id='word_1_183' title='bbox 886 2137 945 2225; x_wconf 89' lang='lat' dir='ltr'>(ita</span> <span class='ocrx_word' id='word_1_184' title='bbox 963 2143 992 2202; x_wconf 84' lang='lat' dir='ltr'>L</span> <span class='ocrx_word' id='word_1_185' title='bbox 1010 2162 1047 2202; x_wconf 88' lang='lat' dir='ltr'>m.</span> <span class='ocrx_word' id='word_1_186' title='bbox 1069 2148 1087 2202; x_wconf 85' lang='lat'><strong><em>1</em></strong></span> <span class='ocrx_word' id='word_1_187' title='bbox 1106 2136 1200 2224; x_wconf 81' lang='lat' dir='ltr'>eolus)</span> <span class='ocrx_word' id='word_1_188' title='bbox 1230 2143 1327 2203; x_wconf 89' lang='lat' dir='ltr'>lutum</span> <span class='ocrx_word' id='word_1_189' title='bbox 1355 2162 1373 2202; x_wconf 91' lang='lat' dir='ltr'>a</span> 
     </span>
     <span class='ocr_line' id='line_1_21' title="bbox 223 2227 1373 2310; baseline -0.003 -17"><span class='ocrx_word' id='word_1_190' title='bbox 223 2233 318 2309; x_wconf 88' lang='lat' dir='ltr'>paleis</span> <span class='ocrx_word' id='word_1_191' title='bbox 351 2252 515 2310; x_wconf 84' lang='lat' dir='ltr'>canumque</span> <span class='ocrx_word' id='word_1_192' title='bbox 548 2229 709 2293; x_wconf 81' lang='lat' dir='ltr'>oceroso&#39;’.’</span> <span class='ocrx_word' id='word_1_193' title='bbox 763 2234 875 2294; x_wconf 88' lang='lat' dir='ltr'>Paulus</span> <span class='ocrx_word' id='word_1_194' title='bbox 908 2253 943 2293; x_wconf 85' lang='lat' dir='ltr'>ex</span> <span class='ocrx_word' id='word_1_195' title='bbox 970 2233 1059 2292; x_wconf 82' lang='lat' dir='ltr'>Festo</span> <span class='ocrx_word' id='word_1_196' title='bbox 1087 2253 1114 2309; x_wconf 90' lang='lat' dir='ltr'>p.</span> <span class='ocrx_word' id='word_1_197' title='bbox 1135 2235 1178 2294; x_wconf 89' lang='grc'>20</span> <span class='ocrx_word' id='word_1_198' title='bbox 1211 2227 1373 2293; x_wconf 82' lang='lat' dir='ltr'>‘aceratum</span> 
     </span>
     <span class='ocr_line' id='line_1_22' title="bbox 223 2319 1373 2400; baseline 0 -19"><span class='ocrx_word' id='word_1_199' title='bbox 223 2322 321 2382; x_wconf 91' lang='lat' dir='ltr'>lutum</span> <span class='ocrx_word' id='word_1_200' title='bbox 340 2340 407 2382; x_wconf 92' lang='lat' dir='ltr'>cum</span> <span class='ocrx_word' id='word_1_201' title='bbox 421 2324 516 2400; x_wconf 88' lang='lat' dir='ltr'>paleis</span> <span class='ocrx_word' id='word_1_202' title='bbox 530 2319 680 2398; x_wconf 84' lang='lat' dir='ltr'>mixtum&#39;3</span> <span class='ocrx_word' id='word_1_203' title='bbox 698 2344 726 2400; x_wconf 93' lang='lat' dir='ltr'>p.</span> <span class='ocrx_word' id='word_1_204' title='bbox 744 2326 806 2384; x_wconf 86' lang='grc'>187</span> <span class='ocrx_word' id='word_1_205' title='bbox 823 2319 992 2383; x_wconf 78' lang='lat' dir='ltr'>‘obsecrare</span> <span class='ocrx_word' id='word_1_206' title='bbox 1007 2322 1130 2398; x_wconf 88' lang='lat' dir='ltr'>obloqui</span> <span class='ocrx_word' id='word_1_207' title='bbox 1145 2324 1236 2400; x_wconf 88' lang='lat' dir='ltr'>atquc</span> <span class='ocrx_word' id='word_1_208' title='bbox 1250 2321 1373 2382; x_wconf 88' lang='lat' dir='ltr'>alterius</span> 
     </span>
     <span class='ocr_line' id='line_1_23' title="bbox 222 2411 1372 2489; baseline -0.002 -18"><span class='ocrx_word' id='word_1_209' title='bbox 222 2430 389 2472; x_wconf 88' lang='lat' dir='ltr'>sermonem</span> <span class='ocrx_word' id='word_1_210' title='bbox 418 2413 543 2473; x_wconf 80' lang='lat' dir='ltr'>moleste</span> <span class='ocrx_word' id='word_1_211' title='bbox 574 2413 717 2489; x_wconf 84' lang='lat' dir='ltr'>inpedire.</span> <span class='ocrx_word' id='word_1_212' title='bbox 769 2412 849 2489; x_wconf 90' lang='lat' dir='ltr'>quod</span> <span class='ocrx_word' id='word_1_213' title='bbox 881 2416 1035 2489; x_wconf 86' lang='lat' dir='ltr'>sumptum</span> <span class='ocrx_word' id='word_1_214' title='bbox 1063 2411 1188 2472; x_wconf 87' lang='lat' dir='ltr'>uidetur</span> <span class='ocrx_word' id='word_1_215' title='bbox 1220 2431 1238 2471; x_wconf 90' lang='lat' dir='ltr'>a</span> <span class='ocrx_word' id='word_1_216' title='bbox 1271 2411 1372 2489; x_wconf 84' lang='lat' dir='ltr'>paleis,</span> 
     </span>
     <span class='ocr_line' id='line_1_24' title="bbox 223 2498 1371 2582; baseline -0.003 -20"><span class='ocrx_word' id='word_1_217' title='bbox 223 2520 298 2577; x_wconf 84' lang='lat' dir='ltr'>quas</span> <span class='ocrx_word' id='word_1_218' title='bbox 321 2500 427 2562; x_wconf 81' lang='lat' dir='ltr'>Graeci</span> <span class='ocrx_word' id='word_1_219' title='bbox 454 2498 548 2582; x_wconf 76' lang='grc' dir='ltr'><strong><em>ἄχυρα</em></strong></span> <span class='ocrx_word' id='word_1_220' title='bbox 576 2506 693 2563; x_wconf 86' lang='lat' dir='ltr'>uocant.</span> <span class='ocrx_word' id='word_1_221' title='bbox 739 2503 845 2579; x_wconf 85' lang='lat' dir='ltr'>Itaque</span> <span class='ocrx_word' id='word_1_222' title='bbox 874 2505 906 2562; x_wconf 91' lang='lat' dir='ltr'>et</span> <span class='ocrx_word' id='word_1_223' title='bbox 933 2502 1114 2561; x_wconf 81' lang='lat' dir='ltr'>frumentum</span> <span class='ocrx_word' id='word_1_224' title='bbox 1142 2504 1173 2561; x_wconf 90' lang='lat' dir='ltr'>et</span> <span class='ocrx_word' id='word_1_225' title='bbox 1199 2500 1286 2578; x_wconf 87' lang='lat' dir='ltr'>panis</span> <span class='ocrx_word' id='word_1_226' title='bbox 1313 2519 1371 2560; x_wconf 92' lang='lat' dir='ltr'>non</span> 
     </span>
     <span class='ocr_line' id='line_1_25' title="bbox 221 2585 1371 2669; baseline -0.002 -20"><span class='ocrx_word' id='word_1_227' title='bbox 221 2593 285 2650; x_wconf 90' lang='lat' dir='ltr'>sine</span> <span class='ocrx_word' id='word_1_228' title='bbox 308 2592 404 2668; x_wconf 88' lang='lat' dir='ltr'>paleis</span> <span class='ocrx_word' id='word_1_229' title='bbox 423 2610 559 2653; x_wconf 85' lang='lat' dir='ltr'>acerosus</span> <span class='ocrx_word' id='word_1_230' title='bbox 577 2592 695 2652; x_wconf 86' lang='lat' dir='ltr'>dicitur.</span> <span class='ocrx_word' id='word_1_231' title='bbox 731 2593 804 2652; x_wconf 88' lang='lat' dir='ltr'>item</span> <span class='ocrx_word' id='word_1_232' title='bbox 823 2592 920 2651; x_wconf 90' lang='lat' dir='ltr'>lutum</span> <span class='ocrx_word' id='word_1_233' title='bbox 941 2592 1092 2652; x_wconf 75' lang='lat' dir='ltr'>metatum</span> <span class='ocrx_word' id='word_1_234' title='bbox 1111 2591 1206 2669; x_wconf 90' lang='lat' dir='ltr'>paleis</span> <span class='ocrx_word' id='word_1_235' title='bbox 1224 2585 1371 2649; x_wconf 86' lang='lat' dir='ltr'>mixtum’.</span> 
     </span>
     <span class='ocr_line' id='line_1_26' title="bbox 222 2678 1371 2760; baseline -0.004 -21"><span class='ocrx_word' id='word_1_236' title='bbox 222 2680 291 2740; x_wconf 85' lang='lat' dir='ltr'>Non</span> <span class='ocrx_word' id='word_1_237' title='bbox 308 2684 389 2741; x_wconf 88' lang='lat' dir='ltr'>recte</span> <span class='ocrx_word' id='word_1_238' title='bbox 407 2682 636 2760; x_wconf 82' lang='lat' dir='ltr'>grammaticum</span> <span class='ocrx_word' id='word_1_239' title='bbox 655 2684 745 2742; x_wconf 88' lang='lat' dir='ltr'>istam</span> <span class='ocrx_word' id='word_1_240' title='bbox 764 2681 963 2741; x_wconf 83' lang='lat' dir='ltr'>differentiam</span> <span class='ocrx_word' id='word_1_241' title='bbox 982 2680 1115 2758; x_wconf 90' lang='lat' dir='ltr'>posuisse</span> <span class='ocrx_word' id='word_1_242' title='bbox 1137 2680 1237 2758; x_wconf 82' lang='lat' dir='ltr'>glossa</span> <span class='ocrx_word' id='word_1_243' title='bbox 1256 2678 1330 2740; x_wconf 82' lang='lat' dir='ltr'>OGL</span> <span class='ocrx_word' id='word_1_244' title='bbox 1344 2679 1371 2734; x_wconf 88' lang='lat' dir='ltr'>V</span> 
     </span>
     <span class='ocr_line' id='line_1_27' title="bbox 221 2765 1372 2848; baseline -0.001 -19"><span class='ocrx_word' id='word_1_245' title='bbox 221 2789 249 2845; x_wconf 91' lang='lat' dir='ltr'>p.</span> <span class='ocrx_word' id='word_1_246' title='bbox 272 2772 301 2844; x_wconf 83' lang='grc'>7,</span> <span class='ocrx_word' id='word_1_247' title='bbox 320 2771 361 2830; x_wconf 85' lang='grc'>39</span> <span class='ocrx_word' id='word_1_248' title='bbox 387 2765 519 2831; x_wconf 82' lang='lat' dir='ltr'>‘acereta</span> <span class='ocrx_word' id='word_1_249' title='bbox 541 2771 632 2831; x_wconf 83' lang='lat' dir='ltr'>offula</span> <span class='ocrx_word' id='word_1_250' title='bbox 657 2773 827 2831; x_wconf 79' lang='lat' dir='ltr'>furhmaceo</span> <span class='ocrx_word' id='word_1_251' title='bbox 853 2765 942 2848; x_wconf 84' lang='lat' dir='ltr'>pone’</span> <span class='ocrx_word' id='word_1_252' title='bbox 971 2769 1164 2830; x_wconf 88' lang='lat' dir='ltr'>demonstrat.</span> <span class='ocrx_word' id='word_1_253' title='bbox 1210 2769 1284 2830; x_wconf 90' lang='lat' dir='ltr'>Post</span> <span class='ocrx_word' id='word_1_254' title='bbox 1310 2771 1372 2828; x_wconf 82' lang='lat' dir='ltr'>fru-</span> 
     </span>
     <span class='ocr_line' id='line_1_28' title="bbox 222 2857 1370 2938; baseline -0.001 -21"><span class='ocrx_word' id='word_1_255' title='bbox 222 2860 401 2919; x_wconf 81' lang='lat' dir='ltr'>mentarium</span> <span class='ocrx_word' id='word_1_256' title='bbox 424 2859 461 2920; x_wconf 91' lang='lat' dir='ltr'>de</span> <span class='ocrx_word' id='word_1_257' title='bbox 483 2859 625 2921; x_wconf 83' lang='lat' dir='ltr'>laborario</span> <span class='ocrx_word' id='word_1_258' title='bbox 649 2861 712 2938; x_wconf 81' lang='lat' dir='ltr'>egit</span> <span class='ocrx_word' id='word_1_259' title='bbox 734 2860 868 2920; x_wconf 91' lang='lat' dir='ltr'>Lucilius</span> <span class='ocrx_word' id='word_1_260' title='bbox 891 2860 939 2920; x_wconf 91' lang='lat' dir='ltr'>cui</span> <span class='ocrx_word' id='word_1_261' title='bbox 963 2857 1076 2919; x_wconf 86' lang='lat' dir='ltr'>Catone</span> <span class='ocrx_word' id='word_1_262' title='bbox 1099 2863 1220 2919; x_wconf 84' lang='lat' dir='ltr'>auctore</span> <span class='ocrx_word' id='word_1_263' title='bbox 1244 2859 1280 2918; x_wconf 93' lang='lat' dir='ltr'>de</span> <span class='ocrx_word' id='word_1_264' title='bbox 1308 2877 1370 2936; x_wconf 80' lang='lat' dir='ltr'>agr.</span> 
     </span>
     <span class='ocr_line' id='line_1_29' title="bbox 222 2946 1371 3027; baseline 0 -21"><span class='ocrx_word' id='word_1_265' title='bbox 222 2949 404 3022; x_wconf 82' lang='lat' dir='ltr'>cult.14,3</span> <span class='ocrx_word' id='word_1_266' title='bbox 432 2950 556 3026; x_wconf 84' lang='lat' dir='ltr'>praebet</span> <span class='ocrx_word' id='word_1_267' title='bbox 583 2949 719 3011; x_wconf 89' lang='lat' dir='ltr'>dominus</span> <span class='ocrx_word' id='word_1_268' title='bbox 747 2946 871 3026; x_wconf 84' lang='lat' dir='ltr'>‘aquam</span> <span class='ocrx_word' id='word_1_269' title='bbox 899 2950 1001 3027; x_wconf 88' lang='lat' dir='ltr'>paleas</span> <span class='ocrx_word' id='word_1_270' title='bbox 1029 2952 1139 3008; x_wconf 88' lang='lat' dir='ltr'>terram</span> <span class='ocrx_word' id='word_1_271' title='bbox 1168 2947 1245 3008; x_wconf 89' lang='lat' dir='ltr'>unde</span> <span class='ocrx_word' id='word_1_272' title='bbox 1274 2948 1371 3007; x_wconf 91' lang='lat' dir='ltr'>lutum</span> 
     </span>
     <span class='ocr_line' id='line_1_30' title="bbox 223 3033 1370 3113; baseline 0.001 -18"><span class='ocrx_word' id='word_1_273' title='bbox 223 3033 296 3098; x_wconf 78' lang='lat' dir='ltr'>fiat&#39;:</span> <span class='ocrx_word' id='word_1_274' title='bbox 321 3038 391 3097; x_wconf 82' lang='lat' dir='ltr'>conf</span> <span class='ocrx_word' id='word_1_275' title='bbox 405 3038 504 3098; x_wconf 88' lang='lat' dir='ltr'>Plaut.</span> <span class='ocrx_word' id='word_1_276' title='bbox 524 3039 599 3097; x_wconf 87' lang='lat' dir='ltr'>Rud.</span> <span class='ocrx_word' id='word_1_277' title='bbox 620 3041 684 3099; x_wconf 88' lang='grc'>100</span> <span class='ocrx_word' id='word_1_278' title='bbox 704 3034 779 3099; x_wconf 78' lang='lat' dir='ltr'>‘luto</span> <span class='ocrx_word' id='word_1_279' title='bbox 798 3042 883 3100; x_wconf 87' lang='lat' dir='ltr'>usust</span> <span class='ocrx_word' id='word_1_280' title='bbox 901 3039 1005 3113; x_wconf 83' lang='lat' dir='ltr'>multo,</span> <span class='ocrx_word' id='word_1_281' title='bbox 1026 3039 1153 3098; x_wconf 89' lang='lat' dir='ltr'>multam</span> <span class='ocrx_word' id='word_1_282' title='bbox 1172 3041 1283 3096; x_wconf 83' lang='lat' dir='ltr'>terram</span> <span class='ocrx_word' id='word_1_283' title='bbox 1302 3055 1370 3096; x_wconf 86' lang='lat' dir='ltr'>oon-</span> 
     </span>
     <span class='ocr_line' id='line_1_31' title="bbox 221 3121 1371 3203; baseline 0.002 -19"><span class='ocrx_word' id='word_1_284' title='bbox 221 3121 309 3187; x_wconf 89' lang='lat' dir='ltr'>fode&#39;.</span> <span class='ocrx_word' id='word_1_285' title='bbox 365 3127 422 3187; x_wconf 91' lang='lat' dir='ltr'>Pro</span> <span class='ocrx_word' id='word_1_286' title='bbox 454 3129 514 3186; x_wconf 74' lang='grc' dir='ltr'><strong><em>λαίο</em></strong></span> <span class='ocrx_word' id='word_1_287' title='bbox 546 3131 661 3188; x_wconf 73' lang='lat' dir='ltr'>accrum</span> <span class='ocrx_word' id='word_1_288' title='bbox 693 3128 806 3188; x_wconf 83' lang='lat' dir='ltr'>Pallad.</span> <span class='ocrx_word' id='word_1_289' title='bbox 826 3128 869 3187; x_wconf 94' lang='lat' dir='ltr'>IV</span> <span class='ocrx_word' id='word_1_290' title='bbox 889 3131 957 3203; x_wconf 84' lang='grc'>8,2</span> <span class='ocrx_word' id='word_1_291' title='bbox 992 3125 1068 3188; x_wconf 85' lang='lat' dir='ltr'>‘luto</span> <span class='ocrx_word' id='word_1_292' title='bbox 1100 3128 1219 3203; x_wconf 84' lang='lat' dir='ltr'>paleato</span> <span class='ocrx_word' id='word_1_293' title='bbox 1253 3125 1371 3186; x_wconf 86' lang='lat' dir='ltr'>curabis</span> 
     </span>
     <span class='ocr_line' id='line_1_32' title="bbox 222 3208 1370 3299; baseline 0 -25"><span class='ocrx_word' id='word_1_294' title='bbox 222 3214 357 3275; x_wconf 91' lang='lat' dir='ltr'>occulere</span> <span class='ocrx_word' id='word_1_295' title='bbox 380 3208 478 3299; x_wconf 66' lang='grc' dir='ltr'><strong><em>(πηλῷ</em></strong></span> <span class='ocrx_word' id='word_1_296' title='bbox 508 3221 547 3298; x_wconf 75' lang='grc' dir='ltr'>τῷ</span> <span class='ocrx_word' id='word_1_297' title='bbox 571 3208 608 3276; x_wconf 83' lang='grc' dir='ltr'>δι’</span> <span class='ocrx_word' id='word_1_298' title='bbox 637 3213 754 3294; x_wconf 78' lang='grc' dir='ltr'><strong><em>ἀχύρων</em></strong></span> <span class='ocrx_word' id='word_1_299' title='bbox 777 3216 907 3294; x_wconf 81' lang='lat' dir='ltr'>(leopon.</span> <span class='ocrx_word' id='word_1_300' title='bbox 926 3218 969 3276; x_wconf 87' lang='lat' dir='ltr'>IX</span> <span class='ocrx_word' id='word_1_301' title='bbox 990 3220 1040 3292; x_wconf 86' lang='lat'>10,</span> <span class='ocrx_word' id='word_1_302' title='bbox 1061 3209 1117 3298; x_wconf 82' lang='lat'>4)’.</span> <span class='ocrx_word' id='word_1_303' title='bbox 1162 3215 1244 3275; x_wconf 86' lang='lat' dir='ltr'>Idem</span> <span class='ocrx_word' id='word_1_304' title='bbox 1272 3215 1370 3276; x_wconf 88' lang='lat' dir='ltr'>simile</span> 
     </span>
     <span class='ocr_line' id='line_1_33' title="bbox 221 3302 1371 3386; baseline 0 -24"><span class='ocrx_word' id='word_1_305' title='bbox 221 3303 370 3363; x_wconf 90' lang='lat' dir='ltr'>Plutarch.</span> <span class='ocrx_word' id='word_1_306' title='bbox 394 3303 430 3365; x_wconf 90' lang='lat' dir='ltr'>de</span> <span class='ocrx_word' id='word_1_307' title='bbox 453 3306 574 3364; x_wconf 84' lang='lat' dir='ltr'>fortuna</span> <span class='ocrx_word' id='word_1_308' title='bbox 596 3326 624 3382; x_wconf 93' lang='lat' dir='ltr'>p.</span> <span class='ocrx_word' id='word_1_309' title='bbox 645 3305 723 3365; x_wconf 81' lang='lat'>991)</span> <span class='ocrx_word' id='word_1_310' title='bbox 752 3302 824 3366; x_wconf 79' lang='grc' dir='ltr'><strong><em>ἀλλὰ</em></strong></span> <span class='ocrx_word' id='word_1_311' title='bbox 852 3315 909 3386; x_wconf 76' lang='grc' dir='ltr'><strong><em>γῆν</em></strong></span> <span class='ocrx_word' id='word_1_312' title='bbox 941 3303 996 3384; x_wconf 84' lang='grc' dir='ltr'><strong><em>μὲν</em></strong></span> <span class='ocrx_word' id='word_1_313' title='bbox 1022 3303 1122 3378; x_wconf 75' lang='grc' dir='ltr'><strong><em>οὐδεὶς</em></strong></span> <span class='ocrx_word' id='word_1_314' title='bbox 1149 3303 1235 3365; x_wconf 84' lang='grc' dir='ltr'><strong><em>ύόατι</em></strong></span> <span class='ocrx_word' id='word_1_315' title='bbox 1263 3302 1371 3376; x_wconf 81' lang='grc' dir='ltr'><strong><em>δεύσας</em></strong></span> 
     </span>
     <span class='ocr_line' id='line_1_34' title="bbox 222 3387 1371 3473; baseline -0.001 -21"><span class='ocrx_word' id='word_1_316' title='bbox 222 3388 340 3471; x_wconf 76' lang='grc' dir='ltr'><strong><em>ἀφῆκεν</em></strong></span> <span class='ocrx_word' id='word_1_317' title='bbox 362 3389 402 3465; x_wconf 81' lang='grc' dir='ltr'>ὡς</span> <span class='ocrx_word' id='word_1_318' title='bbox 424 3390 484 3454; x_wconf 82' lang='grc' dir='ltr'>ἀπὸ</span> <span class='ocrx_word' id='word_1_319' title='bbox 506 3393 596 3473; x_wconf 80' lang='grc' dir='ltr'><strong><em>τύχης</em></strong></span> <span class='ocrx_word' id='word_1_320' title='bbox 618 3391 667 3454; x_wconf 82' lang='grc' dir='ltr'><strong><em>καὶ</em></strong></span> <span class='ocrx_word' id='word_1_321' title='bbox 690 3392 862 3473; x_wconf 77' lang='grc' dir='ltr'><strong><em>αὐτομάτως</em></strong></span> <span class='ocrx_word' id='word_1_322' title='bbox 884 3394 1022 3455; x_wconf 79' lang='grc' dir='ltr'><strong><em>πλίνθων</em></strong></span> <span class='ocrx_word' id='word_1_323' title='bbox 1043 3391 1193 3472; x_wconf 75' lang='grc' dir='ltr'><strong><em>ἐσομένων</em></strong></span> <span class='ocrx_word' id='word_1_324' title='bbox 1214 3387 1281 3455; x_wconf 81' lang='grc' dir='ltr'><strong><em>οὐδ’</em></strong></span> <span class='ocrx_word' id='word_1_325' title='bbox 1307 3391 1371 3471; x_wconf 76' lang='grc' dir='ltr'><strong><em>ἔρια</em></strong></span> 
     </span>
     <span class='ocr_line' id='line_1_35' title="bbox 222 3478 1373 3569; baseline 0.003 -30"><span class='ocrx_word' id='word_1_326' title='bbox 222 3478 272 3540; x_wconf 84' lang='grc' dir='ltr'><strong><em>καί</em></strong></span> <span class='ocrx_word' id='word_1_327' title='bbox 290 3479 382 3560; x_wconf 81' lang='grc' dir='ltr'><strong><em>σκύτη</em></strong></span> <span class='ocrx_word' id='word_1_328' title='bbox 405 3482 586 3561; x_wconf 78' lang='grc' dir='ltr'><strong><em>κτησόμενος</em></strong></span> <span class='ocrx_word' id='word_1_329' title='bbox 608 3483 734 3562; x_wconf 77' lang='grc' dir='ltr'><strong><em>πύθηται</em></strong></span> <span class='ocrx_word' id='word_1_330' title='bbox 756 3489 792 3569; x_wconf 68' lang='grc' dir='ltr'>τῇ</span> <span class='ocrx_word' id='word_1_331' title='bbox 815 3484 887 3568; x_wconf 72' lang='grc' dir='ltr'><strong><em>τύχῃ</em></strong></span> <span class='ocrx_word' id='word_1_332' title='bbox 907 3483 1142 3563; x_wconf 79' lang='grc' dir='ltr'><strong><em>προσευχόμενος</em></strong></span> <span class='ocrx_word' id='word_1_333' title='bbox 1160 3483 1277 3561; x_wconf 86' lang='grc' dir='ltr'><strong><em>ίμύτιον</em></strong></span> <span class='ocrx_word' id='word_1_334' title='bbox 1294 3481 1373 3565; x_wconf 80' lang='grc' dir='ltr'><strong><em>αὐτῷ</em></strong></span> 
     </span>
     <span class='ocr_line' id='line_1_36' title="bbox 221 3567 732 3651; baseline 0.008 -22"><span class='ocrx_word' id='word_1_335' title='bbox 221 3567 271 3629; x_wconf 85' lang='grc' dir='ltr'><strong><em>ιιαί</em></strong></span> <span class='ocrx_word' id='word_1_336' title='bbox 294 3568 470 3648; x_wconf 75' lang='grc' dir='ltr'><strong><em>ὑποδήματα</em></strong></span> <span class='ocrx_word' id='word_1_337' title='bbox 491 3569 639 3651; x_wconf 78' lang='grc' dir='ltr'><strong><em>γενέσθαι.</em></strong></span> <span class='ocrx_word' id='word_1_338' title='bbox 728 3576 732 3583; x_wconf 83' lang='grc'><em>“</em></span> 
     </span>
    </p>

    <p class='ocr_par' dir='ltr' id='par_1_5' title="bbox 220 3651 1370 4544">
     <span class='ocr_line' id='line_1_37' title="bbox 311 3651 1369 3739; baseline 0 -20"><span class='ocrx_word' id='word_1_339' title='bbox 311 3651 394 3721; x_wconf 76' lang='lat'>326.</span> <span class='ocrx_word' id='word_1_340' title='bbox 419 3660 571 3720; x_wconf 78' lang='lat' dir='ltr'>Charisius</span> <span class='ocrx_word' id='word_1_341' title='bbox 590 3660 641 3721; x_wconf 84' lang='lat' dir='ltr'>GL</span> <span class='ocrx_word' id='word_1_342' title='bbox 660 3662 675 3720; x_wconf 93' lang='grc' dir='ltr'>Ι</span> <span class='ocrx_word' id='word_1_343' title='bbox 694 3683 721 3739; x_wconf 90' lang='lat' dir='ltr'>p.</span> <span class='ocrx_word' id='word_1_344' title='bbox 743 3665 816 3737; x_wconf 90' lang='grc'>100,</span> <span class='ocrx_word' id='word_1_345' title='bbox 836 3663 894 3722; x_wconf 89' lang='grc' dir='ltr'>5Κ</span> <span class='ocrx_word' id='word_1_346' title='bbox 918 3658 1008 3722; x_wconf 86' lang='lat' dir='ltr'>‘Lora</span> <span class='ocrx_word' id='word_1_347' title='bbox 1030 3665 1169 3738; x_wconf 89' lang='lat' dir='ltr'>correpta</span> <span class='ocrx_word' id='word_1_348' title='bbox 1191 3661 1288 3738; x_wconf 88' lang='lat' dir='ltr'>prima</span> <span class='ocrx_word' id='word_1_349' title='bbox 1310 3662 1369 3739; x_wconf 80' lang='lat' dir='ltr'>syl·</span> 
     </span>
     <span class='ocr_line' id='line_1_38' title="bbox 222 3748 1370 3829; baseline 0.004 -23"><span class='ocrx_word' id='word_1_350' title='bbox 222 3748 292 3809; x_wconf 87' lang='lat' dir='ltr'>laba</span> <span class='ocrx_word' id='word_1_351' title='bbox 314 3753 345 3809; x_wconf 89' lang='lat' dir='ltr'>et</span> <span class='ocrx_word' id='word_1_352' title='bbox 367 3749 509 3809; x_wconf 87' lang='lat' dir='ltr'>feminino</span> <span class='ocrx_word' id='word_1_353' title='bbox 532 3770 638 3829; x_wconf 82' lang='lat' dir='ltr'>genere</span> <span class='ocrx_word' id='word_1_354' title='bbox 662 3751 786 3811; x_wconf 89' lang='lat' dir='ltr'>dicenda</span> <span class='ocrx_word' id='word_1_355' title='bbox 815 3756 860 3812; x_wconf 90' lang='lat' dir='ltr'>est</span> <span class='ocrx_word' id='word_1_356' title='bbox 880 3752 1095 3828; x_wconf 84' lang='lat' dir='ltr'>...producta</span> <span class='ocrx_word' id='word_1_357' title='bbox 1123 3754 1223 3811; x_wconf 88' lang='lat' dir='ltr'>autern</span> <span class='ocrx_word' id='word_1_358' title='bbox 1251 3754 1370 3811; x_wconf 87' lang='lat' dir='ltr'>neutra·</span> 
     </span>
     <span class='ocr_line' id='line_1_39' title="bbox 220 3832 1369 3921; baseline 0.002 -23"><span class='ocrx_word' id='word_1_359' title='bbox 220 3838 290 3899; x_wconf 90' lang='lat' dir='ltr'>liter</span> <span class='ocrx_word' id='word_1_360' title='bbox 312 3859 328 3898; x_wconf 90' lang='lat' dir='ltr'>e</span> <span class='ocrx_word' id='word_1_361' title='bbox 352 3839 431 3900; x_wconf 89' lang='lat' dir='ltr'>corio</span> <span class='ocrx_word' id='word_1_362' title='bbox 459 3838 592 3915; x_wconf 86' lang='lat' dir='ltr'>uincula,</span> <span class='ocrx_word' id='word_1_363' title='bbox 620 3845 655 3899; x_wconf 91' lang='lat' dir='ltr'>ut</span> <span class='ocrx_word' id='word_1_364' title='bbox 683 3843 713 3900; x_wconf 90' lang='lat' dir='ltr'>et</span> <span class='ocrx_word' id='word_1_365' title='bbox 737 3840 871 3901; x_wconf 89' lang='lat' dir='ltr'>Lucilius</span> <span class='ocrx_word' id='word_1_366' title='bbox 899 3841 930 3901; x_wconf 90' lang='lat' dir='ltr'>in</span> <span class='ocrx_word' id='word_1_367' title='bbox 949 3841 1039 3900; x_wconf 87' lang='lat' dir='ltr'>VIIII</span> <span class='ocrx_word' id='word_1_368' title='bbox 1063 3832 1151 3921; x_wconf 82' lang='lat' dir='ltr'>(vm</span> <span class='ocrx_word' id='word_1_369' title='bbox 1175 3833 1369 3920; x_wconf 74' lang='lat' dir='ltr'>Coloniensis)</span> 
     </span>
     <span class='ocr_line' id='line_1_40' title="bbox 222 3922 1370 4007; baseline 0.003 -21"><span class='ocrx_word' id='word_1_370' title='bbox 222 3922 313 4004; x_wconf 84' lang='lat' dir='ltr'>“ipsa</span> <span class='ocrx_word' id='word_1_371' title='bbox 334 3929 362 3989; x_wconf 78' lang='lat' dir='ltr'>si</span> <span class='ocrx_word' id='word_1_372' title='bbox 382 3947 414 3990; x_wconf 84' lang='lat' dir='ltr'>se</span> <span class='ocrx_word' id='word_1_373' title='bbox 440 3929 519 3989; x_wconf 87' lang='lat' dir='ltr'>corio</span> <span class='ocrx_word' id='word_1_374' title='bbox 548 3929 648 3989; x_wconf 88' lang='lat' dir='ltr'>omnia</span> <span class='ocrx_word' id='word_1_375' title='bbox 675 3925 784 3990; x_wconf 79' lang='lat' dir='ltr'>lora&#39;&#39;.&#39;</span> <span class='ocrx_word' id='word_1_376' title='bbox 832 3930 999 3991; x_wconf 79' lang='lat' dir='ltr'>Adhibetur</span> <span class='ocrx_word' id='word_1_377' title='bbox 1025 3929 1219 4007; x_wconf 90' lang='lat' dir='ltr'>prouerbium</span> <span class='ocrx_word' id='word_1_378' title='bbox 1248 3928 1370 4006; x_wconf 86' lang='lat' dir='ltr'>aliquod</span> 
     </span>
     <span class='ocr_line' id='line_1_41' title="bbox 222 4017 1368 4097; baseline 0.003 -22"><span class='ocrx_word' id='word_1_379' title='bbox 222 4019 310 4092; x_wconf 86' lang='lat' dir='ltr'>quale</span> <span class='ocrx_word' id='word_1_380' title='bbox 328 4018 505 4079; x_wconf 83' lang='lat' dir='ltr'>Plutarchus</span> <span class='ocrx_word' id='word_1_381' title='bbox 523 4017 614 4078; x_wconf 86' lang='lat' dir='ltr'>habet</span> <span class='ocrx_word' id='word_1_382' title='bbox 632 4019 729 4079; x_wconf 87' lang='lat' dir='ltr'>simile</span> <span class='ocrx_word' id='word_1_383' title='bbox 747 4039 807 4079; x_wconf 91' lang='lat' dir='ltr'>non</span> <span class='ocrx_word' id='word_1_384' title='bbox 825 4039 911 4097; x_wconf 87' lang='lat' dir='ltr'>posse</span> <span class='ocrx_word' id='word_1_385' title='bbox 930 4038 1013 4079; x_wconf 91' lang='lat' dir='ltr'>suau.</span> <span class='ocrx_word' id='word_1_386' title='bbox 1028 4019 1090 4081; x_wconf 83' lang='lat' dir='ltr'>uiu</span> <span class='ocrx_word' id='word_1_387' title='bbox 1104 4038 1160 4079; x_wconf 88' lang='lat' dir='ltr'>aec.</span> <span class='ocrx_word' id='word_1_388' title='bbox 1176 4019 1258 4096; x_wconf 81' lang='lat' dir='ltr'>Epic.</span> <span class='ocrx_word' id='word_1_389' title='bbox 1274 4020 1368 4094; x_wconf 74' lang='lat' dir='ltr'>capt</span> 
     </span>
     <span class='ocr_line' id='line_1_42' title="bbox 222 4105 1370 4188; baseline 0.002 -24"><span class='ocrx_word' id='word_1_390' title='bbox 222 4126 249 4181; x_wconf 92' lang='lat' dir='ltr'>p.</span> <span class='ocrx_word' id='word_1_391' title='bbox 266 4107 386 4167; x_wconf 75' lang='lat' dir='ltr'>1090F</span> <span class='ocrx_word' id='word_1_392' title='bbox 404 4105 454 4168; x_wconf 84' lang='grc' dir='ltr'><strong><em>καί</em></strong></span> <span class='ocrx_word' id='word_1_393' title='bbox 471 4115 558 4169; x_wconf 84' lang='grc' dir='ltr'><strong><em>τούτο</em></strong></span> <span class='ocrx_word' id='word_1_394' title='bbox 577 4107 615 4187; x_wconf 80' lang='grc' dir='ltr'>δὴ</span> <span class='ocrx_word' id='word_1_395' title='bbox 635 4107 666 4169; x_wconf 83' lang='grc' dir='ltr'>τὸ</span> <span class='ocrx_word' id='word_1_396' title='bbox 685 4107 862 4187; x_wconf 81' lang='grc' dir='ltr'><strong><em>παιζόμενον</em></strong></span> <span class='ocrx_word' id='word_1_397' title='bbox 880 4106 913 4169; x_wconf 81' lang='grc' dir='ltr'>ἕιι</span> <span class='ocrx_word' id='word_1_398' title='bbox 926 4117 979 4169; x_wconf 83' lang='grc' dir='ltr'>τοῦ</span> <span class='ocrx_word' id='word_1_399' title='bbox 994 4106 1065 4188; x_wconf 82' lang='grc' dir='ltr'><strong><em>βοός</em></strong></span> <span class='ocrx_word' id='word_1_400' title='bbox 1078 4107 1148 4181; x_wconf 84' lang='grc' dir='ltr'><strong><em>τούς</em></strong></span> <span class='ocrx_word' id='word_1_401' title='bbox 1162 4106 1286 4184; x_wconf 84' lang='grc' dir='ltr'><strong><em>ίμύντας</em></strong></span> <span class='ocrx_word' id='word_1_402' title='bbox 1300 4111 1370 4185; x_wconf 90' lang='grc' dir='ltr'><strong><em>λαμ-</em></strong></span> 
     </span>
     <span class='ocr_line' id='line_1_43' title="bbox 221 4193 1369 4277; baseline 0.002 -24"><span class='ocrx_word' id='word_1_403' title='bbox 221 4193 355 4271; x_wconf 74' lang='grc' dir='ltr'><strong><em>βύνουσα</em></strong></span> <span class='ocrx_word' id='word_1_404' title='bbox 377 4193 429 4267; x_wconf 80' lang='grc' dir='ltr'>τὰς</span> <span class='ocrx_word' id='word_1_405' title='bbox 451 4193 619 4277; x_wconf 76' lang='grc' dir='ltr'><strong><em>ἀλγηδόνας</em></strong></span> <span class='ocrx_word' id='word_1_406' title='bbox 641 4195 673 4258; x_wconf 75' lang='grc' dir='ltr'>ἔτι</span> <span class='ocrx_word' id='word_1_407' title='bbox 696 4206 748 4258; x_wconf 90' lang='grc' dir='ltr'>τοῦ</span> <span class='ocrx_word' id='word_1_408' title='bbox 776 4198 919 4277; x_wconf 86' lang='grc' dir='ltr'><strong><em>σώματος.</em></strong></span> <span class='ocrx_word' id='word_1_409' title='bbox 964 4199 1072 4258; x_wconf 79' lang='lat' dir='ltr'>Adfert</span> <span class='ocrx_word' id='word_1_410' title='bbox 1100 4196 1138 4257; x_wconf 83' lang='lat' dir='ltr'>ad</span> <span class='ocrx_word' id='word_1_411' title='bbox 1165 4197 1244 4257; x_wconf 89' lang='lat' dir='ltr'>hunc</span> <span class='ocrx_word' id='word_1_412' title='bbox 1271 4197 1369 4257; x_wconf 77' lang='lat' dir='ltr'>luciam</span> 
     </span>
     <span class='ocr_line' id='line_1_44' title="bbox 221 4281 1368 4366; baseline 0.006 -26"><span class='ocrx_word' id='word_1_413' title='bbox 221 4283 350 4343; x_wconf 85' lang='lat' dir='ltr'>Koohius</span> <span class='ocrx_word' id='word_1_414' title='bbox 369 4282 446 4344; x_wconf 78' lang='lat' dir='ltr'>OAF</span> <span class='ocrx_word' id='word_1_415' title='bbox 464 4287 510 4346; x_wconf 90' lang='grc' dir='ltr'>ΠΙ</span> <span class='ocrx_word' id='word_1_416' title='bbox 529 4307 557 4362; x_wconf 91' lang='lat' dir='ltr'>p.</span> <span class='ocrx_word' id='word_1_417' title='bbox 577 4288 641 4346; x_wconf 82' lang='grc'>496</span> <span class='ocrx_word' id='word_1_418' title='bbox 656 4288 780 4348; x_wconf 87' lang='lat' dir='ltr'>Macarii</span> <span class='ocrx_word' id='word_1_419' title='bbox 803 4288 995 4366; x_wconf 89' lang='lat' dir='ltr'>prouerbium</span> <span class='ocrx_word' id='word_1_420' title='bbox 1019 4290 1048 4363; x_wconf 82' lang='lat'>3,</span> <span class='ocrx_word' id='word_1_421' title='bbox 1064 4289 1104 4347; x_wconf 89' lang='grc'>69</span> <span class='ocrx_word' id='word_1_422' title='bbox 1129 4283 1162 4347; x_wconf 78' lang='grc' dir='ltr'>λιι</span> <span class='ocrx_word' id='word_1_423' title='bbox 1184 4294 1237 4347; x_wconf 86' lang='grc' dir='ltr'>τοῦ</span> <span class='ocrx_word' id='word_1_424' title='bbox 1260 4281 1368 4366; x_wconf 79' lang='grc' dir='ltr'><strong><em>βοὸςὴ</em></strong></span> 
     </span>
     <span class='ocr_line' id='line_1_45' title="bbox 221 4371 1370 4456; baseline 0.003 -25"><span class='ocrx_word' id='word_1_425' title='bbox 221 4371 336 4448; x_wconf 84' lang='grc' dir='ltr'><strong><em>μάστιξ·</em></strong></span> <span class='ocrx_word' id='word_1_426' title='bbox 359 4372 449 4434; x_wconf 87' lang='grc' dir='ltr'><strong><em>λείπει</em></strong></span> <span class='ocrx_word' id='word_1_427' title='bbox 472 4372 522 4434; x_wconf 82' lang='grc' dir='ltr'><strong><em>καί</em></strong></span> <span class='ocrx_word' id='word_1_428' title='bbox 544 4376 621 4455; x_wconf 82' lang='grc' dir='ltr'><strong><em>βοῦν</em></strong></span> <span class='ocrx_word' id='word_1_429' title='bbox 644 4373 728 4454; x_wconf 77' lang='grc' dir='ltr'><strong><em>δέρει.</em></strong></span> <span class='ocrx_word' id='word_1_430' title='bbox 771 4378 857 4438; x_wconf 83' lang='lat' dir='ltr'>Alius</span> <span class='ocrx_word' id='word_1_431' title='bbox 880 4379 998 4456; x_wconf 82' lang='lat' dir='ltr'>generis</span> <span class='ocrx_word' id='word_1_432' title='bbox 1015 4380 1086 4437; x_wconf 92' lang='lat' dir='ltr'>sunt</span> <span class='ocrx_word' id='word_1_433' title='bbox 1104 4377 1263 4454; x_wconf 88' lang='lat' dir='ltr'>prouerbia</span> <span class='ocrx_word' id='word_1_434' title='bbox 1281 4377 1370 4453; x_wconf 91' lang='lat' dir='ltr'>quale</span> 
     </span>
     <span class='ocr_line' id='line_1_46' title="bbox 221 4461 1369 4544; baseline 0.005 -24"><span class='ocrx_word' id='word_1_435' title='bbox 221 4464 267 4521; x_wconf 90' lang='lat' dir='ltr'>est</span> <span class='ocrx_word' id='word_1_436' title='bbox 288 4462 437 4524; x_wconf 81' lang='lat' dir='ltr'>Martialis</span> <span class='ocrx_word' id='word_1_437' title='bbox 456 4464 502 4523; x_wconf 86' lang='lat' dir='ltr'>HI</span> <span class='ocrx_word' id='word_1_438' title='bbox 522 4466 571 4540; x_wconf 89' lang='grc'>16,</span> <span class='ocrx_word' id='word_1_439' title='bbox 592 4467 610 4523; x_wconf 88' lang='grc'>3</span> <span class='ocrx_word' id='word_1_440' title='bbox 636 4461 745 4525; x_wconf 80' lang='lat' dir='ltr'>‘ebrius</span> <span class='ocrx_word' id='word_1_441' title='bbox 765 4487 809 4528; x_wconf 87' lang='lat' dir='ltr'>es:</span> <span class='ocrx_word' id='word_1_442' title='bbox 832 4486 928 4544; x_wconf 88' lang='lat' dir='ltr'>neque</span> <span class='ocrx_word' id='word_1_443' title='bbox 950 4467 1028 4525; x_wconf 89' lang='lat' dir='ltr'>enim</span> <span class='ocrx_word' id='word_1_444' title='bbox 1048 4467 1160 4527; x_wconf 85' lang='lat' dir='ltr'>faceres</span> <span class='ocrx_word' id='word_1_445' title='bbox 1179 4467 1234 4526; x_wconf 91' lang='lat' dir='ltr'>hoe</span> <span class='ocrx_word' id='word_1_446' title='bbox 1253 4464 1369 4526; x_wconf 87' lang='lat' dir='ltr'>sobrius</span> 
     </span>
    </p>
   </div>
   <div class='ocr_carea' id='block_1_3' title="bbox 0 0 1534 5010">
    <p class='ocr_par' dir='ltr' id='par_1_6' title="bbox 0 0 1534 5010">
     <span class='ocr_line' id='line_1_47' title="bbox 0 0 1534 5010; baseline 0 0"><span class='ocrx_word' id='word_1_447' title='bbox 0 0 1534 5010; x_wconf 95' lang='lat' dir='ltr'> </span> 
     </span>
    </p>
   </div>
  </div>
 </body>
</html>
