3036 5004
216 366 281 433 773
625 352 740 423 xxvm
757 380 784 423 a.
806 372 953 423 ree-ree.

216 528 317 614 possit.
348 539 379 605 tt
411 537 485 596 bono
514 538 613 596 animo
637 533 678 597 es’
704 537 829 615 Adelph.
850 538 913 596 543
939 531 1033 612 ‘Syre
1063 539 1095 604 11
1124 534 1203 606 Quid
1233 534 1298 594 est?
1329 539 1359 602 11
1417 552 1421 560 ·

216 626 284 686 Men
308 624 445 702 quaerit?
475 631 506 694 11
537 626 656 685 Verum.
690 634 717 693 tt
748 627 834 686 Perii.
865 634 895 694 ’11
925 624 1003 696 Quin
1031 628 1065 683 tu
1088 624 1188 684 animo
1211 623 1288 684 bono
1313 620 1366 686 es'.

216 713 347 775 Senariis
379 716 435 774 boc
466 715 667 793 fragmentum
700 715 826 776 attribui
857 715 924 775 ideo
957 715 1037 791 quod
1066 718 1190 792 propter
1221 713 1367 775 maiorem

216 823 317 864 eorum
341 824 496 864 numerum
520 807 615 883 magis
640 804 793 882 probabile
816 806 937 864 elidetur
960 804 1241 865 senarium'afferri

307 886 387 956 783.
424 893 540 953 Nouius
576 914 604 970 p.
631 895 707 967 280,
739 896 779 954 10
817 890 951 968 ‘Dicere,
988 894 1172 953 denuntiare.
1231 892 1367 953 Lucilius

215 983 265 1043 lib.
286 983 416 1042 XXVIII
447 978 606 1042 “minitari
704 979 828 1042 diem'’.'
885 982 1046 1042 Coniunxit
1077 983 1133 1042 hoc
1163 983 1367 1060 fragmentum

214 1092 281 1133 cum
309 1075 477 1149 insequenti
505 1073 727 1133 Lachmannus:
760 1073 878 1132 uidetur
905 1073 1038 1132 minitari
1067 1075 1173 1148 poetae
1201 1071 1253 1131 ille
1280 1073 1367 1131 55155

216 1164 336 1223 domum
360 1165 591 1241 expugnaueret.

305 1244 387 1314 784.
406 1251 521 1311 Probus
540 1251 577 1310 ad
592 1250 719 1330 Vergilii
738 1251 790 1310 ecl.
805 1251 849 1310 VI
865 1253 903 1310 31
920 1271 948 1328 p.
965 1254 1040 1327 340,
1057 1253 1095 1310 17
1115 1251 1193 1329 Hag.
1210 1246 1367 1327 ‘Superest

215 1345 249 1402 ut
267 1341 297 1400 in
318 1361 352 1400 eo
366 1341 446 1418 quod
464 1343 510 1400 ait
528 1336 683 1416 “Spiritus
701 1340 782 1400 intus
797 1336 876 1400 alit”
892 1359 990 1400 aerem
1004 1341 1116 1400 dictum
1131 1357 1366 1415 praesumamus.

290 1432 363 1490 Item
394 1430 528 1489 Lucilius
560 1429 592 1489 in
614 1429 744 1488 XXVIII
771 1432 940 1506 satyrarum
970 1425 1049 1489 “boe
1085 1447 1152 1489 cum
1184 1429 1289 1489 feceris

214 1519 352 1580 stoecbiis
372 1511 570 1601 (stoecbdsque
589 1510 766 1599 Vaticanus)
781 1565 788 1579 .
805 1566 810 1577 .
827 1567 832 1578 .
842 1520 1014 1592 prierabitar
1032 1513 1181 1600 (51155511
1201 1513 1367 1597 Egnatius)

214 1611 278 1687 igni
298 1656 304 1667 .
321 1655 326 1668 .
343 1654 349 1668 .
369 1627 490 1684 corpore
518 1607 579 1665 ΧΗ
607 1601 663 1688 (515
686 1608 852 1682 Parisinus,
883 1609 957 1668 Tam
984 1601 1163 1689 Vaticanus)
1190 1625 1297 1684 corpus
1314 1655 1319 1666 .
1336 1655 1366 1668 ..

214 1692 359 1756 tameu’'.’
402 1697 507 1757 Voluit
528 1696 655 1772 probare
679 1700 890 1776 grammaticus
914 1697 1048 1759 uersibus
1070 1697 1181 1757 Lucilii
1204 1697 1314 1757 adlatis
1333 1697 1366 1756 iu

214 1787 325 1866 Vergil.
344 1787 418 1846 Aen.
437 1786 481 1844 VI
502 1788 564 1845 725
590 1781 703 1845 ‘lunam
727 1787 906 1864 TItaniaque
935 1791 1018 1847 astra
1047 1789 1169 1861 spiritus
1191 1788 1272 1846 intus
1296 1782 1365 1846 alit'

213 1878 335 1951 spiritus
362 1875 539 1935 uocabulum
568 1876 698 1952 poeltum
726 1894 788 1935 esse
818 1896 871 1953 pro
900 1895 967 1937 aere
996 1876 1084 1937 sicuti
1112 1876 1192 1952 apud
1214 1875 1365 1935 Lucilium

214 1973 331 2043 πνεῦμα
354 1966 402 2025 551
426 1966 528 2024 auimo
550 1985 579 2023 u.
597 1964 659 2024 783
683 1968 762 2025 recte
785 1965 933 2025 intellexit
951 1967 1081 2043 positum
1100 1985 1163 2026 esse
1181 1984 1236 2043 pro
1256 1968 1366 2041 quarto

214 2054 293 2132 quod
311 2057 406 2114 restat
423 2056 453 2114 in
469 2055 690 2113 enumeratione
710 2055 863 2130 elemento,
882 2054 901 2113 i.
916 2075 939 2114 e.
958 2075 1013 2132 pro
1028 2074 1103 2114 cerr.
1141 2054 1367 2114 (ioniunxerunt

214 2145 290 2204 falso
313 2145 368 2204 boc
386 2145 587 2222 fragmentum
607 2162 672 2203 cam
692 2143 742 2202 lib.
757 2144 853 2203 XXIX
876 2165 904 2202 u.
921 2146 993 2205 920.
1015 2146 1076 2204 921
1102 2143 1250 2203 Beckerus
1268 2143 1365 2203 Laeb-

214 2252 339 2293 mannus
362 2234 490 2293 editores
513 2232 620 2308 reliqui
640 2251 748 2294 omnes.
774 2266 815 2275 —
842 2235 913 2293 784.
937 2234 993 2293 hoc
1012 2253 1078 2294 cum
1098 2227 1216 2312 feceris]
1235 2233 1365 2293 similem

209 2332 316 2384 uersus
352 2325 462 2382 exitum
501 2323 617 2381 Terent.
648 2322 722 2380 Eun.
754 2324 837 2382 1053
877 2319 944 2382 ‘hoc
985 2325 1011 2382 si
1046 2318 1163 2383 feceris’
1202 2321 1365 2382 secundum

212 2411 390 2473 Bembinum
410 2415 441 2473 et
457 2412 590 2471 Nonium
612 2432 641 2488 p.
658 2413 731 2487 358,
753 2414 802 2471 19.
827 2445 868 2453 -
895 2412 967 2471 785.
991 2431 1058 2471 cum
1077 2414 1183 2472 ceteris
1201 2431 1268 2471 reus
1286 2405 1363 2492 una]

213 2503 315 2579 ltaque
344 2504 445 2582 agitur
471 2500 507 2561 de
536 2501 658 2560 erImine
687 2501 766 2577 quod
793 2502 959 2578 complures
987 2502 1121 2561 homines
1151 2502 1364 2577 commiserint,

213 2591 395 2652 confectores
418 2592 465 2651 illi
488 2591 653 2666 cardInum,
677 2591 790 2668 opinor,
813 2592 865 2667 qui
888 2590 1028 2651 dicuntur
1050 2611 1078 2650 a.
1096 2593 1167 2650 773.
1213 2589 1364 2652 Iudicium

213 2682 307 2760 igitur
337 2682 372 2740 fit
399 2680 434 2740 de
462 2682 502 2740 ui.
526 2680 594 2759 Dig.
609 2680 737 2739 XLVIII
757 2681 786 2756 6,
807 2684 844 2739 11
877 2675 929 2740 ‘Hi
961 2682 1014 2757 qui
1045 2679 1132 2740 aedes
1165 2681 1277 2740 alienas
1309 2684 1365 2740 aut

212 2769 302 2830 uillas
325 2770 523 2846 expilauerint
546 2770 716 2849 effregerint
733 2771 979 2848 expugnauerint,
1001 2771 1028 2829 si
1046 2769 1118 2847 quid
1136 2771 1168 2828 in
1186 2768 1277 2829 turba
1295 2788 1364 2828 cum

213 2860 281 2920 telis
317 2859 454 2935 fecerint,
492 2861 589 2935 eapite
621 2859 793 2935 puniuntur.
849 2859 988 2918 Telorum
1024 2862 1124 2919 autem
1161 2858 1364 2935 appellatione

212 2951 326 3026 omnia,
354 2969 389 3008 ex
417 2948 524 3025 quibus
552 2949 664 3026 singuli
690 2948 824 3008 homines
851 2967 955 3008 nocere
982 2952 1120 3024 possunt,
1153 2944 1363 3024 accipiuntur'.

217 3071 253 3079 —
289 3031 440 3118 tradetur]
472 3040 626 3114 tamquam
658 3037 790 3098 carnifici
818 3041 852 3096 ut
877 3037 1153 3097 plantandae?
1184 3031 1237 3120 (τῷ
1265 3036 1363 3122 δημίῳ

212 3125 387 3206 παρέδωκαν
419 3125 531 3204 Diphil.
557 3126 641 3185 cAF
664 3126 695 3185 Π
718 3147 745 3203 p.
763 3128 840 3201 550,
868 3130 904 3185 11
922 3122 964 3207 Κ)
996 3127 1114 3187 tradere
1147 3126 1257 3186 Cadmo
1289 3126 1362 3187 Hor.

212 3234 298 3277 serm.
317 3215 332 3274 1
353 3217 381 3289 6,
401 3217 451 3276 39.
477 3248 518 3257 -
542 3210 642 3297 Lupo]
670 3216 702 3274 L.
719 3214 856 3276 Cornelio
883 3216 1010 3276 Lentulo
1040 3216 1124 3293 Lupo
1152 3216 1188 3275 de
1213 3234 1271 3292 qao
1294 3218 1367 3276 conf

212 3304 251 3364 ad
273 3303 324 3365 lib.
341 3305 355 3364 I
374 3325 422 3367 uu.
440 3307 467 3364 3.
492 3307 543 3364 47.
568 3307 618 3364 54.
665 3303 743 3364 Huic
767 3305 858 3365 iudici
881 3305 1044 3380 quaesitori
1068 3306 1222 3366 obueuIsse
1240 3305 1362 3364 uidetur

212 3394 265 3454 illo
293 3398 426 3471 tempore
453 3394 596 3454 iudicium
625 3395 660 3454 de
687 3396 733 3467 ui,
760 3397 786 3455 si
812 3397 892 3454 recte
920 3395 955 3454 de
982 3395 1038 3455 boe
1062 3395 1127 3454 loco
1149 3394 1362 3454 iudicauimus:

212 3483 292 3561 quod
315 3484 403 3560 quale
426 3483 517 3542 fuerit
535 3483 596 3542 illis
613 3483 807 3560 temporibus,
826 3485 979 3544 nescimus.
1016 3484 1135 3561 Lupum
1153 3483 1255 3543 eodem
1273 3482 1362 3542 modo

212 3572 353 3633 describit
382 3572 514 3631 Lucilius
543 3591 601 3649 quo
630 3572 773 3632 Horatius
800 3591 886 3632 serm.
906 3572 936 3631 II
958 3577 989 3647 1,
1014 3575 1055 3632 43
1084 3573 1208 3632 'I'mium
1237 3568 1363 3651 ‘grande

212 3663 324 3722 malum
351 3661 473 3737 Iturius,
505 3661 531 3721 si
563 3661 636 3738 quid
664 3680 695 3721 se
722 3660 818 3721 iudice
846 3657 961 3722 certes’.
989 3693 1035 3703 —
1063 3663 1135 3723 788.
1164 3681 1222 3722 nou
1251 3661 1362 3721 aderit:

212 3751 336 3812 uerbum
364 3752 479 3811 forense
508 3750 566 3811 Cic.
591 3752 622 3809 in
646 3751 838 3810 Verr.1141
871 3747 1038 3811 ‘Heraclius
1065 3754 1180 3810 interea
1279 3754 1363 3827 captt

212 3842 369 3902 consilium
393 3842 428 3904 de
452 3841 615 3900 amicorum
638 3844 669 3900 51
691 3843 926 3918 propinquorum
950 3843 1098 3900 sententia
1120 3859 1179 3900 non
1202 3840 1304 3900 adesse
1323 3841 1363 3899 ed

212 3927 377 3990 iudicium’.
419 3928 522 4010 ἀρχαῖς
540 3934 571 3990 51
589 3929 743 3991 5155511155
764 3927 854 4009 ἀρχάς
873 3951 926 4007 per
944 3930 1173 4010 ambiguItatem
1192 3929 1251 3990 (1151
1268 3931 1362 3988 etiam

211 4020 336 4080 bonores
356 4022 458 4080 ciuiles
477 4020 674 4080 Buechelerus
693 4022 794 4079 censet
811 4019 885 4079 Mus.
905 4019 997 4080 Rben.
1016 4018 1115 4078 XLIII
1139 4020 1223 4078 1888
1242 4039 1271 4095 p.
1287 4020 1361 4078 292.

212 4109 364 4186 Scriptum
400 4110 460 4168 fuit
496 4110 663 4186 antiquitus
700 4111 798 4168 urrais
835 4113 865 4169 et
901 4111 1012 4169 stoeuis
1048 4112 1208 4185 mumque
1251 4109 1362 4168 litteris

211 4198 337 4258 LatInis.
379 4198 434 4258 Est
456 4218 527 4258 uero
550 4198 752 4275 hendiadyoin
775 4218 835 4275 quo
858 4198 1030 4275 saepissIme
1053 4200 1150 4257 utitur
1167 4200 1268 4272 poeta:
1293 4199 1365 4257 conf

213 4286 302 4347 Stolo.
317 4291 375 4346 uet.
391 4289 496 4365 fragm.
510 4287 542 4347 Π
560 4309 588 4364 p.
605 4290 678 4362 134,
693 4291 735 4346 40
749 4287 863 4347 Arnirn.
901 4288 969 4348 Non
987 4290 1088 4347 tamen
1107 4284 1142 4345 de
1158 4286 1202 4345 IV
1221 4287 1362 4346 stoecbiis

212 4378 326 4454 cogitat
347 4376 404 4435 hoc
427 4378 491 4437 loeo
515 4377 655 4451 Lucilius,
679 4377 730 4436 sed
753 4379 872 4436 nonnisi
890 4377 926 4437 de
945 4377 1068 4450 duobus,
1091 4376 1127 4434 de
1146 4378 1211 4453 igni
1229 4380 1259 4434 et
1272 4393 1363 4452 aqua,

212 4485 271 4542 qua
290 4463 449 4524 interdieet
466 4467 554 4524 iudex
573 4469 613 4540 ei,
637 4464 690 4541 qui
707 4469 924 4526 contumaciter
945 4486 1004 4524 non
1028 4465 1107 4524 adsit
1130 4466 1160 4523 in
1179 4463 1297 4523 iudicio.
1316 4497 1363 4507 ——
