3060 5010
550 360 589 416 rx
607 378 634 422 u.
653 366 803 421 aso-ass.
1200 363 1265 429 125

115 550 256 609 umquam
279 534 314 591 ut
337 532 430 593 uelles
453 533 534 592 corio
557 531 667 608 ludere,
691 531 787 608 cerdo,
815 527 889 590 tuo'.
934 531 1075 591 imitatus
1098 551 1161 592 esse
1184 532 1265 591 uide-

114 625 166 681 tur
192 624 281 698 poeta
309 621 511 699 Theognidem
539 641 627 698 quem
655 621 783 682 editores
815 619 1025 698 Gottingsnses
1056 621 1196 681 adferunt
1226 622 1267 682 ad

115 711 239 770 Macarii
258 710 277 768 l.
296 729 319 770 s.
337 731 359 771 s.
378 731 406 769 u.
428 711 527 771 539Β
551 702 637 782 οὗτος
659 707 747 789 ἀνὴρ,
770 709 837 786 φίλε
855 708 965 791 Κύρνε,
989 707 1080 782 πέδας
1097 710 1265 790 χαλκεύεται

116 799 200 882 αὐτῷ
247 799 403 860 Sententia
426 803 471 859 est
492 802 624 878 integra:
648 799 729 876 quod
752 800 853 859 omnia
876 799 996 860 uinculs
1019 803 1050 859 et
1072 799 1138 860 lora
1159 802 1265 877 ipsae

114 889 194 949 corio
217 907 271 949 suo
294 889 389 967 ipsius
411 890 473 949 sint
496 891 577 949 facta
600 890 791 965 conqueritur
814 889 931 966 aliquis.

204 970 288 1040 327.
311 977 425 1038 Gellius
444 979 459 1037 l
479 980 529 1053 16,
550 981 592 1038 10
615 971 661 1060 (et
690 998 724 1037 er
753 998 787 1038 eo
809 977 978 1038 Macrobius
1007 976 1160 1037 Saturni
1180 980 1208 1054 5,
1230 972 1263 1059 7)

116 1062 261 1127 ‘Lucilius
285 1071 386 1127 autern
408 1071 618 1144 praeterquam
641 1086 732 1144 supra
754 1069 840 1144 posui
864 1067 924 1127 alio
948 1085 1065 1143 qnoque
1088 1070 1119 1127 in
1146 1067 1210 1127 loco
1234 1068 1264 1126 id

116 1157 306 1216 manifestius
329 1156 524 1232 demonstrat,
547 1176 616 1216 nam
638 1158 670 1216 in
692 1156 770 1215 libro
789 1156 844 1215 XV
868 1149 911 1236 (u.
932 1158 996 1217 506
1006 1149 1103 1238 seqq.)
1126 1156 1170 1217 ita
1192 1155 1266 1217 dicit

115 1241 217 1306 “hunc
235 1245 312 1305 milli
330 1264 452 1323 passum
468 1294 473 1304 .
490 1293 495 1304 .
512 1241 542 1303 .’'
561 1247 634 1304 item
649 1245 710 1305 alio
724 1244 800 1305 libro
815 1246 905 1304 VIIII
924 1241 1021 1323 “<1α>
1035 1246 1117 1305 mille
1132 1292 1138 1303 .
1153 1291 1160 1304 .
1177 1293 1182 1303 .
1198 1264 1265 1306 cen·

115 1331 214 1394 tum”.
259 1335 338 1395 milli
361 1354 481 1411 passum
504 1335 581 1394 dixit
602 1354 657 1412 pro
680 1334 763 1395 mille
785 1334 924 1411 passibus
947 1338 978 1394 ct
999 1354 1059 1395 uno
1082 1334 1160 1394 milli
1180 1356 1264 1395 num·

114 1444 195 1484 mum
223 1444 277 1501 pro
302 1426 369 1484 unis
397 1424 479 1484 mille
506 1425 635 1485 nummis
663 1427 823 1501 aperteque
851 1423 982 1484 ostendit
1008 1424 1091 1483 mille
1119 1426 1150 1483 et
1176 1443 1264 1485 uoca-

114 1513 217 1573 bulum
239 1532 303 1573 esse
321 1517 353 1573 et
370 1514 516 1593 singulari
534 1532 657 1573 numero
675 1511 735 1573 dici
753 1513 874 1590 eiusque
893 1514 1079 1589 pluratiuum
1097 1531 1161 1574 esse
1179 1514 1265 1573 milia

114 1605 146 1662 et
168 1620 269 1662 casum
292 1604 384 1663 etiam
405 1622 511 1681 capere
529 1597 717 1663 ablatiuum'.
754 1603 845 1663 Recte
864 1604 891 1662 si
909 1601 1023 1662 Hertnii
1041 1603 1264 1663 adnotationem

114 1692 272 1771 intellego,
299 1697 331 1752 tu
357 1693 389 1751 in
417 1693 491 1754 codd
520 1691 611 1753 Gellii
639 1691 762 1767 excidit,
789 1697 947 1752 seruarunt
973 1691 1158 1753 Macrobiani
1184 1692 1264 1751 libri.

115 1780 229 1841 Similis
252 1782 364 1842 locutio
387 1781 468 1858 apud
490 1782 639 1842 Lucilium
662 1781 721 1841 fuit
744 1781 843 1857 qualis
866 1784 912 1842 est
934 1780 1030 1842 Persii
1048 1780 1075 1837 V
1097 1784 1161 1842 190
1184 1776 1264 1842 ‘con-

116 1873 200 1931 tinuo
229 1889 361 1931 crassum
388 1872 467 1931 ridet
493 1871 670 1930 Pulfenuius
692 1872 797 1950 ingens
825 1874 856 1929 et
882 1873 1001 1930 centurn
1024 1870 1151 1932 Graecos
1179 1875 1264 1931 curto

115 1952 188 2041 (uno
220 1958 392 2021 Priscianus
410 1958 461 2020 GL
480 1961 526 2020 III
543 1981 572 2037 p.
592 1952 706 2041 410K)
744 1964 864 2021 centuse
901 1955 1030 2020 licetur’.
1088 1960 1264 2021 Puliennius

116 2050 190 2109 assis
224 2050 298 2110 facit
324 2048 515 2125 Graeculum,
543 2049 676 2109 Lucilius
703 2048 874 2127 nescioquid
902 2051 976 2109 facit
1003 2048 1104 2109 decem
1135 2052 1265 2110 nummis

115 2141 133 2198 i.
154 2157 178 2197 c.
197 2140 355 2198 sestertiis:
384 2133 445 2219 (lex
473 2139 509 2198 de
536 2142 628 2216 repet.
649 2137 746 2198 CILI
767 2140 843 2214 198,
864 2138 967 2198 48Ηὸ
995 2132 1199 2220 1(11111111));
1227 2138 1264 2198 de

115 2229 223 2288 ostreis
242 2230 294 2306 agi
310 2228 379 2288 ideo
396 2227 551 2305 probabile
569 2229 698 2302 uidetur,
716 2228 796 2304 quod
814 2230 913 2288 ostrea
927 2228 1064 2288 solebant
1081 2230 1184 2287 uenire
1198 2247 1264 2288 cen-

113 2319 185 2376 tena
207 2309 277 2398 (sd.
299 2318 424 2377 Dioclct.
443 2317 510 2377 Vt
536 2313 658 2377 ‘ostriae
680 2337 709 2375 n.
725 2315 761 2377 O:
786 2323 807 2376 X
832 2311 961 2376 centum’
990 2316 1067 2376 uude
1098 2318 1265 2394 explicatur

114 2407 247 2466 quenal.
267 2406 341 2466 VIII
360 2408 401 2467 85
427 2401 547 2486 ‘dignus
570 2409 665 2466 morte
688 2409 781 2482 perit,
808 2408 894 2466 cenet
920 2405 992 2466 licet
1018 2409 1117 2466 ostrea
1145 2409 1264 2466 centum

114 2494 255 2556 Gaurana
277 2500 308 2555 et
332 2494 432 2556 Cosmi
453 2498 518 2556 toto
542 2500 695 2573 mergatur
717 2490 828 2576 aeno').
875 2496 1020 2571 Quaerere
1041 2494 1121 2555 idem
1144 2496 1264 2555 uidetur

114 2588 205 2661 atque
227 2603 400 2661 comparare
428 2588 492 2645 siue
519 2604 631 2644 emere:
658 2584 867 2644 Horatserm.
887 2584 966 2659 111,
986 2587 1028 2645 20
1056 2579 1102 2644 ‘tu
1128 2585 1263 2662 pulmen-

113 2677 193 2734 taria
215 2693 324 2751 quaere
348 2670 502 2735 sudando'.
544 2673 651 2734 Ostrea
673 2673 794 2733 milibus
816 2692 970 2733 nummum
994 2676 1095 2750 empta
1117 2677 1264 2734 memorat

114 2763 164 2822 lib.
183 2764 257 2823 XIII
275 2784 303 2822 u.
324 2765 401 2825 440:
424 2765 499 2823 arilli
522 2763 655 2824 ablatiuo
678 2781 749 2822 usus
772 2767 818 2823 est
840 2761 964 2822 Plautus
985 2762 1124 2822 Bacchid.
1145 2765 1217 2822 928.

204 2845 288 2915 328.
311 2853 427 2913 Nouius
449 2873 478 2929 p.
499 2854 573 2926 216,
594 2854 634 2912 15
661 2847 779 2912 ‘Ostrea
799 2899 804 2910 .
821 2899 827 2910 .
844 2897 849 2909 .
868 2853 976 2911 nentri.
1022 2851 1154 2911 Lucilius
1182 2856 1262 2928 saty-

114 2960 213 3001 rarum
238 2942 288 3001 lib.
308 2942 398 3001 VIIII
430 2937 526 3017 “quid
559 2959 608 3017 epo
640 2944 667 3001 si
699 2958 783 3001 cerno
815 2944 997 3001 ostrea...
1022 2959 1126 3000 cenum
1158 2959 1262 3018 sapere
1299 2982 1303 2989 »

113 3026 257 3107 ipsum'’.'
305 3030 431 3091 Versum
458 3030 569 3090 Lucilii
596 3032 675 3091 exire
703 3033 735 3090 in
763 3035 858 3090 ostreo
884 3030 1062 3090 uocabulum
1095 3030 1263 3108 disyllabon

114 3123 192 3180 siout
210 3114 331 3180 Horatii
349 3140 435 3181 serm.
450 3120 480 3180 H
496 3123 525 3196 2,
540 3124 579 3181 21
602 3116 754 3200 ‘pinguem
773 3122 857 3180 uitiis
876 3119 1035 3195 albumque
1053 3137 1149 3196 neque
1164 3123 1263 3180 ostrea

115 3229 167 3271 noc
186 3228 308 3270 scarus.
325 3257 330 3268 .
347 3212 479 3287 potent
497 3205 612 3270 iuuare'
632 3209 782 3270 intellexit
799 3209 1008 3269 Lachmannus
1026 3226 1131 3268 comm.
1145 3209 1262 3270 Lucret.

114 3319 142 3374 p.
163 3302 240 3359 122:
264 3299 344 3359 idom
367 3317 434 3374 erpo
456 3318 510 3376 pro
534 3318 583 3374 epo
606 3301 708 3375 posuit
730 3301 818 3358 recte.
861 3298 1014 3375 Synizesiu
1037 3301 1068 3357 in
1093 3300 1174 3358 exitu
1197 3319 1262 3359 ner·

114 3408 163 3449 sus
187 3387 310 3448 admisit
331 3388 494 3449 Homerum
517 3392 635 3449 secutus
659 3387 739 3465 apud
762 3408 850 3466 quem
869 3410 880 3447 ι
900 3390 962 3447 347
988 3387 1094 3448 herous
1122 3390 1183 3449 exit
1209 3384 1263 3449 ἀν-

114 3475 224 3557 δρόμεα
241 3474 312 3559 κρέα
331 3477 450 3552 similia,
468 3480 557 3538 sicuti
573 3480 751 3555 posteriores
764 3481 872 3554 poetae
886 3470 989 3558 (Verg.
1005 3477 1078 3536 Aen.
1093 3476 1167 3536 VIII
1183 3471 1261 3559 372)

114 3585 203 3626 ‹rureo
226 3568 339 3627 similia
360 3568 453 3627 uerba
475 3569 507 3626 in
529 3587 669 3628 uersuum
691 3567 749 3627 fine
770 3567 922 3643 ponebant
939 3566 978 3626 ad
996 3566 1163 3643 exemplum
1181 3567 1261 3627 clau·

114 3656 196 3716 sulae
210 3655 385 3717 Homericae
404 3653 477 3735 recol
494 3653 588 3740 κηλέῳ
608 3657 751 3717 similium
767 3652 810 3736 (Θ
825 3657 888 3716 235
904 3647 1001 3736 alibi).
1038 3656 1142 3732 Neque
1160 3659 1262 3715 tamen

113 3745 265 3807 quenalis
287 3746 385 3805 locum
402 3745 446 3805 IV
467 3748 529 3806 139
541 3764 622 3822 seqq.
648 3741 735 3805 ‘nulli
757 3747 854 3806 maior
876 3746 935 3805 tuit
957 3762 1027 3804 usus
1054 3743 1161 3804 edendi
1188 3747 1262 3804 tem·

114 3837 230 3910 pestate
252 3854 332 3895 mea:
363 3833 473 3894 Circeis
499 3841 571 3895 nata
599 3837 698 3894 forent
725 3854 763 3894 an
786 3834 947 3894 Lucrinum
975 3833 1013 3893 ad
1041 3851 1145 3892 saxum
1168 3815 1263 3891 Rutu·

114 3926 222 3999 plnoue
246 3923 328 3983 edita
350 3923 443 3983 fundo
464 3927 564 3984 ostrea
582 3923 711 3984 callebat
728 3925 825 3999 primo
844 3921 1024 3999 deprendere
1042 3917 1153 3981 morsu'
1174 3940 1261 3997 quem

114 4014 201 4073 affert
224 4012 325 4073 Dousa
353 4013 391 4072 ad
418 4013 497 4072 hune
524 4013 622 4073 locum
649 4011 779 4072 arbitror
805 4013 967 4088 pertinere:
995 4030 1091 4086 neque
1119 4010 1198 4069 enim
1226 4010 1262 4069 de

114 4102 259 4178 peculiari
282 4105 446 4162 ostreorum
469 4120 576 4181 genere
599 4103 650 4179 agi
672 4102 720 4160 uel
744 4119 803 4160 uno
831 4100 1018 4179 intellegitur
1045 4099 1133 4158 buius
1159 4118 1262 4160 uorsus

115 4191 268 4252 uocabulo.
311 4191 450 4251 Fluuium
473 4193 630 4269 gonetiuus
654 4190 779 4267 pluraIIs
802 4192 860 4248 est:
884 4189 985 4248 eadem
1009 4190 1105 4249 forma
1128 4208 1174 4267 ap.
1194 4188 1261 4249 Val.

114 4280 210 4340 Flacc.
225 4280 269 4339 VI
288 4282 362 4340 391.
382 4282 459 4340 4431
482 4279 558 4339 Plin.
573 4282 634 4338 nat.
648 4280 718 4340 hist.
732 4279 845 4343 XXXII
861 4280 901 4339 59
921 4276 958 4337 de
976 4279 1096 4338 ostreis:
1120 4273 1263 4358 ‘gaudent

114 4368 250 4430 dulcibus
277 4371 363 4446 aquis
391 4372 422 4429 et
449 4369 500 4428 ubi
527 4368 651 4447 plurimi
677 4368 806 4428 influunt
834 4363 956 4428 amnes'.
1007 4365 1084 4437 Quid
1115 4368 1205 4429 faciet
1237 4372 1263 4429 si

114 4477 223 4537 magno
246 4461 343 4535 pretio
366 4463 465 4519 ostrea
488 4460 625 4534 coempta
653 4461 789 4536 cognorit
816 4457 859 4517 uil
887 4476 991 4535 sapere
1019 4458 1076 4518 nisi
1104 4458 1263 4518 fluuiorum
