3060 5010
239 365 305 429 230
660 360 749 414 xxvl
767 379 794 413 u.
814 364 964 414 era-ess.

239 534 420 613 geniumque
442 550 556 590 meum:
579 549 657 590 nunc
680 549 715 590 eo
738 530 792 590 alii
814 529 1014 589 laetificantur
1036 546 1102 587 meo
1121 527 1201 586 malo
1220 529 1250 586 ct
1267 522 1386 586 damno’

239 624 305 683 Ter.
324 622 441 682 Phorm.
462 622 503 679 43
529 615 621 697 ‘quod
643 621 695 679 ille
718 619 862 679 unciatim
882 620 934 678 uix
952 618 988 677 de
1007 618 1145 677 demenso
1163 635 1217 676 suo
1236 634 1322 675 suum
1340 615 1389 675 de·

240 712 364 771 frndans
387 711 509 789 genium
532 711 692 786 comparsit
713 710 817 784 miser,
844 708 877 767 id
899 709 953 767 illa
975 707 1151 767 uniuersum
1173 701 1314 782 abripict’
1338 705 1391 765 ubi

240 802 310 861 uide
332 802 461 877 interpp.
481 832 523 840 -
542 794 631 877 <dct>
654 798 769 859 addidi:
792 793 880 876 <dct>
903 798 957 858 alii
974 802 1068 873 parta
1090 795 1296 855 Baehrensius.

330 883 414 951 621).
434 889 549 948 Nonius
564 908 592 964 p.
609 890 682 962 396,
698 890 716 947 9
734 884 876 962 ‘Sumere
895 888 1051 965 suscipere.
1078 886 1212 945 Lucilius
1225 886 1277 945 lib.
1292 884 1390 944 XXVI

241 976 343 1040 “bunc
363 1025 369 1037 .
391 1027 397 1038 .
418 1027 423 1037 .
444 973 565 1039 ferat’'.'
612 979 703 1038 Recte
727 977 909 1038 consociauit
931 994 998 1035 cum
1021 976 1077 1035 boc
1101 993 1191 1035 uersu
1218 976 1391 1051 sequentem

243 1070 386 1147 (lorpetus
414 1068 483 1128 edit.
503 1088 531 1144 p.
553 1069 626 1142 147,
646 1069 701 1126 51:
737 1068 932 1127 interlocutor
964 1066 1067 1125 eodem
1099 1065 1187 1125 modo
1220 1064 1392 1141 adloquitur

240 1163 360 1237 poetam
393 1177 452 1235 quo
478 1158 639 1217 Horatium
667 1156 824 1217 Trebatius
856 1155 1104 1231 serm.H1,10
1137 1150 1203 1243 ‘aut
1234 1153 1260 1214 si
1289 1156 1392 1214 tantus

244 1269 327 1309 amor
350 1247 498 1308 scribendi
521 1248 551 1306 te
574 1248 668 1323 rapit,
697 1245 771 1306 aude
796 1245 931 1307 Caesaris
954 1247 1062 1306 inuicti
1084 1263 1131 1306 res
1160 1245 1270 1319 dicere,
1297 1245 1393 1303 multa

241 1338 379 1398 laborum
401 1338 536 1413 praemia
558 1332 694 1395 laturus'.

337 1418 422 1487 1121.
449 1426 565 1485 Nonius
587 1445 616 1501 p.
637 1426 710 1499 255,
731 1427 772 1484 14
801 1420 942 1502 ‘crepare
973 1427 1020 1485 est
1051 1442 1156 1485 sonare
1180 1470 1186 1482 .
1206 1469 1212 1481 .
1233 1471 1240 1482 .
1262 1423 1395 1483 Lucilius

244 1516 297 1577 lib.
316 1515 415 1574 XXVI
439 1510 605 1592 “percrepa
628 1533 759 1592 pugnam
777 1517 946 1589 pompili..
963 1508 1102 1574 .cane”.'
1149 1511 1306 1573 Consulem
1325 1513 1395 1571 anni

245 1599 324 1684 61ss
328 1605 390 1663 139
406 1604 445 1662 M.
457 1602 621 1681 Popillium
635 1603 798 1663 Laenatem
811 1605 978 1681 comparari
992 1622 1059 1663 cum
1073 1603 1212 1680 Scipione
1225 1601 1394 1661 Aemiliano

244 1694 456 1755 intellexerant
479 1691 622 1768 (lorpetus
646 1692 715 1752 edit.
735 1713 763 1769 p.
784 1695 847 1753 148
873 1692 1046 1754 Gerlachius
1064 1693 1135 1753 edit.
1154 1713 1182 1768 p.
1201 1691 1316 1751 XXXII
1331 1691 1393 1751 alii.

246 1782 500 1844 Considerandum
523 1785 577 1856 est,
600 1801 658 1840 non
683 1781 713 1841 0.
728 1782 851 1842 Hostilii
874 1784 1007 1843 Mancini
1030 1776 1251 1861 1016171137
1276 1784 1393 1858 turpem

244 1873 360 1934 cladem
382 1874 481 1931 aetate
503 1873 672 1948 propiorem
696 1874 867 1948 memorari,
895 1872 946 1933 sed
969 1874 1007 1932 M.
1023 1872 1141 1949 Popilii,
1167 1873 1251 1932 cuius
1274 1889 1392 1949 pugnae

243 1964 364 2040 praeter
395 1962 474 2021 bunc
505 1960 614 2020 Lucilii
645 1979 765 2020 uersum
796 1962 877 2022 solus
910 1965 1014 2022 auctor
1046 1965 1092 2022 est
1113 1961 1179 2020 Liu.
1202 1961 1331 2039 perioch.
1352 1962 1392 2020 55

246 2047 297 2111 ‘ba
313 2052 447 2128 Popilius
467 2069 485 2109 a
502 2049 705 2126 Numantinis,
724 2068 791 2109 eum
810 2051 917 2127 quibus
936 2070 1041 2128 pacem
1059 2051 1170 2110 factam
1188 2049 1395 2110 inritamfieri

245 2144 365 2202 senatus
393 2142 560 2214 censuerat,
593 2158 660 2199 curn
692 2140 822 2199 exercitu
854 2136 936 2200 fisus
969 2142 1149 2218 fugatusque
1182 2136 1248 2200 est'.
1298 2140 1395 2214 Popili

245 2231 417 2307 scripsimus
441 2230 513 2305 quia
536 2229 616 2306 apud
639 2230 798 2307 scriptores
821 2233 852 2289 et
875 2229 1003 2290 Graecos
1024 2222 1168 2310 (Appiam
1187 2229 1263 2289 Iber.
1284 2221 1340 2309 79)
1365 2233 1396 2288 et

246 2320 370 2380 Latinos
389 2311 468 2400 (011.
487 2318 503 2378 Ι
523 2321 539 2377 1
561 2318 632 2378 edit
653 2320 670 2377 2
690 2339 718 2395 p.
740 2320 812 2379 148.
834 2321 911 2379 149:
934 2319 1001 2378 Val.
1015 2318 1392 2379 Max.VHI1ambust.l

246 2411 367 2487 epitom.
386 2409 402 2467 I
421 2410 451 2483 3,
471 2411 489 2468 3
514 2407 698 2483 1101133,
719 2401 774 2490 17)
798 2408 907 2485 duplex
925 2409 936 2467 l
960 2427 1019 2468 non
1042 2409 1162 2468 uidetur
1184 2408 1263 2467 tradi
1284 2410 1317 2468 in
1339 2408 1396 2468 boc

245 2499 365 2560 nomine
384 2498 464 2575 quos
481 2499 513 2557 sn
532 2497 683 2575 repressus
701 2498 814 2575 legitur
831 2499 975 2572 ramses
993 2492 1072 2580 (osc
1086 2499 1102 2557 1
1117 2499 1182 2559 sao
1200 2498 1244 2557 vi
1259 2491 1396 2579 esterp

246 2590 421 2667 saepissime
444 2589 607 2662 Pompilios
630 2587 706 2647 codd
728 2588 817 2647 sicuti
839 2588 895 2648 hoc
917 2588 991 2647 loco.
1031 2588 1182 2648 Hortatur
1202 2587 1397 2647 interlocutor

247 2681 368 2756 poetam
400 2679 435 2736 ut
465 2676 578 2737 bellum
609 2677 807 2753 Hispanicum
839 2676 951 2738 scribat
981 2677 1116 2737 uersibus
1153 2678 1242 2737 sicuti
1272 2677 1397 2736 Hostius

248 2770 410 2844 scripserat
431 2767 543 2827 bellum
565 2767 740 2842 Histricum,
763 2766 878 2827 Ennius
901 2785 948 2827 res
971 2769 1071 2846 gestas
1093 2767 1199 2845 populi
1217 2767 1352 2826 Romani.

338 2849 421 2917 622.
444 2858 560 2916 Nonius
578 2876 606 2932 p.
628 2859 702 2932 110,
722 2857 762 2915 26
784 2851 972 2918 ‘Folliculum
990 2856 1125 2917 Lucilius
1142 2859 1245 2934 posuit
1261 2875 1315 2933 pro
1335 2874 1397 2915 cor·

247 2965 319 3024 pore
341 2945 392 3006 lib.
412 2945 510 3005 XXVI
535 2941 614 3024 “ego
634 2993 640 3004 .
657 2992 662 3004 .
679 2993 685 3004 .
705 2940 827 3021 queo''.'
869 2946 944 3024 Ego,
969 2948 996 3005 si
1018 2964 1133 3023 nequeo
1157 2965 1264 3022 poema
1286 2945 1397 3024 grande

249 3054 433 3113 componere,
456 3035 519 3094 noli
541 3035 657 3094 mirari:
685 3036 830 3096 Horatius
853 3036 1037 3111 sermIIl,
1058 3038 1098 3094 12
1124 3031 1287 3112 ‘cupidum
1312 3038 1399 3110 pater

250 3126 371 3200 optime,
393 3126 473 3184 uires
496 3124 649 3184 deficiunt:
672 3143 768 3201 neque
791 3126 871 3184 enim
894 3124 993 3201 quiuis
1015 3125 1169 3185 horrentia
1187 3125 1257 3202 pilis
1276 3126 1398 3201 agmina

250 3232 303 3272 nec
330 3215 426 3272 fracta
453 3215 605 3289 pereuntis
633 3214 753 3290 cuspide
782 3212 885 3274 Gallos
913 3217 967 3274 aut
993 3214 1121 3274 labentis
1149 3233 1225 3292 equo
1257 3213 1399 3273 describit

250 3301 376 3361 uulnera
398 3298 523 3362 Parthi’.
570 3305 622 3380 qui
645 3322 709 3362 sum
732 3303 830 3362 Plaut.
850 3305 927 3364 Men.
948 3306 1009 3363 471
1037 3299 1107 3364 ‘non
1130 3303 1229 3363 hercle
1251 3298 1350 3381 (ego)
1371 3304 1398 3362 is

250 3410 329 3464 sum,
362 3392 414 3467 qui
445 3409 524 3467 sum,
556 3395 588 3451 ni
616 3393 694 3453 banc
720 3392 861 3452 iniuriam
889 3412 995 3469 meque
1022 3393 1105 3453 ultus
1137 3393 1260 3470 pulchre
1293 3387 1398 3453 fuero’.
1469 3423 1472 3433 ·

250 3479 402 3539 Vocabulo
429 3481 578 3554 folliculus
605 3485 636 3540 in
664 3482 766 3542 eadem
793 3502 826 3541 re
853 3485 950 3542 utitur
971 3482 1082 3542 Arnob.
1101 3483 1133 3542 H
1153 3484 1193 3541 76
1209 3485 1281 3541 extr.
1311 3477 1398 3541 ‘nihil

251 3572 297 3629 est
319 3570 398 3628 enirn
421 3569 505 3629 nobis
529 3574 706 3646 promissum
724 3572 763 3631 ad
781 3571 858 3632 banc
876 3574 973 3631 uitam
990 3590 1044 3631 nec
1062 3574 1094 3631 in
1113 3573 1291 3632 carunculae
1308 3571 1397 3634 huius

250 3659 384 3719 folliculo
407 3661 576 3720 constitutis
600 3662 665 3736 opis
694 3662 809 3738 aliquid
840 3680 982 3738 sponsum
1008 3656 1065 3721 est'
1094 3680 1184 3738 quem
1211 3661 1309 3722 locum
1337 3663 1398 3719 iam

250 3749 354 3808 Dousa
367 3749 518 3808 attulerat.
541 3748 645 3808 Graeci
656 3751 795 3810 similiter
804 3749 950 3822 θύλακοςι
969 3750 1027 3810 Dio
1037 3750 1121 3811 Prus.
1131 3751 1200 3828 Hp.
1212 3752 1264 3825 28,
1276 3752 1315 3809 12
1325 3750 1398 3808 Aru.

250 3837 360 3915 πτίσσε,
382 3830 491 3917 πτίσσ’,
518 3836 593 3916 ἔφη,
621 3835 672 3897 τὸν
691 3833 871 3919 Ἀναξάρχου
894 3839 1042 3900 θύλακον
1070 3832 1249 3919 Ἀνάξαρχον
1275 3837 1331 3920 γὰρ
1360 3835 1397 3899 οὐ

250 3927 379 3999 πτίσσεις
410 3920 558 4009 (Psroem.
582 3927 631 3986 Gr.
649 3928 681 3986 Η
703 3949 731 4006 p.
752 3930 816 3988 629
840 3928 908 3989 edit
934 3920 1046 4009 Gott.):
1079 3930 1150 3990 conf
1179 3931 1260 3990 utria
1292 3929 1396 3988 incert.

252 4037 280 4075 u.
302 4018 397 4076 1104.

341 4097 425 4167 623.
449 4106 564 4166 Nonius
583 4127 611 4183 p.
633 4108 743 4181 78,13
769 4103 880 4185 ‘Bulga
902 4111 948 4168 est
971 4109 1123 4168 folliculus
1146 4107 1250 4167 omnis.
1275 4107 1399 4166 ...Lu-

251 4195 337 4254 cilius
365 4193 416 4252 lib.
434 4194 533 4254 XXVI
566 4191 634 4256 “ita
660 4200 693 4255 ct
712 4242 718 4254 .
737 4242 744 4255 .
765 4243 771 4254 .
791 4192 934 4257 editus”.'
985 4197 1120 4257 Eundem
1150 4216 1253 4258 uersus
1286 4198 1399 4257 exitum

253 4282 354 4342 (licere
381 4282 468 4344 Tusc.
486 4285 502 4343 Ι
522 4286 584 4344 115
619 4281 731 4364 ‘lugere
763 4287 813 4346 ubi
846 4290 924 4347 esset
955 4286 1064 4362 aliquis
1089 4288 1122 4346 in
1150 4287 1248 4347 lucem
1280 4283 1399 4346 editus'.

252 4371 356 4431 Vtitur
382 4375 465 4449 turpi
492 4377 523 4433 et
551 4376 695 4434 coetrensi
727 4393 860 4437 sermone
889 4379 1007 4436 uterum
1038 4379 1143 4436 matris
1176 4395 1243 4436 cum
1275 4376 1398 4454 bulgam

252 4460 396 4537 appellet:
422 4461 638 4522 1111117225
667 4458 746 4522 ‘cum
772 4467 905 4541 prImum
926 4465 958 4523 in
981 4464 1102 4526 luminis
1125 4485 1193 4527 oras
1216 4465 1334 4526 nixibus
1363 4485 1399 4525 ex
