3000 5002
504 363 601 419 incer:
621 364 678 419 seu.
698 381 725 417 u.
747 368 930 417 :aee-mer.
1229 357 1294 426 409

150 529 254 612 gessit’
274 526 353 614 (Liu.
372 554 433 611 per.
452 527 603 615 XCVIII),
624 533 841 612 Pyrganionem
863 532 1075 609 archipiratam
1095 531 1198 592 Sicilia
1216 532 1299 592 dece·

151 624 219 683 dere
243 623 387 700 compulit
410 616 619 703 (Oros.V13,
640 616 674 706 5)
699 642 786 701 quem
809 624 880 683 item
905 621 1073 683 Cretensem
1093 619 1183 682 fuisse
1203 623 1298 699 suspi-

151 714 226 773 ceris
240 712 350 773 collato
365 714 483 773 nomine
498 713 656 791 Pyrgionis
671 713 723 790 qui
738 713 774 772 de
789 711 974 774 Cretensium
988 712 1136 772 institutis
1147 712 1299 789 scripserit

151 796 274 883 (Athen.
292 802 335 861 IV
360 823 387 879 p.
405 795 519 884 14311)
538 805 568 862 31
586 802 736 880 Hesychio
759 822 781 862 3.
796 822 826 860 ιι.
846 804 999 882 Πυργῖται·
1022 800 1054 861 οἱ
1070 804 1190 882 Κρῆτες.
1231 801 1300 861 Duo

152 893 275 952 nomina
309 891 476 968 piratarum
513 912 573 950 una
609 893 711 969 posuit
746 894 780 951 ut
810 892 920 952 Lamia
958 896 983 950 rt
1014 891 1095 951 Billa
1131 891 1301 951 meretrices

151 980 202 1040 lib.
216 981 298 1040 XXX
317 1002 345 1040 ιι.
362 982 458 1054 1065,
483 982 600 1042 Coelius
619 986 645 1040 ct
661 981 786 1041 Birrias
806 982 937 1041 latrones
955 980 1060 1040 Horat.
1075 999 1160 1040 serm.
1174 980 1190 1040 I
1205 982 1234 1055 4,
1249 981 1301 1056 69,

151 1069 253 1131 eodem
276 1071 341 1130 loco
362 1072 402 1130 65
422 1088 484 1129 una
502 1074 704 1130 memorantur
720 1070 837 1130 Sulcius
855 1075 881 1129 et
900 1071 1029 1144 Caprius
1047 1072 1241 1131 accusatores.
1257 1101 1300 1111 -

153 1159 368 1220 Consociarrmt
390 1161 446 1220 boc
468 1160 670 1238 fragmentum
694 1159 827 1238 Scaliger
849 1159 951 1220 Dousa
973 1159 1133 1219 Muellerus
1157 1161 1209 1218 alii
1233 1180 1300 1219 eum

151 1252 254 1310 incert.
273 1271 302 1309 ιι.
323 1251 408 1309 1277
432 1252 478 1309 113
496 1251 557 1309 fere
576 1249 750 1310 scribentes:
774 1244 952 1327 ‘querquera
971 1250 1162 1326 consequitur
1180 1250 1300 1326 capitis·

152 1345 209 1416 que
232 1340 349 1399 dolores
371 1340 473 1400 infesti
496 1339 570 1399 mibi
588 1342 651 1399 tarn
670 1359 761 1416 quam
780 1339 918 1399 Rhoodes
937 1334 1138 1415 Icadionque'..
1180 1339 1300 1399 Rectius

153 1429 351 1488 Baehrensius
374 1429 420 1488 bis
444 1429 551 1506 spretis
574 1429 657 1490 Festi
674 1428 720 1487 uti
739 1428 836 1489 uoluit
853 1428 953 1488 uerbis
972 1429 1025 1505 qui
1050 1428 1169 1505 scripsit
1192 1421 1301 1509 (824):

153 1514 238 1577 ‘mihi
252 1536 359 1595 corpus
372 1521 463 1593 atque
476 1517 619 1578 ualetudo
633 1517 850 1578 suntRhoudes
864 1513 1065 1593 Icadionque’.
1090 1517 1302 1595 Fragmentum

151 1608 216 1666 iure
238 1607 316 1666 libro
335 1607 362 1664 V
386 1607 500 1667 tribuas
519 1607 570 1665 ubi
589 1606 670 1684 quod
689 1607 724 1667 de
744 1610 872 1681 emporia
892 1607 1092 1667 inconstantia
1111 1608 1302 1684 conqueritur

152 1717 181 1756 u.
203 1698 264 1760 189
294 1697 432 1776 congruit
458 1716 525 1756 oum
553 1697 632 1756 Festi
661 1696 761 1757 uerbis
789 1696 897 1774 quibus
927 1715 998 1756 usus
1028 1700 1073 1757 est
1096 1692 1302 1756 Baehrensius.

151 1785 228 1846 Vide
256 1785 295 1845 ad
321 1788 424 1846 incert.
447 1807 476 1845 ιι.
502 1788 586 1846 1277
616 1788 646 1845 31
668 1806 696 1846 ιι.
718 1788 812 1847 1314.
862 1786 898 1845 In
926 1805 994 1863 app.
1014 1788 1078 1845 crib.
1097 1786 1192 1847 scribe
1220 1788 1301 1845 leuis.

242 1867 349 1938 1293.
368 1874 485 1936 Nonius
505 1896 539 1935 ex
558 1877 755 1954 grammatico
773 1895 802 1953 p.
818 1877 892 1950 223,
908 1879 947 1935 27
970 1870 1109 1936 ‘Sibilum
1128 1879 1278 1936 neutro..
1295 1923 1300 1934 .

152 1966 317 2026 masculino
332 1965 521 2026 ...Lucilius
540 1959 637 2025 “saxa
660 1968 690 2026 et
712 1965 822 2026 stridor
845 1965 896 2025 abi
920 1970 1090 2040 atqueerant
1109 1967 1182 2026 dum
1199 1967 1302 2026 sibilos

152 2048 292 2115 1ιι311113”.
348 2055 460 2134 Sagun:
492 2056 608 2133 generis
640 2050 759 2115 neutri’.
815 2057 981 2130 asperum
1014 2054 1149 2132 Lipsius,
1180 2058 1235 2133 qui
1267 2055 1302 2114 de

151 2144 258 2220 populi
294 2144 428 2204 tumultu
464 2144 624 2218 intellexit,
660 2143 740 2205 idem
776 2148 837 2203 tue:
873 2146 976 2204 abitus
1012 2148 1103 2206 instat
1138 2145 1186 2204 uel
1224 2148 1303 2218 infit:

152 2232 332 2292 Ribbeckius
363 2234 438 2292 Mus.
457 2233 550 2292 Rhea.
573 2233 670 2292 XXIX
696 2234 781 2292 1874
809 2255 837 2310 p.
860 2235 921 2293 128
955 2234 1062 2294 maluit
1093 2235 1182 2294 scribi
1210 2230 1303 2294 ‘saxei

153 2322 263 2381 stridor
290 2321 340 2381 ubi
369 2327 458 2399 atque
481 2322 639 2382 rudentum
666 2322 771 2383 sibilus
788 2319 867 2381 infit'
886 2342 999 2383 memor
1017 2342 1119 2383 uersus
1139 2322 1303 2384 Pacuuiani

153 2404 248 2492 (335)
271 2403 502 2472 ‘armamentum
526 2411 636 2471 stridor
655 2458 661 2470 .
678 2459 683 2470 .
700 2459 706 2470 .
725 2412 884 2471 rudentum
907 2408 1033 2490 sibilus’;
1061 2415 1149 2472 sicuti
1178 2412 1302 2489 Dionys.

152 2500 308 2560 Hellade
345 2518 472 2579 compos.
492 2499 573 2560 uerb.
592 2519 656 2579 cap.
678 2504 718 2562 16
744 2522 771 2578 p.
788 2502 843 2575 62,
865 2503 904 2560 15
923 2501 978 2560 VR
1014 2498 1158 2582 συριγμὸν
1196 2501 1302 2561 κάλων.

153 2590 260 2651 bielius
283 2594 385 2650 tamen
408 2590 443 2650 de
467 2592 616 2650 sententia
638 2589 752 2650 iudicat
773 2589 893 2667 Lipsius
916 2610 1013 2668 neque
1037 2591 1117 2668 quod
1139 2591 1303 2669 Vargesius

153 2672 204 2760 (de
233 2678 309 2741 libro
331 2679 378 2739 III
400 2700 428 2757 p.
446 2672 502 2760 13)
530 2679 625 2756 Lipsii
652 2679 779 2740 lectione
807 2680 934 2757 probata
966 2680 1003 2739 ad
1032 2681 1160 2757 Liparae
1189 2682 1303 2739 insulae

153 2771 263 2829 montis
286 2770 473 2846 eruptionem
501 2768 649 2845 pertinere
676 2788 797 2830 uersum
825 2771 933 2830 statuit
956 2767 1044 2846 quem
1067 2769 1134 2830 ideo
1157 2769 1234 2829 libro
1257 2769 1303 2828 Ill

152 2858 261 2917 tribuit
292 2859 429 2935 equidem
461 2858 657 2936 probauerim.
703 2859 782 2918 Nam
814 2859 845 2918 in
874 2859 1028 2921 Ribbeolril
1056 2860 1303 2936 interpretatione

153 2942 245 3009 ‘saxei
278 2944 399 3009 stridor'
432 2949 643 3026 permolestum
675 2951 733 3022 est,
760 2948 791 3007 in
824 2947 919 3025 Lipsii
947 2950 1073 3010 lectione
1107 2936 1313 3025 ‘atquierunt’¹

153 3039 217 3097 siue
248 3040 385 3114 correpta
417 3057 433 3097 e
465 3040 596 3115 positum
628 3042 674 3098 est
705 3041 768 3098 siue
799 3056 866 3098 cum
899 3038 1025 3116 synizesi
1053 3042 1134 3099 caret
1161 3038 1303 3116 exemplo.

153 3132 289 3186 ruentum
311 3127 412 3204 posuit
434 3127 596 3188 Muellerus
623 3129 655 3187 in
678 3126 808 3202 Lucilio,
834 3131 984 3203 forratam
1008 3129 1056 3188 uel
1078 3133 1214 3188 mactatum
1236 3146 1304 3205 pro·

153 3216 254 3293 posuit
285 3219 316 3276 in
348 3217 460 3291 Nonio;
492 3219 642 3291 ferreolum
673 3238 727 3280 nos
759 3217 943 3295 scripsimus:
980 3217 1093 3296 Vergil.
1113 3218 1185 3277 Aen.
1204 3218 1220 3277 Ι
1241 3219 1304 3277 150

154 3301 285 3384 ‘iamque
307 3307 386 3366 faces
405 3310 436 3367 et
457 3324 530 3367 saxa
548 3307 662 3382 uolent,
684 3308 767 3367 suror
785 3327 869 3367 arma
886 3304 1060 3368 ministrat'.
1106 3308 1141 3367 ln
1166 3309 1304 3367 iustitias

153 3398 285 3455 extrema
303 3416 319 3456 e
337 3399 488 3474 sequentis
507 3396 647 3456 uocabuli
665 3397 753 3457 initio
772 3399 879 3471 tracta
902 3400 925 3457 e
938 3398 1016 3457 male
1030 3399 1160 3473 repetita
1173 3397 1304 3474 syllaba:

154 3486 225 3543 conl
244 3487 377 3564 prolegg.
396 3504 424 3562 p.
445 3485 547 3546 CXIV.
594 3486 642 3546 ise
668 3486 786 3565 scripsi:
815 3486 887 3547 forti
914 3489 945 3547 et
972 3489 1121 3547 constanti
1150 3486 1249 3546 animo
1273 3485 1304 3545 in

154 3573 322 3634 contionem
349 3575 413 3650 isti,
441 3575 493 3635 ubi
520 3594 593 3636 saxa
619 3577 763 3638 clamores
792 3576 872 3636 sibili
901 3581 931 3637 te
955 3577 1151 3653 expectabant
1174 3578 1304 3635 inuisum

154 3664 273 3740 populo.
319 3664 364 3723 De
393 3665 541 3742 Scipionis
571 3669 739 3726 constantia
772 3686 832 3743 qua
859 3667 891 3726 in
919 3668 1056 3727 contione
1083 3665 1229 3744 populum
1256 3684 1302 3725 ex·

154 3755 267 3828 ceperit
289 3772 467 3833 magnopere
495 3755 730 3816 tumultuantem
758 3757 829 3816 conf
848 3756 982 3817 Velleius
1000 3756 1031 3815 II
1049 3758 1079 3829 4,
1099 3757 1118 3813 4
1142 3758 1246 3814 auctor
1268 3754 1304 3813 de

154 3841 208 3900 uir.
228 3841 337 3901 illustr.
359 3844 410 3918 58,
430 3843 449 3902 8
473 3838 582 3923 [Plus]
606 3845 794 3924 apopthegm.
815 3845 894 3922 Scip.
910 3848 961 3904 22.
982 3846 1032 3906 23.

246 3923 352 3992 1294.
375 3932 482 3992 Actum
514 3936 560 3992 est
587 3932 623 3991 de
650 3932 715 3994 loco
740 3932 867 3995 Charisii
890 3934 928 3993 ad
952 3933 1002 3994 lib.
1016 3934 1059 3994 IX
1079 3953 1106 3992 u.
1126 3934 1190 3992 362
1215 3952 1304 4009 quem

154 4017 251 4077 locum
275 4019 373 4083 adeas.
418 4021 563 4082 Difficiles
590 4026 660 4082 sunt
688 4023 726 4082 ad
749 4023 982 4101 intellegendum
1010 4026 1041 4082 et
1063 4022 1155 4083 uerba
1178 4019 1305 4082 Charisii

154 4111 185 4167 et
216 4108 247 4166 bi
279 4128 382 4170 uersus
410 4109 517 4170 Lucilii
551 4112 603 4187 qui
632 4129 735 4171 uersus
767 4112 835 4171 illos
866 4110 937 4170 libri
954 4111 997 4169 IX
1028 4110 1219 4172 antecedunt:
1252 4112 1304 4188 qui

154 4198 238 4258 cuius
266 4198 378 4259 fuerint
404 4199 473 4260 libri
500 4220 560 4260 non
588 4199 719 4260 traditur
741 4195 885 4260 ‘Lucilius
911 4203 1014 4261 tamen
1045 4204 1076 4261 et
1102 4220 1271 4277 perunum
1294 4203 1305 4261 i

154 4286 326 4366 genetiuum
350 4289 440 4349 scribi
463 4309 550 4367 posse
573 4291 736 4350 existimat:
760 4291 805 4349 ait
826 4291 906 4349 enim

266 4411 309 4420 -
334 4412 375 4420 -
399 4379 538 4440 seruandi
561 4380 687 4453 numeri,
710 4384 743 4448 et
762 4398 865 4440 uersus
887 4379 1019 4440 faciendi

266 4487 320 4528 nos
339 4467 427 4531 'Caeli
449 4468 575 4533 Numeri
598 4488 754 4530 numerum
776 4471 813 4531 ut
835 4488 985 4534 seruamus
1008 4468 1194 4548 modumque.
