3036 5004
525 373 739 428 xxvl-xxlx
758 392 784 428 u.
805 380 954 429 eso-oss.
1251 377 1314 443 311

164 544 269 620 Neque
292 549 392 604 tamen
419 546 465 603 111
491 562 544 602 cur
570 561 637 602 cnm
660 543 804 604 Muellero
833 543 924 604 uerba
946 545 1057 605 Lucilii
1084 554 1147 606 esse
1175 554 1317 625 negemus

165 635 217 710 qui
236 633 305 694 edit.
324 654 354 710 p.
375 633 437 692 168
466 632 621 692 confirmet
648 651 711 692 esse
738 653 773 693 ee
802 632 932 694 Caecilii.
983 634 1062 693 Nam
1089 635 1171 712 quod
1197 638 1318 713 scripsit

165 724 321 782 Terentius
339 722 432 782 Andr.
452 724 516 781 344
542 717 571 781 ‘o
589 722 754 799 Pamphile,
777 726 807 782 te
829 725 928 799 ipsum
953 720 1086 800 quaero’,
1109 744 1197 801 quem
1217 726 1316 786 locum

165 813 261 872 adfert
283 812 453 886 Muellerus,
477 830 535 870 non
559 812 655 890 magis
678 811 771 872 efficit
793 816 828 872 ut
850 811 966 872 Lucilio
990 814 1082 872 uerba
1104 814 1159 873 illa
1184 815 1315 875 tribuere

164 921 346 979 nequeamus
377 921 466 977 quam
494 900 629 978 Hecyrae
657 902 739 961 locus
767 902 819 961 ille
848 921 937 978 quem
967 904 1072 963 attulit
1098 903 1315 964 Lachmannus.

165 991 359 1052 scribendum
382 991 461 1068 apud
481 989 618 1050 Seruium
642 986 808 1069 “‘ecquem
826 991 1017 1067 Pamphilum
1035 989 1178 1068 quaeris''
1199 1012 1315 1070 ecquem

165 1077 274 1142 necat'.
977 1075 982 1086 ’

253 1163 337 1230 952.
371 1168 487 1229 Gellius
505 1170 521 1229 I
540 1171 574 1244 3,
596 1172 636 1229 18
671 1164 829 1231 “‘Oontre
865 1165 1030 1247 pah-iem”,
1066 1172 1167 1248 inquit
1205 1170 1317 1246 Cicero,

165 1257 273 1320 “arma
295 1279 350 1337 pro
374 1260 470 1318 amico
493 1259 635 1319 sumenda
658 1279 717 1319 non
741 1255 844 1320 sunt''.
882 1260 947 1321 Hoc
968 1261 1103 1336 profecto
1125 1279 1213 1320 nemo
1231 1260 1315 1339 igno-

163 1352 245 1409 rauit
266 1352 297 1409 et
319 1349 493 1425 priusquam
516 1349 674 1428 Theognis,
697 1350 837 1424 qccomodc
860 1341 966 1428 (quam
984 1350 1032 1408 111
1050 1349 1129 1426 quod
1148 1342 1235 1431 codd)
1254 1350 1315 1410 Ln-

163 1440 249 1500 eilius
273 1439 325 1513 ait,
347 1433 537 1497 nasceretur'.
581 1436 774 1514 comparauit
797 1439 898 1498 Dousa
921 1438 1072 1498 Plutarch.
1099 1458 1166 1499 cum
1188 1440 1314 1516 princip.

163 1548 227 1588 esse
249 1529 391 1606 philos2
412 1547 440 1603 p.
457 1526 553 1585 7770
576 1525 609 1587 τὸ
633 1523 665 1586 δὲ
687 1524 782 1607 λέγειν
807 1525 852 1587 ὅτι
874 1526 929 1587 δύο
952 1525 1034 1608 λόγοι
1056 1525 1133 1588 εἰσίν
1152 1575 1158 1587 .
1174 1575 1203 1588 ..
1222 1525 1315 1589 ἕωλόν
1341 1585 1348 1600 ,

165 1617 224 1678 ἔστι
251 1615 301 1677 καὶ
329 1613 515 1676 ὑποπιπτέτω
543 1621 582 1698 τῷ
605 1613 687 1676 codri
715 1612 769 1693 μὲν
796 1610 882 1701 ᾔδειν
908 1615 980 1697 πρὶν
1008 1614 1134 1698 Θέογνιν
1163 1615 1315 1697 γεγονέναι

163 1703 254 1787 (CAV
272 1707 319 1765 ΙΠ
336 1726 365 1782 p.
385 1707 448 1764 495
460 1700 510 1785 K).
535 1706 645 1766 Versus
664 1705 784 1765 uidetur
800 1706 893 1766 fuisse
912 1708 1112 1782 septenarius:
1132 1703 1199 1769 ‘hoc
1217 1709 1314 1784 prius-

163 1817 252 1873 quam
275 1798 446 1856 nasceretur
468 1795 617 1873 Theognis
640 1814 741 1882 omnes
764 1792 930 1855 nouerant’.
975 1797 1121 1871 Theognis
1144 1796 1314 1874 disyllabon

162 1889 197 1947 ut
221 1886 383 1947 Cleostrata
407 1886 571 1944 Theotimus
598 1903 713 1961 semper
740 1884 899 1961 trisyllaba
926 1885 1006 1961 apud
1034 1886 1190 1962 Plautum,
1213 1888 1315 1961 paus-

162 1995 251 2050 qaum
274 1975 377 2035 eadem
400 1993 503 2035 uersus
526 1974 594 2036 sede
617 1975 749 2050 positum
772 1974 822 2033 lib.
842 1974 941 2034 XXVI
959 1976 1081 2034 1642.

251 2057 336 2126 953.
354 2063 529 2124 Lactantius
547 2065 642 2124 instit.
656 2062 700 2121 VI
716 2064 799 2138 18,6
820 2064 836 2122 Ι
854 2085 882 2141 p.
898 2066 972 2138 547,
989 2066 1028 2123 19
1044 2064 1168 2125 Braudt.
1194 2060 1313 2141 ‘Itaque

162 2158 260 2214 uiator
278 2154 330 2213 ille
349 2172 436 2214 uerus
455 2172 491 2213 ac
509 2152 607 2214 iustus
625 2171 684 2213 non
702 2151 783 2212 dicet
800 2153 875 2212 illud
889 2153 1078 2213 Lucilianum
1103 2148 1240 2213 “homini
1261 2200 1290 2212 ..
1310 2201 1315 2212 .

162 2240 305 2304 meum’'.’
349 2243 458 2303 Versus
480 2245 598 2320 partem
620 2244 689 2318 post
711 2261 865 2301 caesuram
888 2261 966 2318 quae
990 2242 1101 2320 legitur
1122 2245 1252 2320 sumpsit
1278 2264 1312 2303 ex

161 2334 294 2394 Terentii
316 2332 477 2392 Heautont.
499 2333 561 2391 549
587 2328 684 2391 ‘tanto
707 2331 805 2391 hercle
829 2331 942 2391 melior.
973 2337 1003 2398 11
1032 2333 1101 2391 Non
1124 2336 1170 2392 est
1192 2335 1314 2392 mentiri

161 2419 281 2483 meum’.
318 2422 441 2481 Homini
459 2423 555 2480 amico
575 2424 605 2480 et
623 2421 767 2479 familiari
785 2419 986 2496 hendiadyoin
1004 2421 1203 2496 Lucilianum,
1223 2422 1313 2481 sicuti

162 2514 278 2573 hostem
301 2515 392 2587 atque
415 2510 569 2570 inimicum
592 2511 695 2569 incert.
715 2530 743 2568 1.
764 2511 858 2569 1334.

252 2593 336 2662 954.
368 2602 484 2660 Nonius
507 2620 535 2676 p.
556 2601 647 2674 67,4
682 2594 841 2658 ‘Praeficae
873 2598 1050 2658 dicebantur
1081 2599 1162 2676 apud
1197 2601 1313 2659 ueteres

162 2709 239 2768 quae
277 2690 411 2749 adhiberi
447 2688 545 2748 solent
564 2689 679 2747 'funeri
714 2687 848 2747 mercede
885 2687 1056 2749 conductae.
1085 2734 1091 2746 .
1117 2735 1123 2747 .
1149 2735 1154 2747 .
1178 2687 1313 2749 Lucilius

162 2780 213 2839 lib.
235 2781 340 2838 XXII
361 2774 519 2838 “mercede
538 2823 544 2835 .
562 2824 567 2836 .
583 2824 590 2837 .
609 2772 753 2854 magis’'.'
786 2776 869 2836 Libri
888 2777 1001 2836 XXVII
1025 2796 1087 2837 1111
1110 2779 1313 2856 fragmentum

162 2871 236 2929 satis
260 2868 455 2944 probabiliter
476 2868 591 2927 iudicat
612 2867 821 2927 Lachmannus
849 2868 893 2926 ita
921 2870 956 2926 ut
987 2867 1101 2926 Ventc
1124 2867 1155 2926 Π
1182 2869 1214 2925 11
1243 2867 1312 2927 libri

162 2978 284 3018 numero
308 2957 390 3034 apud
412 2959 544 3018 Nonium
567 2956 716 3016 exciderit
756 2955 950 3034 Comparauit
970 2955 1114 3033 Oorpetus
1132 2957 1236 3017 Horat
1256 2962 1312 3016 art

162 3051 240 3125 poet.
256 3050 317 3107 431
331 3067 412 3124 seqq.
432 3043 478 3106 ‘ut
496 3048 550 3123 qni
569 3045 707 3106 conducti
725 3047 847 3123 plorant
863 3048 895 3104 in
914 3047 1016 3105 funere
1035 3046 1139 3106 dicunt
1152 3049 1183 3106 et
1196 3047 1313 3105 faciunt

161 3157 254 3214 prope
277 3138 365 3213 plura
387 3135 556 3196 dolentibus
579 3155 614 3195 ex
637 3138 747 3210 animo,
770 3137 813 3195 sic
835 3135 949 3195 derisor
972 3155 1043 3195 nero
1066 3137 1134 3212 plus
1155 3136 1312 3197 laudatore

162 3225 310 3288 mouetur'
340 3226 416 3286 uude
445 3225 605 3286 Muellerus
632 3230 665 3284 11
691 3227 793 3302 posuit
819 3225 907 3284 initio
937 3243 1041 3284 uersus
1073 3227 1189 3301 prioris.
1237 3225 1316 3286 (loni

163 3317 233 3377 Tab.
253 3317 360 3393 Aesop.
381 3316 553 3375 assflalm.
591 3315 732 3386 πλούσιος
766 3313 821 3374 δύο
853 3311 1020 3393 θυγατέρας
1052 3312 1127 3393 ἔχων
1158 3322 1210 3392 της
1244 3324 1312 3392 μιᾶς

162 3403 378 3482 ἀποθανούσης
400 3404 575 3485 θρηνούσας
598 3402 792 3482 ἐμισθώσατο.
829 3411 883 3482 τῆς
905 3399 938 3463 δὲ
960 3399 1058 3483 ἑτέρας
1081 3401 1188 3476 παιδὸς
1206 3402 1313 3464 λαλού-

162 3511 217 3573 σης
240 3492 293 3568 (ὡς
315 3492 434 3571 ἄθλιαι,
457 3494 514 3574 εἴγε
537 3491 624 3554 αὐταὶ
648 3484 691 3554 ὧν
713 3491 773 3553 ἐστι
795 3491 827 3552 τὸ
851 3492 951 3564 πάθος
974 3497 1101 3573 θρηνεῖν
1128 3491 1184 3553 οὐκ
1217 3492 1312 3571 ἴσμεν,

163 3584 198 3645 αἱ
217 3581 250 3645 δὲ
274 3580 368 3662 μηδὲν
390 3583 592 3662 προσήκουσαι
615 3582 693 3644 οὕτω
721 3582 859 3661 σφοδρῶς
882 3580 1040 3642 κόπτονται
1062 3580 1112 3642 καὶ
1136 3577 1313 3659 stutocoev’,

162 3669 181 3751 ἡ
206 3672 301 3755 μήτηρ
323 3672 396 3750 ἔφη·
420 3671 460 3750 μὴ
484 3672 628 3751 θαύμαζε,
650 3670 765 3749 τέκνον,
787 3671 815 3731 εἰ
836 3663 923 3731 αὗται
946 3670 1041 3744 obrue
1064 3675 1245 3751 θρηνούσιν·
1264 3668 1313 3731 ἐπὶ

161 3761 217 3843 γὰρ
240 3761 371 3846 ἀργυρίῳ
393 3769 479 3822 τοῦτο
502 3770 648 3822 ποιοῦσιν.
692 3761 827 3838 Sumpsit
848 3761 964 3821 Nonius
989 3780 1023 3820 ex
1047 3760 1252 3839 grammatico.

252 3844 337 3912 956.
361 3851 497 3910 Donatus
520 3851 557 3910 ad
578 3851 711 3910 Terentii
730 3850 874 3910 Andriam
894 3851 921 3907 V
941 3853 970 3924 4,
992 3853 1030 3909 11
1057 3845 1169 3909 ‘Metuo
1192 3852 1227 3908 ut
1245 3850 1312 3910 sub

163 3942 223 4000 stet
240 3940 355 4016 hospes.
391 3939 442 4015 Ut,
460 3959 497 3998 ne
517 3960 584 3999 non.
617 3940 750 4000 Lucilius
770 3935 875 3999 “tuom
894 3944 928 4000 ut
946 3941 1119 3999 memoriam
1136 3935 1311 3999 retineas'’.'

163 4033 247 4089 tuam
280 4028 350 4103 AV,
386 4032 420 4087 tu
450 4030 511 4087 iam
543 4029 649 4103 BTG,
685 4033 818 4090 metuam
850 4028 1009 4089 Bentleias.
1065 4027 1235 4105 Septenarii
1268 4033 1313 4089 est

162 4139 233 4196 pars
257 4138 346 4196 prior.

252 4201 336 4271 957.
357 4207 478 4267 Seruius
495 4207 534 4268 ed
547 4207 695 4268 Aeneidos
709 4208 736 4266 X
752 4208 815 4267 564
832 4203 944 4267 ‘tacitis
958 4209 1098 4287 regnauit
1111 4203 1257 4283 Amyclis’
1270 4255 1276 4266 .
1288 4253 1312 4266 ..

164 4294 254 4359 ‘unde
275 4300 387 4358 tacitae
406 4297 549 4373 Amyclae
572 4297 670 4357 dictae
693 4301 765 4357 sunt
785 4297 866 4373 quod
884 4299 997 4373 periere
1016 4298 1143 4358 silentio.
1180 4298 1250 4356 hino
1268 4300 1314 4358 est

164 4388 243 4464 quod
266 4391 311 4448 ait
328 4388 462 4447 Lucilius
486 4383 585 4447 “mibi
608 4405 724 4447 necesse
747 4390 793 4446 est
814 4387 909 4461 toqui:
930 4406 1000 4447 uam
1023 4389 1084 4446 scio
1106 4386 1246 4462 Amyclas
1269 4392 1312 4446 to·

163 4480 251 4538 cende
270 4472 429 4553 perisse”.’
466 4476 610 4538 Fabulam
630 4476 666 4537 de
683 4477 819 4553 Amyclis
837 4476 946 4537 Latino
965 4477 1075 4555 oppido
1094 4476 1173 4555 quod
1191 4477 1312 4536 silentio
