3060 5010
617 362 656 419 Ν
673 381 701 418 u.
723 367 871 419 lus-1⁷9.
1269 363 1311 429 77

161 533 264 593 litium
285 531 343 593 hoc
364 533 431 593 loco
453 551 521 593 cum
543 533 659 594 Nonius
682 534 789 613 legerit
811 534 865 594 tot
886 535 919 594 in
942 551 996 594 suo
1021 531 1164 608 editione,
1187 533 1312 594 Verrius

160 627 191 684 et
213 623 382 684 Priscianus
405 625 496 693 hono,
521 623 630 700 duplex
652 625 706 683 ille
729 624 765 683 de
789 642 849 700 que
871 626 986 702 egimus
1005 623 1043 684 ed
1061 623 1112 683 lib.
1131 624 1178 683 III
1196 642 1226 682 u.
1248 625 1310 684 106

160 713 204 772 IV
222 733 250 774 u.
272 714 335 773 163
354 712 464 775 Lucilii
486 712 717 792 deprehenditur
735 713 841 773 editio:
864 712 964 772 Verrii
982 712 1083 773 Flacci
1105 712 1231 774 editioni
1257 732 1311 774 nos

160 804 256 882 magis
284 802 435 863 credemus
464 822 554 880 quum
576 802 669 863 Nonii
690 803 834 863 Marcelli.
880 802 925 861 De
952 822 1111 880 puerorum
1139 821 1239 863 umore
1266 803 1311 862 in·

160 892 263 970 tellegi
292 892 380 952 debet
411 910 514 952 uersus
539 911 629 970 quem
655 892 700 953 itu
726 893 789 952 fere
816 893 848 951 in
875 892 1009 952 ordinem
1035 893 1201 952 sententies
1233 910 1312 951 eom-

160 1000 254 1058 ponos
278 977 475 1042 ‘meretricem
497 981 624 1042 fetidum
652 985 683 1041 et
708 985 828 1059 turpem
855 983 1033 1042 consecteris
1062 984 1116 1042 sut
1141 984 1310 1042 maironem

161 1090 227 1131 cum
250 1072 383 1147 periculo
407 1073 538 1149 eorporis
561 1074 592 1131 et
614 1071 726 1146 fumes,
754 1089 892 1132 concesse
914 1091 1022 1131 uenere
1046 1072 1093 1130 uti
1120 1089 1188 1131 cum
1214 1072 1311 1148 possis

160 1179 286 1237 cumque
318 1160 368 1220 hio
399 1164 461 1221 tem
494 1162 662 1221 formonsus
693 1160 782 1222 homo
815 1153 899 1242 (rude
922 1160 973 1221 lib.
992 1161 1035 1220 XI
1052 1180 1080 1220 u.
1101 1154 1182 1242 419)
1214 1179 1249 1220 ec
1279 1163 1310 1220 te

160 1250 267 1329 dignus
291 1242 374 1332 (uide
397 1249 448 1310 lib.
467 1249 614 1310 XXVHH
631 1271 660 1310 u.
680 1244 761 1332 890)
783 1251 901 1327 puellus
922 1253 963 1311 sit
980 1253 1109 1327 praesto,
1130 1251 1260 1327 impetus
1278 1250 1311 1309 in

160 1359 249 1416 quem
271 1336 346 1400 fiat’.
632 1407 633 1410 Ἴ

250 1421 333 1491 174.
355 1429 473 1490 Nonius
496 1450 524 1507 p.
545 1430 658 1505 458,·5
684 1424 806 1489 ‘Sumen
832 1429 995 1507 proprios
1022 1428 1154 1509 sugendo
1182 1428 1310 1489 dietum:

160 1538 230 1578 nem
252 1522 283 1579 et
305 1518 438 1579 mulieris
465 1538 627 1580 mammem
654 1537 758 1579 sumen
785 1520 900 1579 ueteres
928 1517 988 1578 diei
1015 1519 1131 1579 uolunt.
1177 1517 1310 1578 Lucilius

160 1611 329 1685 satyrarum
346 1608 398 1669 lib.
412 1608 475 1669 ΠΠ
499 1604 603 1685 “quod
622 1609 648 1669 si
663 1653 669 1667 .
685 1655 691 1667 .
707 1654 714 1667 .
728 1611 905 1683 monentque
922 1626 1009 1668 sucus
1027 1608 1140 1668 leeerto
1160 1612 1310 1668 umacus

159 1699 242 1758 uteri
256 1744 262 1756 .
278 1744 285 1756 .
301 1693 446 1758 .sidet”.’
486 1697 704 1776 Comparantur
726 1699 865 1757 mulieres
889 1717 957 1758 eum
974 1699 1083 1774 pueris.
1119 1697 1230 1757 Mulier
1250 1716 1310 1758 non

160 1779 211 1868 (de
232 1787 335 1848 muso
357 1807 411 1864 pro
433 1805 494 1847 non
512 1787 582 1848 uide
600 1788 639 1847 ud
661 1786 713 1847 lib.
732 1788 789 1846 XV
806 1808 834 1847 ιι.
856 1781 935 1869 507)
954 1790 1135 1864 potestesse
1153 1791 1217 1848 tem
1235 1787 1310 1847 duro

159 1895 282 1955 corpore
303 1896 395 1954 quum
417 1879 504 1953 pueri
525 1880 596 1938 sunt
621 1868 707 1958 (conf
725 1878 778 1937 lib.
797 1876 872 1937 VIH
890 1896 920 1936 u.
942 1879 1004 1938 297
1035 1872 1139 1953 ‘puero
1167 1869 1310 1959 similis’)

159 1969 260 2027 tumen
282 1967 367 2027 illam
390 1967 465 2026 dicit
487 1985 551 2028 esse
573 1966 756 2027 laudandum
777 1966 854 2043 ideo,
878 1965 959 2042 quod
981 1967 1054 2027 lieet
1075 1967 1227 2044 pepererit
1248 1986 1309 2025 mn-

158 2060 230 2116 nest
252 2075 340 2116 sucus
367 2057 420 2133 qui
442 2057 554 2117 lecerto
582 2060 629 2117 est
654 2060 757 2117 tenero
784 2059 816 2116 et
843 2055 924 2132 quod
950 2074 1057 2117 munus
1083 2074 1204 2133 pessum
1231 2055 1311 2115 sidet

159 2138 283 2227 (Lucan.
301 2145 349 2206 m
369 2139 448 2227 674)
485 2147 613 2207 laetenti
648 2147 681 2205 in
720 2147 849 2207 sumine:
891 2146 963 2205 conf
995 2146 1125 2205 Murtiul.
1144 2145 1216 2204 XIV
1237 2146 1308 2205 134.

158 2235 265 2312 Itsque
283 2235 414 2313 pupillae
433 2238 464 2296 et
480 2235 614 2296 bracchii
630 2236 789 2295 mollitiem
807 2239 961 2312 proestare
979 2255 1039 2313 non
1056 2238 1200 2312 poterunt
1214 2237 1309 2310 pueri.

160 2323 269 2385 Sumen
292 2325 407 2385 luctans
430 2325 540 2385 dicitur
561 2325 629 2386 ideo
653 2325 732 2401 quod
754 2326 801 2385 lae
819 2328 919 2402 potest
936 2324 1078 2402 praebere
1095 2324 1261 2385 infantibus
1280 2327 1311 2384 et

158 2414 310 2491 praebuit,
342 2434 402 2475 non
434 2415 500 2475 ideo
533 2413 612 2492 quod
643 2434 722 2474 nune
754 2414 891 2492 praebet:
921 2418 1075 2491 comperet
1100 2413 1134 2473 L.
1149 2413 1310 2474 Muellerus

159 2502 267 2563 catull.
286 2503 383 2563 LXIV
404 2505 444 2564 65
475 2500 545 2565 ‘non
572 2506 662 2564 tereti
689 2505 823 2580 strophio
853 2505 992 2563 lactentis
1024 2505 1126 2562 uincto
1157 2499 1309 2579 popillae'.

159 2592 252 2653 Sucus
276 2598 322 2653 est
346 2590 420 2666 ὀπὸς
447 2592 525 2673 ἥβης
547 2593 739 2668 ΑΡ7257,
761 2596 793 2652 1:
820 2595 865 2653 itu
888 2593 1007 2653 Terent.
1026 2593 1101 2652 Mun.
1122 2593 1187 2652 318
1216 2587 1310 2652 ‘color

158 2701 255 2761 uerus,
274 2701 380 2760 corpus
399 2682 529 2743 solidum
548 2687 580 2744 et
597 2685 661 2743 suoi
683 2678 825 2759 plenum'.
858 2682 957 2758 Prisp.
977 2682 1018 2741 32
1030 2682 1069 2742 B':
1094 2676 1173 2740 ‘uuis
1196 2680 1310 2741 eridior

158 2773 261 2848 puello
282 2774 378 2850 pessis
398 2791 545 2851 ..quse
569 2791 639 2832 suco
662 2775 745 2833 ceret
767 2790 861 2848 usque
883 2771 981 2848 putris
1003 2766 1132 2847 pumer'.
1169 2771 1214 2830 Ex
1240 2789 1309 2831 con-

157 2861 300 2922 iunctiuis
323 2866 451 2939 epperet
473 2863 651 2923 sententium
675 2881 734 2922 non
759 2880 822 2922 esse
844 2860 956 2920 Lucilii
983 2860 1035 2937 qui
1062 2877 1221 2938 puerorum
1248 2860 1310 2920 fuit

158 2953 282 3028 ametor,
306 2952 358 3011 sed
381 2952 458 3012 elius
481 2952 644 3012 cuiusdam.
682 2947 786 3011 ‘Nulla
808 2953 909 3027 potest
926 2946 1060 3010 mulier':
1083 2949 1186 3010 eedem
1205 2949 1309 3009 eodem

59 3029 61 3033 ’
158 3041 263 3101 ordine
286 3041 378 3102 uerba
400 3042 542 3121 leguntur
565 3040 861 3101 catullsxxxvn
882 3044 909 3100 1.
931 3072 970 3082 -
992 3041 1045 3117 qui
1072 3057 1159 3099 sucus
1184 3040 1309 3099 lacerto:

157 3130 227 3190 uide
249 3131 310 3189 ind.
329 3150 453 3210 gramm.
473 3151 495 3191 s.
514 3152 542 3191 u.
562 3131 684 3208 ellipsis.

249 3211 332 3280 177.
355 3221 472 3282 Nonius
494 3242 523 3298 p.
544 3223 618 3297 231,
638 3222 657 3279 8
683 3216 796 3282 ‘Vectis
819 3222 936 3300 generis
964 3218 1130 3280 masculini.
1175 3218 1308 3278 Lucilius

158 3312 327 3386 satyrarum
344 3309 395 3370 lib.
410 3311 473 3369 IHI
496 3305 558 3371 “ne
576 3312 718 3386 aptiorem
735 3330 826 3371 msnu
844 3315 878 3370 tu
891 3310 1031 3385 pessulus
1049 3313 1080 3368 et
1097 3309 1175 3368 hunc
1192 3311 1308 3368 uectem

157 3401 252 3476 possis
276 3399 377 3459 cuneis
399 3395 509 3474 ipso''.'
551 3400 700 3477 Loquitur
722 3418 782 3461 non
804 3401 912 3461 mulier
934 3420 950 3458 e
972 3398 1110 3459 fenestris
1134 3417 1202 3458 oum
1225 3397 1308 3458 edul-

157 3491 222 3548 tero
244 3507 341 3566 neque
364 3489 499 3550 seruolus
522 3508 589 3549 eum
612 3508 662 3550 ero
686 3492 739 3567 qui
762 3489 874 3550 emices
898 3488 980 3550 sedis
1005 3491 1231 3567 expugneturus
1258 3491 1307 3564 sit

157 3578 210 3638 sed
236 3581 272 3638 ut
299 3598 315 3638 e
342 3580 488 3639 uocabulo
514 3580 669 3653 persuum
694 3580 882 3658 intellegitur
908 3579 998 3638 homo
1030 3579 1084 3654 qui
1115 3597 1151 3638 ex
1182 3577 1307 3637 nedibus

158 3668 247 3728 clusis
270 3668 349 3728 exire
373 3670 506 3728 ceneten.
544 3664 689 3744 ‘Vereor',
711 3669 819 3746 inquit,
843 3665 891 3728 ‘ne
910 3669 1026 3748 agitare
1044 3685 1135 3727 manu
1153 3670 1188 3727 tu
1205 3685 1306 3743 pessu-

157 3758 221 3816 lum
239 3761 270 3817 et
286 3757 363 3818 hene
382 3776 473 3834 quern
491 3757 627 3818 uidemus
645 3776 743 3819 serum
759 3759 869 3835 possis:
888 3759 989 3818 cuneis
1008 3776 1082 3834 opus
1101 3751 1179 3816 erit'.
1204 3756 1307 3816 Vectis

157 3846 236 3905 idem
257 3850 303 3907 est
320 3847 376 3908 hoc
394 3847 460 3907 loco
479 3851 571 3925 atque
589 3867 655 3908 sere
673 3849 763 3908 sicuti
780 3847 812 3906 in
825 3847 955 3926 Vergilii
971 3847 1038 3906 loco
1053 3838 1140 3927 (Aen.
1151 3844 1211 3903 VH
1226 3838 1307 3926 609)

159 3955 247 4012 quem
269 3937 385 3996 Nonius
404 3937 423 3995 l.
443 3956 465 3997 s.
484 3957 506 3998 s.
532 3936 632 3997 adfert
660 3932 791 3997 ‘centnm
819 3939 899 3997 cerei
925 3935 1069 3997 claudunt
1094 3929 1205 3994 uectes’
1234 3933 1308 3993 belli

157 4029 267 4102 portes.
291 4026 470 4087 Prudentius
486 4030 591 4088 contre
605 4027 773 4103 Symmeeh.
786 4027 803 4086 I
818 4027 859 4086 65
870 4045 951 4102 seqq.
966 4018 1009 4107 (p.
1025 4026 1090 4085 220
1104 4022 1140 4083 ed
1149 4016 1307 4104 Dreseelii)

159 4111 256 4175 ‘Nunc
278 4116 393 4176 foribus
416 4116 524 4192 surdis,
547 4136 613 4178 sere
636 4135 710 4193 ques
729 4117 779 4176 uel
797 4116 934 4193 pessulus
952 4114 1027 4175 ortis
1045 4113 1180 4173 firmem
1197 4113 1307 4188 cuneis,

156 4224 210 4281 per
231 4208 345 4265 tectum
368 4205 453 4266 diues
476 4202 603 4267 umetor'
624 4226 690 4284 eq.
705 4224 728 4266 s.

248 4286 331 4357 179.
354 4295 471 4355 Nonius
494 4315 510 4355 e
532 4299 622 4374 poete
643 4298 710 4374 ipso
733 4316 762 4372 p.
781 4297 856 4370 477,
875 4296 895 4353 8
920 4289 1130 4353 ‘Menducstur
1151 4311 1206 4369 pro
1224 4311 1306 4352 men-

157 4383 255 4445 ducst.
281 4384 479 4445 ...Lucilius
502 4390 671 4462 setyrnrum
694 4385 744 4444 lib.
763 4385 826 4444 1111
850 4379 1049 4460 “adsequitur
1069 4400 1161 4456 neque
1176 4429 1181 4441 .
1198 4428 1204 4441 .
1220 4428 1226 4439 .
1241 4399 1306 4441 con·

156 4475 367 4534 manducadum
395 4470 540 4535 totum”.'
590 4475 674 4535 Idem
706 4494 741 4534 ex
773 4476 969 4552 grammatico
996 4494 1024 4550 p.
1045 4474 1123 4549 478,
1148 4473 1189 4532 33
1219 4467 1306 4530 ‘Con-
