3060 5010
220 325 284 391 130
650 321 702 412 ⁴lx
720 341 747 377 u.
768 327 917 385 aesssass.

218 493 364 580 εἰσαγωγῇ
392 495 511 554 auctore
538 493 626 572 Diog.
649 492 749 554 Luert
763 492 823 552 VII
843 493 885 554 60
914 490 1029 570 ποίημα
1056 488 1089 552 δέ
1115 487 1195 551 ἔστιν
1293 487 1369 564 λέξις

218 579 400 664 ἔμμετροςή
428 579 582 663 εὔρυθμος
609 580 680 660 μετὰ
703 589 825 660 σκευῆς,
853 580 885 642 τὸ
908 577 1054 662 λογοειδὲς
1077 577 1255 660 ἐκβεβηκυῖα
1277 575 1370 660 <διὰ>

218 672 251 734 τὸ
283 665 349 755 (τὸν
371 664 517 754 Borbon.)
544 670 710 752 ἔνρυθμον·
738 666 895 750 <ποίημα>
923 667 955 731 δὲ
982 662 1058 731 εἶναι
1088 668 1120 730 τὸ
1151 672 1227 730 Γαῖα
1250 670 1369 750 μεγίστη

218 760 269 823 καλ
298 760 370 835 Διὸς
393 759 487 841 αἰθήρ
521 753 635 845 (TGF’
657 761 792 838 Euripid.
817 762 881 820 839
914 752 1067 842 Nouelli).
1100 758 1219 838 ποίησις
1249 757 1281 820 δέ
1311 757 1370 820 έσιι

220 849 403 931 σημαντικὸν
430 850 560 929 ποίημα,
588 850 713 929 μίμησιν
735 847 869 930 περιέχον
891 849 986 910 θείων
1008 846 1058 909 καί
1081 846 1288 928 ἀνθρωπείων.
1334 849 1371 908 In
1426 884 1430 898 ι

221 942 328 1021 quibus
361 941 499 1002 omnibus
532 940 730 1018 Theophrasti
762 939 929 1000 doctrinam
962 938 1180 1019 agnoscendam
1211 957 1275 1000 osse
1302 957 1370 998 cou-

219 1034 395 1094 sentaneum
425 1033 483 1091 est:
511 1031 583 1091 coni
603 1049 680 1107 quae
707 1032 812 1091 extant
838 1030 931 1089 uerba
953 1028 1124 1106 philosophi
1146 1028 1227 1106 apud
1250 1027 1370 1088 Sueton.

219 1142 247 1200 p.
260 1123 311 1196 17,
322 1123 349 1180 2.
363 1121 446 1180 1611.
484 1118 542 1183 Sed
556 1120 716 1180 secundum
730 1118 922 1180 Posidonium
936 1120 1034 1195 poesis
1052 1118 1258 1178 tautummodo
1277 1136 1370 1196 genus

220 1210 343 1289 aliquod
362 1212 408 1270 est
425 1211 586 1287 poematis:
605 1209 743 1269 similitor
762 1208 841 1269 Sext
860 1208 1001 1285 Empiric.
1020 1207 1088 1267 adu.
1109 1227 1233 1286 gramm.
1253 1228 1281 1284 p.
1297 1208 1371 1280 645,

223 1303 262 1361 19
287 1300 418 1359 Belrkeri
444 1296 494 1359 καλ
521 1295 696 1380 ἆραιοιάιη
724 1295 803 1359 ἐστίν
825 1289 990 1378 ήὉμήρον
1018 1297 1150 1375 ποίησις·
1178 1297 1292 1376 ποίημα
1314 1293 1370 1377 γὰρ

220 1385 309 1450 οὐδέν
336 1387 534 1469 πρεσβύτερον
559 1323 634 1466 ήκεν
660 1387 703 1460 είς
730 1383 808 1466 ἡμᾶς
837 1396 889 1466 τῆς
917 1384 1033 1448 ἐκείνου
1062 1385 1217 1466 ποιήσεως.
1262 1384 1372 1446 Lucilii

221 1478 409 1539 aduersarius
433 1477 536 1538 eodem
559 1477 647 1540 modo
670 1481 809 1555 peccarat
832 1497 890 1554 quo
911 1476 1035 1554 Dionys.
1054 1477 1154 1536 Thrax
1172 1478 1204 1536 in
1223 1477 1288 1536 arte
1305 1476 1369 1553 μθ
1455 1511 1457 1514 <

220 1568 322 1646 Vblig.
350 1567 490 1651 ῥαψῳδία
517 1564 577 1628 toci
600 1564 687 1647 μέρος
715 1565 879 1646 ποιήματος
901 1570 959 1626 κτλ.
982 1567 1034 1626 ubi
1062 1565 1224 1627 scholiasta
1253 1586 1282 1643 p.
1299 1567 1371 1642 179,

222 1658 263 1717 26
279 1656 308 1715 Η
335 1653 482 1735 ποιήσεως
505 1653 593 1736 έχρήν
615 1655 725 1735 εἰπεῖν,
752 1654 789 1717 οὐ
816 1655 992 1735 ποιήματος·
1021 1655 1141 1734 ποίησις
1170 1652 1226 1736 γὰρ
1249 1651 1268 1733 ή
1292 1663 1371 1715 πᾶσα

217 1738 316 1824 Ἰλιάς,
342 1745 457 1825 ποίημα
484 1741 516 1805 δέ
539 1743 645 1824 ἑκάστη
668 1744 809 1830 ῥαψῳδία
831 1749 890 1806 κτλ.
914 1737 1001 1827 (conf
1019 1765 1048 1823 p.
1064 1746 1138 1820 315,
1160 1750 1174 1804 1
1197 1763 1277 1822 seqq.
1298 1745 1372 1818 449,

222 1837 263 1896 25
284 1827 389 1916 seqq).
432 1835 515 1895 Haec
542 1836 578 1895 de
605 1835 716 1895 Lucilii
746 1834 888 1896 doctrina.
935 1835 1116 1915 &agmento
1139 1833 1198 1895 dno
1221 1835 1372 1909 constitui,
1468 1906 1470 1908 v

222 1944 291 1985 cum
312 1925 390 1986 ιἰλικι
413 1924 493 2002 quod
516 1925 629 2003 legitur
651 1928 722 1985 ante
745 1926 869 2000 epistula
899 1924 1001 1985 eodem
1024 1923 1112 1984 modo
1135 1926 1269 2002 positum
1292 1923 1373 1984 sito

222 2015 320 2075 Nonio
354 2033 414 2091 quo
446 2035 474 2091 p.
496 2015 515 2072 4
540 2033 563 2075 s.
581 2034 609 2073 u.
636 2016 762 2074 tolutim:
793 2013 928 2075 Lucilius
961 2018 1130 2092 satyrarum
1161 2013 1214 2073 lib.
1228 2013 1304 2072 VIII
1336 2008 1372 2072 ‘si

222 2124 307 2164 omne
326 2105 384 2163 iter
402 2103 506 2163 euadit
526 2103 717 2181 studiumque
736 2104 850 2165 accline
868 2099 1001 2165 tolutim'
1021 2104 1113 2163 idem:
1137 2098 1228 2163 ‘uelle
1251 2103 1373 2162 tolutim
1433 2179 1438 2188 ·

221 2194 270 2253 hic
296 2212 413 2271 sempor
435 2194 485 2268 opi
511 2194 683 2271 incepturus
711 2189 841 2253 uidetur’
871 2185 913 2274 (ιι.
930 2195 1003 2253 313.
1029 2183 1116 2273 314).
1146 2226 1186 2234 -
1216 2193 1289 2253 398.
1313 2211 1373 2252 non

220 2283 294 2343 baec
313 2282 385 2360 quid
403 2276 519 2363 ualeat]
539 2282 611 2359 quid
630 2283 733 2343 ualeat
750 2282 831 2359 baec,
850 2302 941 2360 quam
955 2282 1042 2343 modo
1057 2282 1120 2342 dixi
1132 2282 1246 2361 poesin,
1260 2282 1372 2361 quidue

220 2372 278 2433 boo
305 2372 399 2433 altero
427 2371 520 2432 distet
546 2371 623 2432 illud
650 2374 791 2449 altorum,
819 2392 878 2433 non
907 2372 1068 2451 cognoscis.
1115 2372 1243 2451 Scripsit
1271 2372 1374 2432 Dousa

220 2463 289 2523 boio
310 2481 365 2539 pro
387 2463 440 2523 boe
458 2465 489 2522 et
506 2462 623 2522 Terent
643 2463 718 2521 Ilun.
739 2465 803 2523 232
824 2457 930 2523 ‘stulto
948 2462 1125 2542 intellegens
1144 2461 1218 2539 quid
1236 2455 1371 2521 interest’

221 2571 328 2612 reuera
360 2550 479 2611 dutinus
511 2551 633 2611 uidetur
663 2552 869 2631 agnoscendus
902 2571 974 2612 esse.
1020 2552 1062 2611 At
1085 2551 1230 2612 Horatius
1257 2551 1374 2627 epistI

224 2644 258 2717 7,
282 2643 324 2701 48
359 2636 435 2702 ‘foro
467 2641 594 2700 nimium
630 2640 742 2702 distare
779 2636 907 2703 carinss'
938 2641 1029 2701 uerbo
1062 2641 1174 2702 distare
1206 2640 1373 2700 ablatiuum

222 2730 328 2806 iunxit,
351 2732 400 2793 cui
423 2731 495 2790 abbi
518 2730 663 2806 datiuum,
686 2731 760 2790 alibi
783 2750 804 2792 α
825 2729 1076 2810 praepositionem
1099 2731 1223 2790 addidit
1266 2730 1373 2807 Itaque

222 2821 278 2880 boo
314 2821 380 2880 loco
415 2820 528 2880 tradita
565 2820 650 2881 salua
687 2821 808 2881 seruaui
843 2840 910 2881 oum
942 2819 1072 2880 nesciam
1098 2820 1251 2897 ¹quomodo
1278 2818 1372 2878 Lach-

222 2928 349 2970 mannus
367 2909 466 2969 locum
484 2909 665 2969 intellexerit
683 2911 738 2986 qui
756 2911 877 2989 scripsit
896 2905 1017 2987 ‘quidue
1036 2910 1092 2970 boo
1110 2911 1189 2970 inter
1203 2911 1261 2970 siet
1275 2902 1372 2967 illud'.

221 3000 293 3077 Ipsa
324 2999 436 3073 locutio
465 3018 524 3059 non
552 2999 590 3059 ad
612 3004 750 3074 poemate
777 3000 920 3078 pertinet,
953 2999 1005 3060 sed
1034 3002 1066 3059 in
1095 3001 1268 3059 uniuersum
1297 2999 1372 3058 aeci·

222 3088 332 3166 pieuda
360 3091 412 3148 est.
442 3120 483 3130 —
511 3088 636 3148 Accium
664 3107 682 3148 ιι
709 3088 825 3149 Lucilio
857 3089 913 3149 boc
939 3090 1006 3149 loco
1033 3088 1119 3166 tangi
1147 3089 1200 3165 qui
1226 3089 1303 3148 libro
1330 3087 1373 3145 IX

223 3177 423 3237 didascalicon
460 3177 613 3253 scripserit
650 3172 732 3237 ‘nam
770 3199 860 3255 quam
895 3178 981 3239 uaria
1013 3197 1123 3257 genera
1158 3180 1373 3255 poematorum,

222 3266 325 3343 Baebi,
349 3285 498 3343 quamque
517 3265 605 3345 longe
624 3265 767 3328 distincto
786 3269 847 3329 alia
865 3268 902 3328 ab
923 3268 999 3344 aliis,
1022 3263 1120 3329 nosce’
1146 3261 1246 3349 (FPIt
1263 3287 1292 3343 p.
1308 3266 1371 3325 269

223 3348 410 3438 Baehrens),
440 3355 579 3415 credibile
612 3376 670 3416 non
700 3361 753 3417 est.
782 3390 825 3399 —
855 3360 928 3417 339.
956 3359 1087 3435 primum
1116 3358 1172 3417 hoc
1194 3348 1271 3439 (est)
1294 3355 1374 3432 quod

223 3444 350 3504 dicimus
368 3463 432 3505 esse
450 3440 579 3524 poema}
616 3446 683 3506 Iam
701 3451 856 3507 enumerat
873 3451 963 3524 poeta
982 3447 1073 3507 uerba
1094 3447 1225 3526 sinprla:
1244 3447 1373 3523 primum

219 3551 333 3609 μοακα,
360 3534 455 3594 altero
478 3535 544 3597 loco
562 3537 667 3609 poesin
689 3535 758 3594 inde
781 3556 800 3596 a
822 3556 851 3595 u.
871 3538 944 3596 342.
968 3569 1013 3578 -
1036 3538 1109 3596 341.
1132 3536 1270 3596 Alterum
1293 3537 1373 3613 frag·

224 3627 357 3684 mentum
387 3623 489 3685 eodem
516 3624 593 3684 libro
621 3626 753 3702 positum
783 3627 875 3686 fiisse
903 3629 1017 3686 certum
1046 3630 1106 3687 est:
1134 3626 1236 3686 omisit
1258 3626 1374 3685 Nonius

225 3713 324 3774 omnia
347 3717 517 3790 poematum
540 3734 649 3793 genera
671 3717 791 3791 praeter
812 3715 919 3776 ultimo
946 3717 1012 3777 loco
1036 3736 1126 3792 quam
1150 3715 1375 3776 enumerauerat

225 3803 393 3880 epistulam.
445 3798 610 3880 ‘Epistulas
641 3804 797 3864 uersiculis
829 3805 935 3866 facetis
965 3806 1003 3866 ad
1035 3805 1194 3865 familiaris
1222 3805 1329 3864 missas
1357 3823 1374 3862 a

227 3889 380 3953 Corintbo'
416 3911 491 3970 quos
523 3897 731 3971 composuerat
763 3895 812 3971 Sp.
832 3894 992 3956 Mummius
1020 3913 1098 3954 anno
1130 3896 1192 3955 sere
1225 3887 1373 3973 6081146

226 3987 437 4042 commemorat
470 3981 570 4043 Cicero
603 3984 641 4043 ad
672 3984 737 4043 Att.
756 3984 829 4043 XIII
854 3985 887 4060 6,
913 3987 948 4061 4,
970 3984 1079 4044 Lucilii
1111 3988 1213 4043 satura
1245 3983 1314 4043 libri
1346 3981 1374 4039 V

226 4073 324 4148 prima
354 4072 427 4131 item
460 4077 525 4132 erat
556 4073 687 4149 epistula
718 4072 757 4132 ad
784 4073 963 4133 familiarem
995 4074 1095 4134 missa.
1123 4106 1167 4115 —
1196 4075 1269 4133 342.
1298 4072 1375 4131 Τοιιι

225 4160 298 4221 Ilias
325 4179 385 4219 una
412 4165 458 4221 est
484 4158 581 4238 θέσις,
610 4162 698 4222 sicuti
726 4163 849 4222 annales
877 4163 956 4223 Enni
983 4166 1053 4223 sunt
1079 4182 1140 4223 uns
1167 4159 1260 4235 θέσις.
1306 4162 1374 4222 Non

226 4268 316 4309 ausus
339 4268 405 4309 sum
426 4254 543 4311 mutare
566 4251 743 4312 uocabulum
763 4251 916 4328 Graecum,
940 4253 1019 4330 quod
1041 4252 1230 4332 grammatici
1249 4253 1375 4312 alicuius

226 4340 307 4415 sapit
343 4338 507 4399 doctrinam
545 4360 621 4417 quae
658 4340 813 4400 exhibetur
850 4344 882 4401 in
914 4342 976 4401 ΕΜ
999 4362 1027 4418 p.
1048 4344 1127 4417 391,
1151 4343 1192 4402 25
1225 4340 1375 4420 εὐθήμονι

227 4424 333 4506 μέλπεν
360 4424 449 4514 ἀοιδή
476 4421 869 4513 (Apollon.Rhod.1569)
897 4429 1056 4514 εὐποιήτῳ·
1086 4429 1118 4492 έκ
1140 4440 1192 4492 τοῦ
1220 4435 1320 4492 θεῖναι
1342 4428 1375 4491 τὸ
