3060 5010
606 380 632 436 V
648 402 676 438 u.
698 388 845 439 191-193.
1252 383 1293 449 81

145 555 277 631 potuisse
299 554 420 632 poetam
445 557 475 614 et
496 554 546 614 hic
569 556 600 614 et
621 553 673 614 lib.
687 553 744 613 XV
767 575 794 614 u.
810 555 874 614 494
898 573 958 614 non
980 554 1068 615 uideo
1093 574 1186 632 quare
1206 575 1294 634 nege·

145 646 208 703 tur:
239 645 272 703 in
299 661 354 720 pro
380 645 445 703 isne
471 646 552 704 recte
574 644 706 704 Palatini
732 642 830 705 Plaut.
849 644 970 704 Marcet.
991 645 1068 704 598:
1096 645 1245 705 scaenicos
1268 647 1295 703 ie

145 734 322 809 corripuisse
348 733 472 809 probari
497 735 603 810 nequit
629 735 689 793 nisi
717 732 797 810 quod
827 734 970 808 tequidem
1002 736 1198 811 anapaestum
1226 752 1294 793 con-

145 824 275 882 stituunt
306 822 383 882 editt
409 822 506 882 Plaut.
525 823 604 883 Pers.
626 824 697 883 179.
747 822 783 882 In
815 823 925 883 litteris
952 828 1084 883 sccncol
1109 841 1189 883 ονιιο
1215 826 1294 883 recte

146 916 273 990 agnorat
296 910 454 988 Oorpetus:
478 913 530 973 scd
550 912 724 972 Muellerum
748 912 817 972 iride
840 913 879 972 ad
901 915 1004 973 incert.
1023 933 1051 971 u.
1068 915 1162 973 1228.

236 992 319 1062 193.
340 999 491 1061 Charisius
506 999 558 1061 GL
574 1003 590 1061 I
607 1022 636 1078 p.
653 1003 726 1077 100,
742 1002 782 1062 26
793 1001 822 1061 K
841 997 954 1063 ‘Intiba
970 1005 1077 1062 neutro
1096 1021 1202 1082 genere
1221 1001 1294 1062 Ver-

145 1091 236 1168 gilius
254 1082 400 1171 (georgl
420 1082 498 1172 120)
517 1090 601 1166 dixit,
626 1087 683 1151 “et
701 1094 811 1151 amaris
834 1090 932 1152 intiba
950 1087 1066 1168 fibris'',
1090 1094 1121 1152 et
1146 1094 1188 1152 sio
1205 1092 1294 1150 multi

145 1179 337 1239 eruditorum.
391 1180 442 1240 sed
479 1182 509 1240 et
545 1182 708 1241 masculino
745 1200 852 1259 genere
888 1182 1060 1258 frequenter
1097 1201 1115 1242 a
1143 1181 1294 1241 ueteribus

145 1269 258 1329 dictum
294 1272 355 1329 eet:
390 1289 460 1330 nam
492 1269 626 1331 Lucilius
662 1272 694 1329 in
725 1269 754 1326 V
790 1271 922 1330 derident
957 1262 1109 1351 (impressi
1145 1263 1293 1353 derideas)

145 1360 287 1419 rusticam
315 1377 418 1419 cenam
446 1361 627 1420 enumeratis
654 1360 757 1420 multis
784 1359 883 1420 herbis
912 1355 1049 1419 “intibus
1070 1363 1296 1435 ...perserpsil

146 1440 308 1529 (perserpit
330 1449 384 1508 eod
406 1440 540 1530 Dousae)
564 1445 715 1526 equinis''‚
738 1451 769 1509 et
791 1448 938 1510 Aemilius
960 1450 1061 1510 Macer
1084 1444 1194 1525 “quola
1216 1467 1295 1524 sepes

144 1537 266 1597 intubus
288 1533 440 1599 berbas'’.’
478 1538 594 1598 Nonius
616 1559 645 1616 p.
661 1539 772 1615 209,1
799 1534 911 1598 ‘intiba
934 1541 1051 1618 generis
1074 1539 1181 1598 neutri.
1220 1537 1293 1596 Ver-

144 1627 235 1705 gilius
258 1629 463 1706 georgicorum
485 1628 537 1687 lib.
551 1627 614 1688 1111
632 1619 728 1710 (120)
752 1622 1005 1705 “quoquomodo
1028 1630 1108 1706 potis
1130 1628 1295 1707 gauderent

144 1716 241 1775 intiba
267 1712 374 1776 riuis’'.
407 1718 563 1778 masculini
592 1717 726 1777 Lucilius
753 1720 924 1794 satyrarum
950 1718 1002 1778 lib.
1021 1717 1049 1774 V
1078 1713 1293 1778 “intubus

139 1809 314 1879 prodemus
337 1801 499 1883 equinis''.’
542 1807 711 1868 Scholiasta
733 1809 766 1866 in
784 1806 913 1886 Vergilii
936 1809 1075 1887 georgica
1096 1807 1113 1866 I
1134 1809 1197 1868 120
1221 1799 1293 1890 (uol.

144 1894 191 1953 Π]
211 1898 229 1954 2
248 1915 277 1973 p.
297 1897 375 1970 226,
404 1888 482 1979 4Η)
517 1892 642 1974 ‘intyba
696 1897 823 1973 pluralis
854 1916 995 1957 numerus
1034 1897 1133 1956 neutri
1169 1898 1295 1976 generis,

144 1984 305 2063 singularis
332 2004 404 2045 uero
427 1987 544 2065 generis
574 1986 732 2047 masculini
754 1988 789 2046 ut
820 1982 996 2066 Luci<li>us
1028 1988 1060 2044 in
1086 1985 1115 2042 V
1148 1981 1294 2063 “intybus

158 2073 280 2150 intybus
302 2073 395 2134 herba
419 2073 456 2150 G,
478 2074 584 2153 intyba
607 2075 637 2133 P
655 2078 689 2135 ut
711 2076 776 2135 tiba
798 2067 848 2159 N)
871 2078 1027 2153 praeterea
1046 2073 1170 2152 pedibus
1183 2093 1292 2149 prosus

159 2160 245 2240 pssus
281 2165 334 2224 cod
369 2156 412 2247 G)
450 2160 612 2241 equinis”.'
674 2164 784 2225 (lenam
824 2164 990 2226 modestam
1026 2165 1149 2244 aegroto
1185 2167 1291 2242 poetae

144 2254 284 2330 apposuit
315 2252 473 2313 familiaris
504 2242 627 2331 'quidam
658 2255 734 2334 legis
771 2257 975 2332 sumptuariae
1011 2254 1185 2314 obseruans:
1226 2255 1298 2314 coni

143 2341 278 2402 Philemo
307 2341 392 2402 CAF
414 2343 446 2402 Π
464 2362 493 2421 p.
514 2344 592 2420 509,
612 2344 653 2404 38
668 2343 697 2402 K
723 2341 779 2424 ἐγὼ
809 2342 862 2404 τὸν
889 2341 981 2425 ἀγρὸν
1011 2342 1112 2425 ἰατρὸν
1143 2340 1294 2421 ἐλελήθειν

144 2428 229 2511 έχων·
263 2428 362 2512 τρέφει
392 2429 448 2513 γὰρ
480 2424 568 2506 οὗτος
600 2431 696 2513 ὥσπερ
728 2430 935 2514 άρρωστοῦντά
967 2454 1016 2511 με,
1054 2431 1169 2513 σιτάρια
1204 2430 1293 2511 μικρὰ

144 2517 321 2601 προσφέρων
344 2520 429 2581 οἴνου
452 2515 488 2581 θ’
509 2520 581 2583 ὅσον
604 2518 711 2602 ὀσμήν,
734 2521 862 2603 λαχάνου
884 2514 905 2582 ε’
922 2519 971 2582 ἀεί
989 2544 1017 2580 τι
1040 2519 1089 2581 rori
1107 2520 1146 2600 νή
1165 2518 1216 2581 τὸν
1235 2521 1295 2581 Δία

143 2608 178 2669 τὰ
201 2613 324 2689 πετραῖα
341 2603 418 2671 ταῦτ’
440 2607 562 2691 ὀψάρια,
584 2611 747 2691 κάππαριν,
770 2610 882 2690 θύμον,
901 2608 1083 2692 ἀσπάραγον,
1102 2608 1176 2670 αὐτὰ
1194 2617 1293 2670 ταῦτα·

143 2696 193 2759 καὶ
225 2695 345 2759 δέδοικα
377 2698 417 2778 μή
449 2700 517 2760 λίαν
548 2697 750 2781 άπισχναέναν
783 2722 817 2779 με
848 2699 961 2784 ποιήσῃ
993 2698 1107 2780 νεκρόν.
1158 2698 1294 2759 Similem

145 2806 248 2848 cenam
280 2788 395 2849 deridet
427 2792 516 2867 poete
547 2789 605 2849 ΑΡ
629 2790 672 2849 XI
700 2790 763 2849 413
798 2785 839 2862 ὡς
869 2798 968 2868 κῆπον
1006 2785 1141 2861 τεθυκὼς
1172 2787 1295 2850 δεῖπνον

144 2873 314 2959 παρέθηκεν
344 2870 483 2958 Ἀπελλῆς
515 2877 650 2957 οἰόμενος
681 2877 801 2958 βόσκειν
833 2875 899 2939 ἀντὶ
930 2878 1027 2956 φίλων
1058 2877 1200 2959 πρόβατα.
1255 2869 1294 2956 ήν

144 2966 288 3049 ῥαφανίς,
312 2964 390 3047 σέρις
412 2959 466 3047 ήν,
488 2971 583 3047 τήλις,
602 2968 758 3050 θρέδακες,
781 2966 893 3047 πράσα,
916 2967 1031 3047 βολβοί,
1053 2964 1176 3046 direptor,
1201 2960 1294 3045 ήδύο-

145 3073 235 3135 σμον,
263 3054 413 3137 πήγανον,
441 3054 619 3139 ἀσπάραγος.
665 3057 765 3130 δείσας
792 3050 820 3117 d’
837 3055 869 3116 έκ
900 3057 1012 3117 τούτων
1045 3054 1085 3136 μή
1112 3054 1162 3116 rori
1189 3055 1294 3137 χόρτον

144 3146 269 3231 παραθή
292 3167 342 3222 μοι
364 3145 526 3224 δειπνήσας
547 3144 680 3228 θέρμους
701 3143 867 3228 ήμιβρεχεῖς
896 3144 1010 3228 ἔφυγον
1033 3180 1074 3188 -
1099 3149 1130 3206 et
1152 3163 1238 3206 cocus
1261 3148 1294 3207 in

144 3234 246 3294 Plauti
269 3235 415 3295 Pseudolo
439 3237 505 3296 810
524 3254 604 3314 seqq.
652 3232 723 3298 ‘non
746 3255 801 3316 ego
830 3238 903 3296 item
927 3255 1031 3296 cenam
1054 3237 1160 3296 condio
1183 3238 1218 3295 ut
1240 3237 1294 3295 alii

144 3326 244 3401 coqui,
276 3327 330 3401 qui
361 3325 436 3384 mihi
467 3325 588 3386 condita
614 3329 703 3403 prata
729 3328 761 3385 in
788 3325 901 3403 patinis
927 3327 1096 3403 proferunt,
1122 3325 1213 3385 boues
1241 3328 1294 3403 qui

145 3415 287 3474 conuiuas
309 3415 426 3474 faciunt
444 3414 610 3492 herbasque
629 3417 784 3495 oggerum,
808 3435 857 3476 eas
875 3414 982 3475 herbas
1000 3415 1099 3476 herbis
1118 3416 1186 3475 aliis
1204 3435 1293 3493 porro

144 3502 300 3564 condiunt:
331 3503 440 3563 indunt
470 3505 672 3580 coriandrum,
712 3505 887 3580 feniculum,
924 3504 1031 3580 alium,
1067 3508 1167 3564 atrum
1197 3505 1294 3580 holus,

145 3596 300 3670 apponunt
317 3593 469 3670 rumioem,
486 3593 648 3655 brassicam
666 3593 766 3654 betam
779 3590 914 3654 blitum':
933 3594 1005 3654 conf
1014 3593 1120 3654 Horat.
1140 3594 1223 3672 epod.
1237 3594 1292 3653 ΠΙ.

145 3681 255 3742 Veram
280 3682 439 3743 lectionem
461 3687 637 3758 prodesses
662 3682 779 3743 Nonius
806 3683 952 3743 seruauit:
984 3683 1108 3744 eandem
1135 3683 1293 3741 lectionem

145 3771 323 3847 praebuerat
356 3772 534 3849 archetypus
566 3773 744 3834 scholiastae
772 3772 938 3852 Vergiliani
975 3771 1026 3832 ubi
1063 3772 1151 3832 bodie
1182 3771 1294 3848 legitur

139 3879 248 3935 prosus
266 3880 327 3922 una
345 3861 461 3938 syllaba
480 3863 614 3939 expulsc3
632 3866 808 3936 praetenera
826 3863 924 3921 forma
941 3861 1053 3940 legitur
1073 3860 1131 3918 AL
1151 3861 1224 3933 127,
1244 3861 1263 3918 5
1278 3859 1294 3917 Ι

145 3969 173 4026 p.
195 3951 257 4010 136
290 3950 325 4010 ed
357 3951 458 4011 Riesei
489 3950 568 4028 Lips
595 3951 689 4011 1394.
744 3949 871 4011 Charisii
899 3952 1004 4010 auctor
1035 3950 1143 4026 legisse
1174 3947 1294 4008 uidetur

140 4043 317 4115 prorepsit:
340 4037 433 4119 ‘quod
455 4043 522 4101 sata
544 4042 576 4099 in
598 4040 695 4099 lucem
713 4035 902 4118 proserpant'
921 4038 1032 4099 Arnob.
1048 4037 1095 4096 111
1114 4039 1155 4098 33
1175 4058 1203 4114 p.
1220 4039 1293 4116 133,

147 4129 188 4187 23
208 4129 243 4187 R.
293 4129 465 4207 Adponitur
495 4131 630 4190 conuiuis
661 4127 797 4204 intubus,
828 4130 860 4188 id
892 4131 938 4187 est
969 4128 1104 4189 cichorea
1135 4119 1234 4209 (Seru.
1254 4127 1294 4187 ad

145 4216 257 4297 Vergil.
272 4238 371 4298 georg.
386 4220 402 4278 I
417 4211 495 4300 120)
524 4238 600 4296 quae
627 4219 659 4277 in
686 4217 806 4278 uiarum
834 4219 968 4295 margine
997 4216 1121 4294 pedibus
1150 4235 1293 4293 equorum

145 4310 176 4366 et
197 4308 347 4367 mulorum
370 4311 416 4368 est
432 4311 590 4385 praetenta
608 4310 627 4368 i
642 4327 666 4367 e.
686 4307 808 4367 obtenta
826 4308 874 4366 uel
893 4306 995 4367 oblata
1013 4308 1143 4386 ungulae
1162 4308 1292 4383 praeter·

146 4397 242 4457 euntis
265 4397 404 4458 iumenti:
428 4397 509 4475 quod
530 4397 723 4475 participium
745 4399 781 4456 ut
802 4398 1051 4474 interpretaretur
1080 4397 1293 4475 grammaticus

147 4486 267 4561 quidam
291 4487 489 4564 adscripserat
502 4490 667 4564 proserpat
684 4507 750 4547 cum
769 4487 956 4566 intellegeret
975 4482 1108 4545 ‘intubus
1127 4488 1293 4562 praeterea:

198 4595 284 4637 Lucilli
297 4596 347 4636 rell.
362 4595 396 4636 sd
410 4597 493 4637 Marx.
520 4598 551 4638 ΙΙ.
1063 4590 1079 4640 6
