3060 5010
226 320 291 395 202
505 328 569 384 xvi
588 347 615 384 u.
635 334 784 384 555551.
822 329 898 383 xvu
916 314 943 383 u'.
963 334 1112 385 aas-sao.

225 492 280 578 pro
313 499 429 559 Caecin.
455 502 495 559 52
526 495 597 559 ‘non
629 519 664 559 ex
696 501 795 560 uerbis
827 501 931 576 aptum
958 499 1085 576 pendere
1112 501 1173 575 ius,
1205 499 1255 560 sed
1283 500 1377 560 uerba

225 589 338 651 seruire
355 590 508 649 bominum
529 586 681 650 consiliis'.
701 622 744 630 -
763 608 837 649 onus
855 583 974 668 ingens]
994 591 1148 666 comparat
1165 589 1268 649 Dousa
1286 586 1375 649 Ouid.

227 680 294 740 fast.
320 678 364 737 IV
389 681 450 738 241
487 674 572 739 ‘onus
604 678 736 758 inguinis
769 675 878 739 aufert'
912 677 1019 739 Catull.
1042 678 1142 738 LXIII
1167 682 1185 737 5
1220 674 1374 756 ‘pondera’

225 768 344 828 Patron.
365 769 406 827 92
432 764 601 848 ‘inguinum
624 768 739 846 pondus
768 772 831 829 tam
859 764 982 848 grande’
1012 761 1156 850 (Martial.
1175 768 1235 827 VII
1254 769 1310 843 35,
1330 760 1375 849 4).

225 858 382 919 Rusticum
410 857 557 941 quendam
587 877 710 918 narrare
733 858 805 918 haec
829 857 864 917 de
893 859 985 918 ariete
1013 878 1066 918 suo
1094 859 1220 936 apparet
1242 857 1374 918 uidetur-

225 968 283 1025 que
305 947 357 1008 ille
380 949 457 1009 aries
480 966 549 1009 casu
572 948 686 1007 infelici
709 947 822 1008 decoris
846 948 892 1007 sui
915 948 1018 1008 fecisse
1041 949 1195 1007 iacturam.

315 1029 537 1099 537.Νο5155
566 1058 594 1114 p.
611 1038 689 1113 513,
711 1039 751 1096 13
785 1033 951 1116 ‘Ignauiter
982 1057 1036 1114 pro
1069 1037 1188 1114 ignaua
1240 1035 1375 1097 Lucilius

225 1132 394 1205 satyrarum
413 1127 465 1186 lib.
484 1127 556 1186 XVI
576 1122 652 1187 “cur
671 1174 676 1185 .
693 1173 721 1185 ..
742 1122 906 1203 quaeris’'.’
949 1127 1119 1186 Priscianus
1138 1125 1194 1186 GL
1212 1126 1260 1186 III
1278 1147 1306 1204 p.
1324 1129 1375 1200 71,

226 1217 283 1276 all
307 1212 450 1277 ‘Lucilius
474 1217 622 1294 ampliter,
640 1212 812 1295 ignauiter'.
853 1216 921 1276 Non
940 1220 1059 1294 oportet
1076 1216 1190 1277 tradita
1207 1218 1374 1275 mutentur:

225 1307 321 1365 ueluti
338 1307 386 1365 fac
405 1307 566 1383 quaesiisse
583 1308 787 1384 importunum
804 1306 953 1366 hominem
969 1306 1116 1383 quendam
1131 1305 1211 1382 apud
1224 1304 1374 1366 Lucilium

224 1416 259 1456 ex
282 1396 400 1456 homine
428 1398 515 1476 graui
534 1398 654 1456 fortuna
676 1395 789 1456 afflicto
812 1400 848 1456 55
870 1396 985 1456 ualeret
1007 1395 1055 1455 uel
1079 1414 1231 1473 compares
1254 1394 1375 1455 Horatii

223 1503 328 1546 uersus
350 1504 435 1545 serm.
455 1487 471 1545 I
491 1487 524 1561 3,
544 1487 585 1544 63
616 1481 791 1563 ‘simplicior
818 1488 884 1563 quis
915 1488 946 1544 et
978 1489 1023 1546 est
1056 1485 1173 1562 qualem
1207 1505 1254 1544 me
1285 1503 1373 1562 saepe

223 1575 351 1635 libenter
374 1575 532 1634 obtulerim
554 1575 624 1650 tibi,
647 1575 817 1649 Maecenas,
840 1577 874 1634 55
896 1575 973 1635 forte
995 1576 1143 1654 legentem
1167 1577 1221 1635 555
1247 1576 1373 1635 tacitum

224 1664 361 1742 impellat
384 1664 490 1740 quouis
509 1684 643 1725 sermone
660 1660 823 1726 molestus’.
862 1663 958 1724 Oarm.
975 1663 1041 1724 Lat
1056 1665 1158 1743 Epigr.
1172 1664 1189 1723 I
1204 1665 1277 1739 331,
1295 1663 1372 1723 12Β

223 1748 364 1815 ‘consulis
388 1749 499 1814 stulte'.

736 2135 863 2222 XVII.

315 2285 397 2353 538.
422 2292 590 2353 Priscianus
614 2291 669 2352 GL
687 2293 719 2352 Π
741 2314 770 2370 p.
785 2294 864 2368 475,
884 2292 963 2352 2511
987 2288 1131 2352 ‘Lucilius
1154 2292 1186 2351 in
1209 2292 1295 2352 XVII
1320 2291 1373 2369 [ad

223 2382 405 2459 Penelopam
441 2379 612 2458 conuersus]
647 2378 834 2459 “nuptarum
870 2384 901 2441 te
937 2385 1035 2459 nupta
1066 2374 1207 2464 (nuptam
1238 2383 1374 2443 55555111

223 2462 309 2553 codd)
329 2517 335 2528 .
352 2518 357 2529 .
373 2517 380 2531 .
399 2467 534 2549 speras’'.
580 2472 611 2531 in
629 2473 686 2532 hoc
713 2491 832 2549 quoque
861 2471 1096 2530 subaudiendum
1124 2473 1169 2531 est
1196 2465 1317 2548 “esse'’,
1340 2471 1370 2531 id

223 2562 270 2621 555
293 2556 482 2638 “nuptarum
505 2557 591 2622 esse”
616 2581 670 2638 pro
695 2556 847 2638 “nuptum
869 2556 947 2636 ire'’,
974 2557 1226 2640 γαμηθήσεσθαι’.
1272 2561 1372 2621 Verba

222 2652 263 2710 cd
286 2652 460 2726 Penelopam
488 2669 644 2712 conuersas
672 2650 803 2711 eiusdem
831 2653 946 2729 generis
974 2654 1045 2710 sunt
1071 2655 1102 2710 55
1128 2653 1258 2711 auctoris
1281 2653 1372 2727 atque

223 2741 263 2799 ad
289 2742 443 2800 Fuadium
475 2760 551 2816 quae
582 2742 723 2818 legcmtur
754 2743 786 2799 15
819 2740 950 2799 eiusdem
982 2741 1171 2818 grammatici
1199 2739 1274 2800 codd
1302 2744 1372 2800 5555

222 2828 330 2890 Lucilii
358 2830 559 2910 fragmentum
586 2830 637 2888 lib.
656 2830 727 2888 XVI
745 2851 773 2889 u.
790 2831 862 2889 532.
909 2829 1013 2906 Neque
1040 2831 1118 2889 enim
1146 2828 1280 2890 Lucilius
1308 2832 1372 2906 ipse

222 2918 396 2995 adloquitur
409 2910 597 2996 Penelopam,
616 2918 668 2978 sed
686 2919 826 2980 ancillam
845 2919 996 2996 quandam
1015 2920 1112 2995 qualis
1132 2922 1196 2978 erat
1211 2919 1373 2996 Eurycleia

223 3007 439 3083 colloquentem
462 3028 529 3069 cum
552 3008 673 3068 domina
695 3008 813 3069 induxit
832 3010 864 3067 in
882 3009 938 3069 hac
957 3011 1066 3069 satura.
1108 3008 1234 3068 Icarium
1254 3009 1372 3086 patrem

222 3095 336 3156 hortari
364 3101 400 3156 55
425 3098 516 3157 uiduo
546 3098 624 3157 lecto
651 3097 785 3157 discedat
807 3099 890 3158 Vlixi
917 3098 1020 3159 scribit
1043 3098 1192 3175 Penelopa
1214 3100 1246 3157 in
1269 3096 1371 3158 Ouidii

223 3186 352 3264 epistula
370 3186 386 3244 Ι
405 3186 456 3245 81.
472 3220 517 3230 —
537 3184 657 3264 Vlixen]
677 3187 746 3247 uide
757 3182 803 3247 ‘ad
822 3188 872 3248 lib.
887 3187 943 3246 XV
961 3208 988 3246 u.
1006 3189 1083 3247 512:
1102 3187 1225 3247 eandem
1237 3188 1370 3265 'formam

223 3275 366 3336 Horatius
398 3274 535 3335 adhibuit
565 3280 597 3337 in
629 3278 813 3338 sermonibus
832 3277 863 3336 11
883 3279 916 3352 3,
937 3279 1008 3337 197.
1034 3279 1104 3338 204·
1122 3278 1208 3355 epist.
1226 3276 1242 3334 I
1261 3279 1294 3352 2,
1316 3279 1371 3337 181

228 3365 341 3424 Vlixem
355 3364 481 3425 scaenici
495 3369 531 3425 55
542 3366 639 3426 Ρ1555.
655 3367 794 3428 Bacchid.
815 3370 864 3427 21.
885 3366 974 3449 2312„
987 3368 1059 3427 949.
1080 3368 1143 3428 962
1163 3366 1266 3427 Pseud.
1284 3369 1369 3426 1244

222 3453 330 3513 Accius
350 3446 453 3512 Tam
472 3456 536 3514 488
551 3456 636 3518 Ribb.
657 3491 699 3499 —
718 3454 894 3533 nuptarum]
914 3457 1065 3516 deforma
1082 3456 1239 3516 masculini
1254 3455 1370 3534 generis

222 3542 254 3602 L.
269 3543 429 3604 Muellerus
452 3545 568 3623 relegat
589 3547 730 3606 lectorem
754 3546 792 3605 ud
816 3544 924 3606 (15111
946 3550 972 3607 7.
1019 3546 1072 3605 Vti
1099 3548 1218 3606 constat
1240 3547 1370 3624 magicos

222 3632 350 3692 Graecos
373 3635 525 3710 participii
549 3636 680 3695 mascula
702 3637 799 3695 forma
822 3635 874 3693 ubi
896 3636 1071 3695 femininam
1092 3639 1227 3713 expectes
1251 3654 1309 3711 quo
1332 3634 1369 3694 de

222 3742 277 3782 usu
309 3724 373 3801 egit
403 3723 439 3783 de
466 3723 713 3785 Wilamowitzius
746 3724 783 3785 ad
811 3715 914 3803 Eurip.
938 3724 1095 3803 Hippolyt.
1121 3727 1215 3803 1103.
1265 3725 1366 3784 Posuit

221 3812 350 3889 denique
373 3815 461 3891 poete
484 3819 577 3888 euplo
600 3805 649 3895 (ut
670 3812 780 3893 γαμετή
803 3813 884 3892 apud
907 3806 1048 3897 Graecos)
1077 3813 1295 3874 nominatiuum
1318 3813 1369 3873 ubi

222 3904 427 3962 aecusatiunm
451 3906 585 3980 expectes
604 3923 690 3979 quem
710 3903 784 3963 codd
803 3905 940 3985 nonnulli
958 3904 1098 3965 exhibent
1115 3903 1204 3964 sicuti
1218 3904 1369 3983 Vergilius

221 3984 394 4052 uocatiuum
421 4011 475 4069 pro
502 3993 689 4052 nominatiuo
716 3991 790 4053 Aen.
808 3993 839 4052 II
864 3995 927 4054 283
956 3989 1076 4072 ‘quibus
1103 3994 1227 4072 Hector¹
1242 3993 1279 4071 ab
1309 3993 1369 4053 cris

221 4084 374 4159 expectate
396 4076 502 4141 uenis'.
552 4123 554 4125 ·
1039 4158 1040 4161 Ἴ
1095 4071 1106 4125 ’-

312 4163 395 4231 540.
418 4170 533 4231 Nonius
555 4191 584 4249 p.
600 4172 652 4247 25,
671 4173 710 4231 31
739 4168 929 4249 ‘Gompemes
952 4172 1093 4253 dicuntur
1115 4171 1211 4252 longis
1233 4170 1372 4248 pedibus:

222 4257 354 4320 Lucilius
377 4264 547 4337 satyrarum
570 4261 620 4320 lib.
639 4261 727 4322 XVII
746 4255 845 4342 (XVI
861 4253 1127 4343 Guelferbytanus)
1147 4258 1249 4322 “aanc
1268 4279 1368 4321 censes

223 4364 231 4404 :
245 4392 274 4405 ..
300 4350 525 4423 colsplocamorc
556 4349 800 4411 aAIOoVPON
829 4344 888 4433 (155
922 4349 1086 4411 Leideneis:
1120 4351 1372 4412 ΔαΛΟΦΥΡΟΝ

222 4430 334 4519 Guelf.)
360 4439 445 4499 illam
465 4484 470 4497 .
487 4485 492 4497 .
509 4485 514 4496 .
534 4456 628 4513 aquea
654 4439 815 4500 etiam...
839 4439 914 4500 alias
941 4441 1038 4500 lenam
1138 4441 1263 4518 quoduis
1291 4440 1372 4501 PIN
