3060 5010
177 379 183 390 .
209 318 274 383 216
635 315 712 369 xxu
730 332 757 369 u.
777 319 927 370 sto-ssi.

212 487 325 548 Colum
339 487 425 547 1111
444 488 516 546 extr
536 486 623 546 Auct.
642 486 711 546 bell.
729 484 793 545 Atr.
813 486 865 562 54,
884 486 913 543 4.
952 482 1034 544 Codd
1052 482 1164 543 Donati
1182 500 1361 557 quaequam,

210 595 359 652 quaquam
376 575 522 663 impressi,
541 577 697 678 quoiquam
715 576 738 635 Ι
749 575 859 650 Densa,
882 572 933 650 qui
952 572 1072 632 datiuus
1091 592 1151 633 non
1169 572 1242 631 ferri
1259 574 1362 649 potest

211 668 279 745 post
301 655 425 726 ἀοοιὶοο
472 664 583 735 Quodsi
606 665 727 742 scripsit
754 682 902 740 quaquam
925 662 1070 738 Lucilius,
1101 659 1205 722 diuisit
1232 661 1360 722 uocabu-

211 758 274 816 lum
301 773 486 829 nequaquam
510 753 589 830 quod
616 773 721 813 reuera
748 755 779 812 in
803 753 910 813 adiect'
901 751 959 812 ruis
983 771 1070 831 saepe
1098 752 1261 829 usurpatur
1225 743 1360 831 ur(Cio.

211 846 291 905 Lael
314 846 354 904 69
380 839 450 904 ‘sibi
472 863 660 920 nequaquam
683 863 786 921 parem
788 839 900 903 Qans
919 841 947 901 b.
967 841 1043 902 Gall
1062 840 1105 900 IV
1126 842 1177 916 23,
1197 836 1361 917 4111111-

214 954 304 1012 quam
335 933 475 993 idoneum
507 926 618 993 locum'
651 933 723 993 Hor.
743 932 829 1010 epist.
848 932 879 991 II
900 937 932 1007 1,
953 934 995 991 20
1033 926 1234 1008 nequaquam
1271 930 1363 991 simili

213 1015 367 1105 ratione'),
381 1024 471 1082 sicuti
481 1023 636 1082 Terentius
647 1022 755 1082 Heaut.
768 1023 830 1081 175
847 1017 939 1080 ‘haud
955 1039 1105 1097 quaquam
1119 1021 1210 1080 etiam
1225 1016 1362 1094 cessant'.

214 1114 272 1174 Sed
299 1115 377 1172 recte
405 1130 589 1186 quanquam:
624 1111 768 1188 apodosin
801 1110 896 1189 fingas
929 1109 966 1169 ad
999 1110 1165 1186 exemplum
1198 1109 1364 1169 carminum

214 1202 425 1280 sepulcralium
456 1201 552 1260 ueluti
583 1200 616 1260 in
650 1201 780 1261 Kaibelii
802 1198 896 1259 IGSI
919 1191 1002 1260 '193b
1034 1197 1062 1259 εἰ
1091 1198 1143 1258 καί
1172 1214 1228 1259 σου
1261 1197 1364 1259 κεύθει

214 1291 320 1365 κάλλος
343 1288 412 1352 νέον
435 1282 459 1350 ob
478 1289 663 1369 Κλεοπάτρα,
686 1289 796 1370 τύμβος
815 1286 865 1349 καὶ
883 1288 1019 1369 φροῦδον
1038 1297 1122 1368 σῶμα
1139 1285 1253 1368 λέλογχε
1271 1286 1365 1364 κόνις,

214 1373 273 1442 ἀλλ’
299 1377 386 1461 ἀρετὰ
408 1380 509 1458 βιοτᾶς
532 1375 596 1439 αἰὲν
620 1380 719 1450 ζωοῖσι
750 1376 860 1458 μέτεστι
883 1382 941 1438 κτλ.
987 1378 1068 1439 taciti
1095 1377 1145 1437 uel
1171 1377 1263 1437 luculli
1291 1376 1366 1437 codd

216 1470 364 1530 Martialis
388 1471 414 1530 si
444 1469 571 1530 editores
599 1473 679 1529 recte
708 1469 900 1548 interpretor:
929 1468 1008 1545 quod
1031 1467 1188 1527 Palatinus
1216 1486 1290 1527 saec.
1309 1467 1365 1526 XV

217 1560 354 1621 exhibere
372 1558 484 1618 dicitur
502 1558 612 1619 lucullei
630 1559 702 1619 Itali
721 1563 766 1620 est
784 1560 990 1618 commentum.
1007 1591 1048 1599 -
1063 1557 1112 1617 hic
1130 1558 1219 1618 situs:
1242 1557 1366 1617 uerbum

217 1648 441 1710 substantiuum
465 1649 567 1709 omisit
585 1650 620 1707 ut
638 1649 765 1709 adsolet:
789 1647 868 1724 qnod
886 1650 918 1707 in
938 1646 1085 1724 Scipionis
1104 1644 1201 1724 elogio
1221 1640 1366 1729 (Bueche-

216 1740 273 1800 leri
297 1736 393 1797 Oarm.
415 1737 481 1797 Lat.
501 1739 592 1816 epigr.
612 1738 627 1796 1
647 1739 665 1797 9
685 1741 752 1816 pl
786 1738 897 1814 legitur
929 1732 971 1797 ‘is
1003 1736 1051 1796 hic
1083 1731 1176 1796 situs’
1210 1739 1368 1796 excusatur

217 1826 400 1907 pronomine.
410 1859 454 1868 —
464 1826 613 1887 Martialis
632 1827 725 1886 uerba
741 1827 897 1905 intelleges
912 1827 1084 1903 comparato
1099 1824 1223 1896 Quintil.
1237 1827 1264 1886 X
1281 1831 1309 1903 1,
1325 1827 1366 1886 93

220 1914 365 1977 ‘Lucilius
388 1915 533 1993 quosdam
555 1916 600 1975 ita
622 1915 738 1977 deditos
762 1914 819 1976 sibi
843 1915 939 1975 adhuc
958 1915 1048 1976 habet
1067 1919 1224 1991 amatores,
1246 1918 1281 1974 ut
1299 1936 1368 1975 eum

220 2027 279 2067 non
299 2006 430 2067 eiusdem
449 2005 537 2066 modo
556 2005 654 2081 operis
673 2005 852 2081 auctoribus,
876 2005 927 2065 sed
949 2004 1086 2065 omnibus
1104 2005 1202 2082 poetis
1220 2005 1369 2083 praeferre

219 2118 279 2158 non
302 2091 460 2155 dubitent':
490 2095 580 2155 etiam
605 2094 682 2172 quod
706 2095 843 2172 sequitur
871 2094 1013 2154 iudicium
1041 2094 1078 2154 de
1100 2093 1203 2154 Persio
1232 2095 1370 2172 congruit

221 2208 287 2246 cum
310 2184 442 2246 Martial.
460 2184 503 2245 IV
524 2186 575 2260 29,
597 2187 623 2243 7.
644 2217 685 2226 -
704 2185 831 2245 Initium
853 2184 923 2244 libri
942 2184 1028 2244 XXII
1056 2183 1194 2244 attulisse
1216 2182 1370 2243 Donatum

220 2279 252 2336 et
278 2275 449 2336 Martialem
480 2273 634 2351 probabile
667 2278 713 2334 est
744 2275 796 2351 qui
828 2275 973 2334 librorum
995 2271 1218 2333 XXH-XXV
1247 2276 1370 2350 propter

220 2367 318 2444 ipsum
341 2383 435 2444 genus
458 2363 738 2442 epigrammaticum
760 2363 908 2425 rationem
935 2362 1086 2423 babuerit:
1115 2361 1213 2422 adfert
1239 2363 1370 2440 primum

221 2456 441 2533 pentametrum
464 2457 499 2512 ut
521 2452 695 2514 Aeneadum
717 2455 847 2528 qeuelrta
875 2452 960 2513 audit
982 2452 1113 2513 Lucretii
1141 2451 1248 2529 poesis.
1295 2451 1370 2511 Gon·

222 2544 382 2620 scripserat
411 2546 501 2621 poeta
532 2544 588 2603 hoc
619 2543 697 2603 libro
730 2563 884 2604 seruorum
907 2561 1036 2602 suorum
1068 2541 1250 2620 parentalia,
1282 2543 1372 2600 sicuti

223 2633 373 2693 Ausonius
396 2636 502 2710 postea
524 2634 617 2693 totius
641 2633 739 2712 gentis
762 2651 834 2694 suae
857 2631 1076 2706 Parentalibus,
1100 2631 1282 2709 collegarum
1299 2631 1371 2691 Pro-

223 2722 392 2784 fessoribus.
445 2721 510 2793 Quo
538 2724 672 2801 tempore
699 2723 773 2784 haec
801 2720 966 2801 epitymbia
996 2719 1147 2799 scripserit
1178 2723 1281 2798 poeta,
1312 2740 1372 2780 non

224 2815 348 2873 constat.

314 2893 397 2963 581.
421 2900 509 2962 Nouo
527 2922 621 2979 nuper
640 2904 744 2961 auctus
763 2904 809 2962 est
826 2900 958 2961 Lucilius
977 2900 1033 2960 hoc
1051 2901 1218 2978 fragmento
1238 2918 1256 2958 a
1275 2917 1373 2978 gram-

224 2992 342 3054 maticis
374 2992 436 3052 illis
466 3011 592 3068 quorum
624 3010 715 3093 opera
747 2992 914 3070 glossarum
946 2990 1080 3050 thesauri
1111 2987 1197 3048 nobis
1229 2987 1373 3066 patefacti

225 3085 309 3144 sunt:
324 3082 438 3158 primus
452 3080 545 3140 edidit
559 3080 660 3140 Goet
622 3084 698 3142 tzrus
712 3081 786 3140 Mus.
802 3080 895 3140 Rhea.
909 3079 962 3140 XL
978 3082 1063 3140 1885
1082 3100 1110 3212 p.
1127 3079 1191 3138 324
1204 3077 1374 3155 haspoetae

226 3171 369 3246 reliquias
393 3169 553 3229 admodum
577 3170 728 3231 obscuras:

333 3293 431 3352 abaet.
456 3289 611 3354 extincta'
634 3296 680 3355 ast
701 3296 750 3354 nel
774 3290 923 3355 mortua'.
970 3293 1134 3353 Lucilius
1125 3313 1158 3351 m
1180 3292 1266 3352 XXII

454 3385 583 3460 primum
606 3383 737 3443 Pacilius
759 3384 928 3444 tesorofilax
952 3386 1038 3458 pater
1060 3382 1147 3443 abcet

227 3544 301 3604 quas
324 3525 447 3604 repetiit
469 3526 516 3584 uir
539 3525 643 3585 doctus
668 3524 743 3585 OGL
761 3525 805 3584 IV
823 3546 851 3603 p.
870 3525 986 3601 XVIII,
1014 3526 1066 3585 ubi
1093 3544 1199 3604 operas
1223 3526 1301 3586 mele
1324 3545 1378 3604 po·

228 3616 321 3676 scisse
349 3635 505 3676 numerum
529 3615 587 3674 XII
614 3615 680 3674 loco
707 3617 805 3691 priore
834 3618 913 3675 recte
941 3617 1073 3692 positum
1105 3615 1202 3677 editor
1233 3618 1298 3694 ipse
1330 3636 1377 3675 me

229 3708 384 3766 certiorem
417 3702 496 3764 fecit.
547 3703 629 3763 Idem
658 3702 733 3764 aab
752 3704 795 3763 VI
820 3726 848 3783 p.
870 3707 909 3764 11
935 3723 957 3764 s.
980 3724 1009 3763 u.
1043 3704 1129 3764 abzet
1162 3705 1378 3766 Buecheler-um

229 3796 324 3856 tradit
351 3792 476 3854 uerbum
508 3792 684 3871 Paelignum
715 3787 805 3853 afded
837 3786 1034 3873 (CarmLat.
1055 3796 1147 3873 epigr.
1165 3795 1181 3855 Ι
1199 3816 1227 3873 p.
1250 3799 1300 3871 11,
1321 3787 1377 3875 17)

231 3886 389 3965 agnouisse
413 3882 493 3960 apud
516 3882 674 3943 Lucilium.
713 3882 825 3943 Similis
853 3884 1023 3943 litterarum
1045 3883 1081 3944 ba
1104 3886 1272 3945 coniunctio
1296 3886 1380 3944 extat

229 3977 261 4035 in
289 3974 378 4035 titulo
401 3971 583 4050 Pompeiano
611 3972 691 4049 apud
715 3971 842 4034 (locchia
869 3971 1005 4053 l’origiue
1032 3973 1081 4033 del
1108 3974 1262 4053 gentilicio
1287 3972 1377 4032 Plau·

231 4068 295 4124 tino
320 4063 432 4141 Napoli
453 4063 538 4123 1899
558 4083 585 4139 p.
608 4064 648 4122 28
682 4061 734 4122 ubi
766 4063 877 4143 legitur
901 4111 906 4123 .
932 4111 938 4122 .
963 4111 969 4122 .
994 4059 1036 4122 ‘P.
1051 4061 1183 4124 Maccius
1210 4062 1379 4123 Mamianus

230 4147 409 4213 Fubzanus’.
447 4152 512 4229 Ego
535 4152 661 4212 miratus
684 4151 762 4229 quod
785 4154 867 4214 abra
888 4151 994 4214 Oscum
1018 4152 1066 4211 uel
1089 4152 1269 4231 Paelignum
1291 4170 1379 4211 uoca-

231 4241 334 4301 bulum
358 4241 394 4299 de
418 4242 529 4301 femina
553 4242 613 4301 alio
636 4243 701 4302 loco
724 4262 814 4318 quem
838 4245 954 4319 spectat
976 4243 1205 4318 grammaticus,
1227 4242 1276 4302 hic
1299 4242 1379 4318 apud

231 4330 381 4390 Lucilium
405 4330 440 4387 de
464 4331 529 4389 uiro
553 4350 615 4391 esse
638 4334 815 4408 usurpatum
840 4329 1030 4391 statuendum
1053 4332 1106 4406 sit,
1135 4350 1202 4390 cum
1225 4350 1284 4391 non
1311 4349 1379 4408 pro·

232 4419 331 4478 babile
354 4418 493 4478 uideatur
515 4420 660 4480 eiusmodi
683 4421 814 4498 glossam
838 4420 955 4498 saepius
979 4423 1079 4479 extare
1102 4419 1134 4480 in
1164 4420 1273 4482 litteris
1296 4420 1380 4482 Lati·
