3036 5004
555 381 660 437 XXIX
677 400 705 438 u.
725 386 875 437 aaa-ace.
1225 375 1300 448 v>2⁵89

148 553 193 611 eil
211 555 397 628 6666666661,
417 551 449 610 id
467 555 513 611 eat
532 550 668 612 Socrates
688 550 772 611 nulla
790 553 862 610 nota
880 544 991 611 amoris
1009 546 1147 611 distinxit
1161 550 1301 628 pulcrum

151 661 239 718 quem
266 645 347 701 amet
377 643 516 702 661666
544 641 647 717 pulcro
675 660 763 717 quem
790 641 937 719 neglegat
990 639 1103 700 116666
1132 640 1301 717 corruptela

150 733 180 790 in
206 732 287 791 exitu
310 747 414 791 uersus
438 731 502 790 804
527 723 674 810 (prolegg.
693 749 721 806 p.
742 729 837 790 CXIV
855 723 953 812 6666).

240 812 323 882 834.
346 819 462 879 Nonius
490 838 518 897 p.
534 822 612 893 472,
634 823 672 878 11
699 814 841 879 ‘Pertiret
870 838 924 896 pro
947 819 1120 896 partiretur.
1166 818 1301 877 Lucilius

152 910 202 968 lib.
222 909 367 968 XXVHlI
391 905 487 985 “quid
511 928 586 986 quas
609 908 738 985 partiret
760 908 823 984 ipse
846 927 901 984 pro
926 907 1063 968 doctrina
1085 902 1201 968 boni’'.’
1245 926 1302 982 pro

151 1018 185 1058 ex
208 1016 265 1072 pec
291 1017 344 1075 per
370 1018 499 1059 errorem
527 994 657 1073 librarii,
684 999 817 1059 doctrina
847 997 1013 1058 ablatiuum
1044 1002 1148 1058 uatum
1176 1015 1240 1057 esse
1255 993 1302 1056 'ex

151 1090 372 1165 praepositione
396 1088 474 1147 16166
501 1086 656 1164 probabile
678 1086 806 1147 uidetur.
852 1086 950 1157 Quare
977 1087 1126 1148 doctrinas
1149 1087 1302 1163 scripsisse

152 1176 271 1237 uidetur
307 1179 405 1254 poeta.
456 1180 583 1251 pararet
618 1177 730 1237 dictum
767 1195 830 1237 ease
866 1176 987 1237 uidetur
1022 1176 1228 1236 6661616666
1264 1175 1301 1234 66

153 1267 222 1326 Her.
237 1266 330 1341 1vc,
349 1268 368 1326 9
394 1261 607 1342 ‘Prometheus
630 1284 698 1326 cum
721 1265 926 1326 mortalibus
918 1285 1018 1344 ignem
1037 1262 1170 1326 diuidere
1188 1260 1302 1325 uellet'.

154 1357 297 1415 Doctrina
311 1357 379 1415 bosi
392 1374 451 1415 non
468 1354 599 1415 arbitror
612 1352 671 1416 dici
685 1355 806 1416 Latine:
825 1350 973 1416 ‘doctrina
987 1374 1085 1416 renim
1099 1350 1302 1416 honestarum’

154 1444 215 1504 616.
233 1445 271 1504 66
293 1444 342 1505 off.
361 1444 377 1504 I
397 1446 475 1504 151:
498 1449 636 1522 expectas
660 1444 807 1505 doctrinas
830 1463 931 1504 ncces.

243 1525 660 1612 885.Ν661666.381,3
689 1530 835 1608 Referre,
862 1534 1022 1595 reddere..
1040 1534 1224 1594 ..Lucilius
1252 1533 1303 1593 lib.

154 1619 332 1686 XXVIIII
336 1619 427 1699 ‘quod
447 1671 452 1683 .
469 1671 475 1683 .
492 1671 497 1683 .
516 1619 636 1683 mihi’'
618 1671 624 1684 .
683 1624 785 1684 Metuo
812 1642 849 1682 66
871 1625 1025 1698 6661666,
1053 1623 1133 1701 qnod
1163 1625 1304 1683 6616666-

154 1715 232 1789 misi,
253 1714 360 1792 plagae
384 1714 458 1772 mihi
485 1710 649 1791 imponat.'
674 1713 823 1790 Loquitur
852 1715 1000 1775 66616666.
1044 1716 1174 1788 pretiosa
1195 1714 1306 1788 referre

155 1805 185 1861 in
209 1805 368 1879 utramque
391 1806 506 1879 partem
531 1803 590 1864 dici
610 1805 733 1881 exponit
751 1803 914 1880 Seyffertus
932 1802 970 1862 ad
991 1801 1050 1863 (lic
1069 1802 1150 1863 Lael.
1171 1803 1212 1862 53
1232 1806 1305 1862 extr.

156 1888 293 1951 Halmius
325 1892 364 1951 66
397 1890 456 1951 Cic.
479 1911 534 1969 pro
568 1892 702 1952 861147
724 1895 810 1952 extr:
842 1894 914 1954 coni
942 1892 1061 1952 Terent
1088 1891 1221 1952 11666616
1241 1892 1304 1951 385

237 1982 346 2041 ..11116
369 1981 554 2042 crucibus.
571 2001 674 2042 .nunc
697 1984 823 2042 referam
846 1977 997 2062 gratiam'.

168 2001 837 2149 51111886.6166616166661696161(
862 2068 1016 2132 Nemo..
1033 2072 1176 2176 ‚antiqui
1199 2076 1230 2132 et
1252 2091 1306 2149 pro

32 2170 37 2181 '
157 2162 239 2220 66116
263 2179 350 2238 saepe
373 2165 547 2237 posueruut,
568 2160 695 2238 ideoque
718 2180 805 2221 nemo
824 2160 964 2237 61666666,
988 2163 1076 2238 quasi
1098 2162 1197 2221 minus
1216 2161 1308 2240 signi·

156 2249 291 2324 6666666,
318 2250 460 2310 ethome
488 2250 650 2324 addebant3
679 2253 714 2309 66
743 2250 899 2310 Terentius
922 2207 1018 2334 (Ilus.
1038 2244 1164 2331 549)“
1166 2252 1308 2326 numquis

156 2339 206 2400 hic
227 2359 274 2398 me
297 2336 455 2415 sequitur?
476 2357 563 2398 nemo
586 2335 674 2399 homo
693 2335 771 2400 ect’'.
813 2343 844 2399 et
861 2339 993 2399 Lucilius
1012 2338 1109 2398 XXIX
1128 2333 1230 2419 [nemo
1248 2333 1307 2418 est]

158 2430 224 2489 ideo
252 2428 329 2488 dixit
357 2423 497 2504 “quis..
513 2447 603 2488 .sum
632 2423 766 2491 homo''.’
813 2429 954 2488 Imitatus
985 2433 1031 2488 est
1052 2428 1193 2489 Lucilius
1211 2428 1308 2488 iocum

158 2519 275 2578 11166
266 2538 298 2577 nr
321 2516 469 2593 (lyclopea
490 2520 624 2595 positum
647 2519 736 2578 616661
754 2517 907 2595 Aristoph.
926 2517 1015 2595 Vesp.
1037 2518 1099 2577 184
1128 2517 1172 2590 τίς
1190 2509 1218 2577 al
1234 2510 1309 2593 ποτ’,

159 2599 487 2687 6166666666ζέ66ηῇ
520 2604 610 2681 Οὕτις
632 2607 671 2684 νὴ
696 2607 763 2667 Δία.

226 2630 333 2758 9887
350 2695 510 2774 Noniusp.
522 2698 625 2772 381,7
643 2693 798 2772 Reddere,
811 2697 917 2756 iacere.
954 2696 1088 2758 Lucilius
1102 2696 1152 2755 lib
1163 2648 1309 2756 XXVIIII

160 2783 301 2863 “pluteos
325 2786 429 2845 6666111
451 2791 578 2860 leaeque
600 2791 631 2846 et
653 2786 818 2847 testudinea
841 2781 990 2847 reddet’'.’
1036 2785 1127 2846 Recte
1151 2790 1223 2845 lecto
1246 2788 1309 2846 siue

159 2874 360 2951 hendiadyoiu
387 2878 504 2935 statuas
531 2894 598 2935 curn
628 2876 731 2937 Dousa
758 2878 821 2937 6166
848 2876 1007 2953 intellegas
1029 2877 1133 2936 616666
1157 2867 1257 2955 (Gaea
1273 2873 1310 2935 66

159 2966 186 3025 b.
207 2984 231 3026 6.
250 2964 282 3024 Π
302 2965 331 3039 9,
350 2956 394 3046 2).
419 2997 460 3006 -
484 2967 602 3026 66666161
623 2966 845 3040 Lachmannus,
873 2964 952 3042 quod
979 2984 1084 3042 parum
1115 2965 1310 3043 intellegitur,

161 3055 279 3115 6666661
300 3052 521 3123 Quicheratius:
545 3072 580 3115 es
601 3058 690 3115 666116
713 3056 826 3132 scripsi.
873 3053 972 3114 Verba
999 3058 1070 3114 sunt
1099 3055 1235 3132 parasiti,
1257 3056 1310 3131 qui

161 3143 233 3220 quid
266 3162 315 3203 rex
332 3161 420 3203 suus
452 3145 493 3203 sit
524 3144 657 3205 lecturus
684 3145 845 3205 adnuntiat
871 3144 994 3204 inclusis
1021 3144 1163 3223 gloriose:
1191 3143 1309 3204 Terent.

162 3234 237 3293 1166.
259 3234 321 3293 773
347 3228 490 3311 ‘primum
513 3234 595 3294 aedis
618 3229 815 3312 expugnabo'.

251 3313 335 3383 838.
358 3323 474 3384 Nouius
497 3343 525 3400 p.
542 3325 616 3399 245,
637 3325 676 3384 18
702 3319 840 3400 ‘Anceps
863 3327 983 3383 acutum
1007 3343 1042 3383 ex
1065 3327 1193 3400 utraque
1217 3327 1310 3401 parte.

161 3412 295 3473 Lucilius
313 3411 364 3472 lib.
379 3411 525 3472 XXVIIII
545 3408 653 3473 “uecta
674 3459 724 3472 ...
743 3408 924 3474 cardinec”.'
965 3413 1101 3473 Minatur
1118 3410 1204 3474 miles
1222 3412 1311 3474 616661

163 3501 213 3561 lib.
227 3501 357 3560 XXVIII
375 3522 403 3560 6.
425 3503 487 3561 776
516 3502 623 3562 similis
645 3502 838 3563 Poliorcetes:
864 3503 936 3563 6661
950 3503 1068 3563 Terent.
1087 3503 1163 3563 1166.
1185 3504 1247 3562 774
1268 3498 1311 3562 ‘in

162 3590 292 3650 madium
307 3591 364 3651 huc
378 3610 484 3668 agmen
499 3611 566 3652 cum
580 3595 668 3668 66661,
681 3587 819 3660 Donax'.
846 3591 928 3662 Quae
942 3591 1086 3654 Horatius
1101 3596 1313 3652 commemorat

164 3675 275 3741 ‘lucida
298 3680 413 3740 1666116
436 3684 466 3740 66
488 3684 582 3741 uectis
605 3685 636 3740 et
658 3700 743 3743 arcus
762 3682 906 3760 oppositis
929 3682 1042 3742 loribus
1061 3677 1197 3741 minacis’
1221 3699 1311 3741 carm.

164 3769 285 3845 11126,
306 3771 339 3843 7,
366 3786 402 3829 ea
428 3772 628 3831 instrumenta
654 3773 755 3831 omnia
781 3774 933 3849 pertinent
960 3770 998 3830 66
1026 3771 1101 3831 11166
1128 3775 1313 3850 6666666676

154 3858 243 3935 quod
276 3858 307 3917 16
339 3859 492 3918 comoedia
519 3859 622 3921 Attica
654 3879 741 3938 saepe
774 3863 954 3921 memoratur
987 3852 1167 3941 (Antiphan.
1187 3856 1264 3918 CXI*
1281 3858 1313 3919 11

164 3968 192 4024 p.
210 3948 283 4022 116,
303 3941 427 4029 aeoli).
474 3948 602 4010 Tumida
623 3952 721 4010 utitur
743 3968 876 4010 sermone
900 3950 985 4009 miles
1008 3969 1076 4009 cum
1094 3951 1216 4023 ancipiti
1233 3949 1313 4022 [erro
1420 3986 1424 3991 -

164 4037 238 4097 dicit
260 4055 314 4115 pro
337 4039 446 4097 scaci:
468 4039 540 4098 conl
559 4039 712 4100 Bentleius
736 4039 774 4099 66
797 4039 868 4100 Hor.
888 4039 907 4098 l.
926 4057 948 4099 a.
968 4057 990 4098 6.
1036 4038 1121 4109 Quod
1152 4039 1313 4115 sumpsisse

164 4125 285 4187 uidetur
307 4130 465 4187 exuetere
488 4128 617 4204 quodam
640 4131 730 4206 poeta
752 4129 831 4188 6666
848 4128 965 4188 Lucret.
984 4127 1028 4188 VI
1048 4128 1110 4188 168
1136 4122 1269 4188 ‘caedere
1287 4131 1314 4188 61

166 4230 254 4294 quem
285 4217 411 4294 ancipiti
443 4217 545 4278 uideas
577 4219 656 4278 ferro
687 4219 790 4296 procul
821 4217 936 4278 arboris
968 4213 1110 4278 auctum’.
1162 4216 1314 4279 Tabernas

166 4307 318 4381 effrinqerc
335 4310 426 4366 noctu
444 4306 559 4367 solebat
576 4308 656 4369 Nero
673 4301 856 4367 ludibundus>
872 4298 1008 4388 (Sueten.
1027 4306 1136 4367 Neron.
1157 4298 1228 4389 acl:
1247 4310 1314 4384 quis

166 4397 196 4454 in
223 4393 282 4455 boc
306 4395 382 4456 libro
412 4399 517 4456 auctor
544 4397 635 4457 inerit
662 4397 767 4457 domus
790 4394 1000 4474 effringendae,
1022 4415 1081 4456 nou
1105 4392 1202 4456 uideo.
1248 4396 1314 4458 Lib.

166 4484 295 4545 XXVIII
313 4505 341 4544 u.
358 4487 420 4546 776
440 4504 520 4563 seqq.
536 4493 627 4563 poeta
649 4507 680 4548 se
703 4489 801 4564 ipsum
826 4487 888 4546 tale
907 4486 979 4563 qiud
999 4505 1102 4547 ausum
1117 4504 1180 4546 6666
1194 4485 1316 4546 uidetur

220 4594 305 4636 Lucilli
319 4596 367 4639 rell.
382 4596 416 4636 ed
431 4595 513 4636 Nm.
542 4598 571 4637 n.
1069 4591 1101 4639 18
