3060 5010
570 378 645 433 XIX
664 397 691 432 u.
711 382 860 434 oea-ecs.
1236 375 1301 441 209

150 551 221 627 post
251 550 365 609 homini
393 550 535 611 excidisse
562 551 640 609 recte
669 551 777 609 statuit
802 548 1024 609 Lachmannusz
1053 547 1158 608 Horat.
1182 547 1302 624 epistI

154 643 209 715 11,
234 640 252 697 3
291 633 417 699 ‘maiora
453 642 607 699 minorans
641 635 733 698 fama'
767 638 861 697 Lucil.
888 637 938 697 lib.
963 637 1048 697 XXII
1075 658 1103 696 ιι.
1133 638 1206 696 582.
1257 637 1302 696 lix

151 730 259 787 lacteos
291 728 369 804 qnod
402 730 537 805 sequitur
568 728 766 806 supplendum
799 723 917 787 ‘aurum
947 730 993 788 uis
1020 722 1165 787 habereI’
1199 725 1302 786 eodem

153 817 240 876 modo
264 836 323 894 quo
346 818 454 879 Latine
477 819 586 879 dicItur
608 820 674 877 uolo
697 819 856 892 tepescis.
899 815 1006 892 Quare,
1029 820 1064 876 ut
1086 815 1220 890 dicimus,
1243 834 1303 876 nou

152 907 254 982 uideo,
287 907 359 983 quid
386 909 434 968 hic
461 911 491 967 in
520 909 640 967 homine
667 926 760 967 auaro
787 927 966 985 magnopere
994 909 1107 983 optem:
1138 909 1168 966 et
1195 925 1303 966 eurum

153 996 254 1057 sordet
281 999 311 1055 et
339 996 476 1057 dominus
499 999 574 1056 ami.
619 996 715 1056 Varro
739 1000 794 1057 sat.
814 996 943 1074 Menipp.
963 996 1063 1055 404ss
1094 991 1130 1056 ‘si
1155 997 1303 1072 qnantum

154 1105 261 1162 operae
284 1087 445 1162 sumpsisti,
468 1090 503 1147 ut
526 1090 595 1146 tuus
618 1087 715 1163 pistor
737 1086 849 1145 bonum
872 1087 983 1146 taceret
1005 1104 1121 1162 panem,
1145 1085 1208 1146 eius
1231 1084 1303 1144 duo·

153 1176 298 1235 decimam
330 1178 446 1252 partem
478 1176 685 1253 philosophiae
712 1175 856 1250 dedisses,
887 1178 951 1252 ipse
978 1173 1072 1235 bonus
1100 1177 1161 1234 iam
1187 1174 1304 1251 pridem

154 1283 232 1325 esses
263 1266 368 1325 factus.
423 1284 501 1325 nunc
532 1266 618 1324 illum
651 1266 702 1342 qui
734 1269 858 1340 norunt,
895 1267 1001 1324 uolunt
1032 1284 1128 1325 emere
1158 1259 1303 1323 “milibus

155 1349 309 1429 centum’',
332 1359 362 1413 te
386 1356 438 1431 qui
462 1354 547 1414 nouit
569 1374 656 1414 nemo
679 1350 845 1415 centussis'.
893 1353 1053 1431 Oomparat
1078 1354 1224 1414 Mercerus
1244 1352 1303 1412 (iic.

155 1444 191 1503 de
219 1444 266 1502 off.
290 1443 321 1502 H
347 1446 386 1502 71
422 1439 529 1514 ‘Quam
562 1444 599 1504 ob
631 1465 694 1503 rem
725 1444 831 1504 melius
864 1444 945 1520 apud
975 1443 1068 1504 bonos
1101 1463 1191 1520 quam
1224 1442 1305 1518 apud

155 1534 324 1592 fortunatos
352 1533 525 1593 beneficium
554 1535 693 1594 collocari
720 1536 802 1610 puto.
853 1532 960 1593 Danda
987 1535 1108 1594 omnino
1138 1535 1305 1610 operaest,

155 1628 189 1682 nt
212 1624 294 1681 omni
317 1623 418 1702 generi
441 1626 514 1684 satts
535 1624 634 1683 facere
652 1626 806 1700 possimus.
849 1622 907 1682 Sed
926 1625 952 1682 si
970 1641 1016 1683 res
1035 1625 1066 1682 iu
1085 1625 1306 1683 contentionem

156 1714 269 1786 ueniet,
296 1712 436 1771 nimirum
463 1713 676 1773 Themistocles
704 1716 750 1772 est
777 1715 883 1773 auctor
910 1712 1102 1773 adhibendus.
1154 1711 1210 1783 Qui
1238 1730 1306 1771 cnm

156 1802 372 1876 consuleretur,
399 1805 499 1862 utrum
527 1803 605 1862 bono
633 1804 698 1862 uiro
726 1804 851 1879 pauperi
879 1822 917 1862 an
944 1803 1044 1863 minus
1067 1801 1193 1879 probato
1217 1800 1306 1860 diuiti

122 1958 128 1968 .
156 1891 248 1950 filiam
280 1892 454 1951 collocaret:
487 1886 555 1970 ‘ego
587 1888 681 1967 uero’,
713 1893 826 1969 inquit,
850 1887 941 1952 ‘malo
973 1894 1071 1951 uisum
1100 1892 1152 1968 qui
1179 1893 1307 1968 pecunia

156 1983 251 2058 egeat,
270 1999 360 2057 quam
378 1982 535 2058 pecuniam
554 2001 630 2058 qnae
645 1976 731 2041 uiro’.
750 2014 794 2023 —
812 1983 990 2051 didicimus,
1010 1985 1044 2041 ut
1062 1981 1112 2041 lib.
1127 1981 1170 2040 IX
1188 2001 1216 2041 ιι.
1233 1983 1306 2040 353.

158 2074 193 2128 ut
215 2069 282 2128 dico
305 2069 376 2128 XIV
394 2090 422 2129 n.
442 2073 515 2130 470.

247 2151 331 2220 tol.
360 2159 476 2220 Nonius
504 2181 532 2237 p.
548 2161 626 2234 358,
647 2161 665 2218 2
691 2155 782 2220 ‘Olim
809 2162 952 2238 temporis
976 2162 1078 2220 futuri.
1104 2160 1306 2220 ..Lucilius

157 2250 326 2324 satyrarum
346 2248 396 2308 lit.
410 2249 528 2309 XVIIII
548 2243 614 2309 “sic
634 2296 640 2307 .
657 2297 662 2308 .
679 2297 685 2308 .
703 2251 773 2310 lace
791 2250 938 2311 delectare
956 2251 1037 2310 domi
1050 2270 1087 2310 ue
1102 2242 1142 2333 (tc
1155 2249 1308 2311 Leidensis

158 2339 256 2415 prima
286 2331 438 2419 manu)”.'
490 2339 556 2410 Qua
588 2358 623 2398 ex
656 2340 804 2416 scriptura
836 2341 923 2399 huius
953 2339 1062 2399 codicis
1090 2359 1149 2417 qua
1176 2341 1307 2417 reliquos

161 2445 262 2487 omnes
281 2428 378 2487 anteit
395 2428 447 2488 ille
465 2431 651 2505 praestantia
669 2429 756 2488 facile
776 2430 918 2489 cernitur:
942 2447 977 2489 oc
997 2448 1051 2505 pro
1070 2431 1140 2489 toec
1157 2428 1180 2487 I.
1196 2428 1307 2488 Dousa.

159 2517 293 2576 Adnotat
321 2515 465 2593 Oorpetus
495 2519 556 2577 iem
579 2519 728 2577 Decorum
752 2519 933 2578 intellexisse
956 2518 1116 2578 Horatium
1140 2537 1224 2578 serm.
1243 2518 1259 2576 I
1280 2521 1308 2592 1,

160 2608 202 2665 30
230 2605 340 2666 Lucilii
366 2606 443 2666 hunc
471 2608 568 2668 locum
597 2625 660 2666 esse
687 2609 841 2666 imitatum
870 2603 937 2667 ‘hac
964 2610 1063 2667 mente
1091 2605 1222 2666 laborem
1245 2625 1308 2666 sese

161 2694 245 2769 lerre,
264 2714 348 2755 senes
366 2699 401 2755 ut
419 2696 450 2755 in
474 2699 537 2757 otia
554 2700 622 2756 tnta
639 2696 788 2771 recedant,
806 2699 900 2772 aiunt,
923 2716 990 2756 cum
1009 2695 1066 2754 sibi
1085 2699 1146 2756 sint
1169 2700 1309 2774 congesta

160 2784 280 2844 cibaria.
331 2787 409 2844 sicut
431 2787 572 2861 paruola,
599 2804 669 2845 nam
692 2787 826 2863 exemplo
849 2790 902 2862 est,
925 2786 1028 2864 magni
1051 2786 1177 2845 formica
1198 2785 1310 2844 laboris

160 2892 210 2933 ore
233 2873 328 2933 trahit
351 2875 556 2952 quodcumque
574 2879 673 2951 potest
692 2880 782 2951 atque
804 2876 889 2935 addit
912 2894 1018 2936 aceruo
1042 2894 1128 2952 quem
1147 2876 1238 2934 struit
1258 2921 1263 2932 .
1280 2920 1308 2933 ..

162 2982 250 3040 quae,
277 2965 366 3023 simul
393 2966 547 3024 innersum
575 2966 733 3024 contristat
761 2965 910 3042 Aquarius
941 2985 1065 3039 annum,
1096 2983 1155 3024 non
1184 2982 1310 3039 usquam

162 3054 295 3130 prorepit
322 3055 352 3111 et
378 3053 440 3113 illis
470 3054 567 3113 utitur
589 3057 658 3114 ante
682 3055 825 3131 quaesitis
848 3057 967 3132 sapiens
990 3074 1057 3115 cum
1079 3056 1110 3113 te
1133 3072 1229 3131 neque
1252 3055 1309 3112 fer·

161 3142 248 3202 nidus
274 3145 372 3202 aestus
400 3143 557 3203 demoneat
584 3145 667 3203 lucro
695 3163 790 3220 neque
817 3145 925 3219 hiems,
952 3145 1043 3223 ignis,
1070 3163 1152 3203 mare
1176 3138 1310 3202 ferrum'.

162 3231 233 3292 Fab.
256 3232 363 3310 Aescp.
384 3235 447 3293 295
471 3233 570 3292 Halm.
589 3230 700 3314 θέρους
723 3231 784 3317 ὥρᾳ
814 3232 930 3313 μύρμηξ
958 3242 1126 3312 περιπατῶν
1153 3231 1225 3292 κατὰ
1255 3230 1310 3309 τὴν

161 3318 294 3402 ἄρουραν
319 3320 435 3403 πυροὺς
462 3320 512 3382 sci
539 3320 648 3403 κριθὰς
674 3320 840 3403 συνέλεγεν,
869 3319 1185 3403 ἀποθησαυριζόμενος
1215 3319 1310 3406 ἑαυτῷ

162 3409 278 3491 τροφὴν
310 3410 352 3484 εἰς
385 3411 438 3474 τὸν
471 3421 606 3492 χειμῶνα.
661 3413 800 3473 delectare
839 3412 948 3489 ubique
981 3432 1048 3472 cum
1079 3417 1105 3472 tc
1137 3413 1311 3490 pronomine

164 3500 295 3561 Lucilius
327 3502 441 3579 posuit:
472 3501 546 3562 Oete
579 3502 614 3562 de
647 3522 709 3580 agr.
729 3503 799 3562 cult.
820 3503 862 3563 30
895 3497 958 3561 ‘ubi
989 3502 1144 3562 sementim
1176 3503 1310 3562 fecturus

164 3592 231 3665 eris,
254 3589 297 3649 ibi
320 3610 390 3651 oues
413 3587 581 3652 delectato'.
606 3625 650 3634 -
672 3592 826 3652 Formicae
849 3594 1029 3651 mentionem
1054 3592 1148 3669 igitur
1170 3595 1240 3650 ante
1259 3591 1312 3650 hos

165 3698 212 3737 uu.
232 3697 294 3738 esse
317 3681 428 3740 factam
450 3683 493 3739 sic
515 3680 699 3742 demonstrat
717 3681 879 3758 particula:
902 3682 938 3741 de
961 3683 1030 3741 olim
1053 3681 1122 3740 uide
1143 3681 1181 3740 ad
1204 3679 1254 3739 lib.
1269 3678 1312 3737 IV

166 3768 283 3826 u.168.

256 3849 338 3918 563.
370 3858 486 3917 Nonius
523 3879 557 3918 ex
589 3861 785 3937 grammatIco
816 3881 844 3937 p.
871 3861 948 3935 176,
974 3859 1011 3919 11
1051 3855 1246 3936 ‘Singulatim
1283 3861 1314 3917 et

166 3946 342 4024 singillatim
361 3965 380 4005 a
397 3942 532 4024 singulis.
553 3994 603 4008 ...
623 3949 755 4009 Lucilius
773 3949 824 4008 lib.
839 3949 957 4008 XVIIII
976 3944 1043 4008 “sic
1063 3994 1090 4007 ..
1107 3943 1311 4007 ,mouetur''.'

167 4033 246 4094 (Ioni
270 4034 330 4095 Cic.
357 4036 595 4113 proFont.12,
621 4040 661 4097 2⁷
691 4033 780 4097 ‘Scit‘
794 4038 1030 4113 Indutiomarus,
1058 4036 1131 4113 qnid
1161 4038 1202 4095 sit
1231 4039 1314 4097 testi·

167 4126 298 4184 monium
326 4122 445 4184 dicere?
476 4129 612 4187 mouetur
639 4146 673 4186 eo
705 4127 825 4202 timore,
852 4146 911 4204 quo
939 4130 1073 4187 nostrum
1102 4128 1314 4203 unnsquisque,

167 4233 234 4274 cum
262 4216 293 4274 in
321 4234 388 4274 eum
415 4216 514 4275 locum
540 4215 702 4294 productus
725 4213 806 4276 estI'
853 4216 950 4276 Plant
970 4216 1050 4276 Trio.
1071 4217 1131 4275 881
1159 4211 1197 4277 ‘si
1219 4235 1314 4275 anum

168 4305 313 4381 quidquid
336 4304 515 4384 singillatim
538 4310 568 4366 et
590 4306 706 4382 placide
729 4302 960 4383 percontabere’.

259 4386 341 4456 564.
364 4394 481 4455 Nonius
509 4418 538 4474 p.
558 4397 632 4470 396,
654 4398 693 4456 19
728 4391 861 4455 ‘Sumere
894 4397 984 4455 etiam
1016 4395 1166 4475 significat
1197 4396 1314 4473 eligere.

243 4486 273 4543 et
305 4484 355 4544 lib.
374 4483 492 4544 XVIIII
525 4481 631 4545 “sume
729 4482 850 4546 unus’'.'
896 4486 985 4546 Vitae
1018 4488 1088 4546 ante
1119 4490 1204 4545 actae
1236 4484 1316 4544 diem

221 4593 307 4634 Lucilli
321 4594 370 4634 ralL
385 4595 419 4635 ed„
434 4595 515 4635 Ilm.
538 4596 568 4635 IL
1071 4591 1103 4640 14
