3000 5002
210 327 277 392 410
569 327 665 382 insert.
686 327 744 384 sed.
763 346 790 382 u.
811 327 995 382 ress-raes.

212 498 383 574 Numquam
417 498 496 557 enim
527 497 582 557 hoo
615 497 779 572 intulisset,
811 497 869 558 nisi
901 499 932 557 et
965 495 1058 558 Caelii
1086 501 1117 557 et
1143 496 1282 556 Numerii
1312 489 1372 578 (ita

212 593 285 647 11111
315 587 421 647 Dousa
448 605 482 646 ea
511 586 683 656 0111111111,
715 606 871 646 numerum
902 579 1130 667 Neapolitanas)
1166 606 1220 663 per
1256 587 1279 645 ii
1312 579 1372 668 (ito

211 676 330 746 Dousc,
366 676 377 735 i
413 666 659 758 Neapolita-nus),
700 676 788 736 huius
825 676 961 736 Numerii
1001 675 1169 736 faciendum
1211 672 1369 737 erederet’.

212 767 319 843 Itaque
342 786 377 826 ex
396 765 494 826 uerbis
512 766 701 845 grammatici
726 765 864 840 efficitur,
887 768 1008 843 poetam
1025 765 1134 826 dixisse
1152 783 1215 826 sese
1234 768 1369 827 numeris

212 859 243 916 et
261 857 437 917 necessitate
460 859 596 915 coactum
619 854 757 934 genetiuo
780 873 851 915 casu
875 856 1007 932 posuisse
1031 874 1138 915 nomen
1162 855 1261 930 amici,
1283 855 1368 932 quod

212 964 307 1022 neque
334 946 521 1006 nominatiuo
548 964 643 1022 neque
671 944 732 1004 alio
760 963 830 1004 casu
858 948 977 1021 praeter
1003 946 1176 1024 genetiuum
1199 945 1254 1004 aut
1275 963 1368 1005 uoca-

212 1036 309 1094 liuum
331 1036 364 1093 in
387 1053 475 1094 uersu
497 1036 630 1111 potuerit
651 1034 731 1110 poni.
777 1033 918 1094 Poteram
945 1034 1082 1111 equidem
1111 1033 1188 1093 illud
1211 1035 1310 1094 facere
1334 1035 1367 1094 in

212 1142 346 1184 sermone
365 1123 508 1201 pedestri:
527 1125 561 1183 at
579 1141 656 1183 nune
674 1122 813 1183 seruandi
829 1126 955 1199 numeri,
974 1127 1005 1184 et
1018 1140 1120 1184 uersus
1134 1123 1210 1183 tales
1224 1123 1367 1199 faciendi,

212 1233 265 1284 nos
290 1212 371 1273 Caeli
394 1213 519 1272 Numeri
551 1232 705 1271 nnmerum
738 1215 773 1271 ut
804 1230 955 1272 seruamus
985 1213 1171 1290 modumque.
1219 1211 1368 1273 Similiter

212 1304 362 1363 Ausonius
382 1303 420 1363 ad
438 1302 597 1361 Paulinum
616 1322 644 1379 p.
661 1302 724 1361 268
744 1301 863 1378 Peiperi
882 1296 1020 1362 ‘Paulino
1039 1302 1197 1364 Ausonius.
1234 1304 1366 1362 metrum

212 1394 253 1453 sic
276 1394 372 1452 suasit
395 1395 431 1451 ut
449 1409 526 1452 esses
544 1394 579 1451 tu
597 1393 679 1468 prior
698 1395 729 1452 et
750 1410 857 1451 nomen
880 1391 1106 1471 praegrederere
1128 1386 1238 1450 moum’
1258 1411 1282 1451 e.
1299 1412 1327 1468 q.
1343 1410 1365 1452 s.

212 1481 432 1542 Grammaticus
464 1482 516 1541 ille
550 1500 638 1557 quem
669 1483 787 1541 secutus
819 1483 865 1541 eat
897 1479 1050 1542 Charisius
1082 1481 1157 1541 falso
1191 1483 1222 1540 et
1253 1480 1367 1547 iniuria

211 1569 320 1631 Lucilii
357 1570 456 1630 uerbis
493 1569 623 1647 putabat
658 1570 736 1631 effici
773 1572 864 1630 etiam
898 1569 991 1630 Caelii
1022 1570 1159 1630 Numerii
1190 1569 1366 1649 genetiuum

213 1659 373 1719 seeundum
387 1662 494 1736 poetae
508 1660 678 1736 opinionem
695 1678 781 1736 posse
795 1659 859 1719 fieri
873 1662 961 1720 sicuti
976 1661 1053 1720 falsa
1066 1660 1195 1737 protulit
1207 1659 1260 1719 ille
1275 1679 1366 1736 quem

212 1751 357 1825 excerpsit
372 1747 564 1809 Cassiodorus
579 1746 635 1808 GL
649 1748 708 1807 VH
726 1767 754 1825 p.
771 1750 845 1824 206,
860 1749 940 1810 231<
959 1745 996 1809 ‘si
1014 1750 1098 1810 lucus
1117 1763 1242 1827 magnus
1256 1767 1365 1827 magus

211 1841 281 1898 sunt
301 1839 481 1898 nominatiui
504 1856 614 1912 eorum,
637 1858 729 1897 unum
752 1840 764 1897 i
786 1839 818 1897 in
841 1838 979 1918 genetiuo
997 1838 1149 1898 habebunt
1164 1839 1249 1898 ...si
1261 1839 1365 1898 autem

211 1925 320 1987 Lucius
343 1927 482 2006 Magnius
504 1927 622 2007 Magius
645 1927 844 2004 proferantur,
868 1927 928 1988 duo
952 1930 963 1986 i
985 1930 1017 1987 in
1040 1927 1179 2006 genetiuo
1201 1926 1365 2003 habebunt„

211 2015 297 2077 Lucii
320 2016 434 2095 Magnii
451 2016 553 2094 Magii,
573 2017 653 2092 quod
672 2018 769 2094 ipsum
788 2016 922 2078 Lucilius
940 2016 1099 2077 adnotauit
1117 2036 1183 2077 eum
1203 2035 1365 2076 enumero

211 2107 371 2166 Numerius
399 2101 597 2166 discerneret’.
644 2103 703 2175 Qui
728 2126 835 2183 parum
864 2108 1001 2167 accumte
1034 2126 1100 2166 eum
1128 2099 1216 2183 quem
1244 2108 1365 2167 secutus

212 2197 258 2255 est
286 2197 437 2256 auctorem
464 2197 648 2273 perspexisse
675 2195 826 2273 putandus
854 2198 906 2256 est.
957 2195 1094 2273 Denique
1122 2195 1231 2254 Lucilii
1258 2197 1363 2256 ineert.

211 2304 238 2343 u.
261 2287 346 2344 1310
370 2284 450 2362 apud
474 2282 586 2345 Charis.
606 2282 696 2343 GLI
718 2304 747 2361 p.
764 2287 814 2359 71,
836 2284 914 2345 1011
937 2285 989 2345 ubi
1012 2285 1048 2344 de
1071 2286 1210 2346 uocatiuo
1234 2283 1363 2344 uocabu-

211 2373 308 2434 lorum
330 2374 363 2433 in
385 2376 432 2434 1111
456 2374 629 2434 exeuntium
652 2375 752 2453 egitur
774 2375 820 2434 ita
843 2378 888 2434 est
911 2376 1114 2452 comparatus,
1137 2377 1172 2434 ut
1194 2374 1270 2433 nihil
1293 2373 1363 2433 inde

211 2465 306 2541 possit
323 2462 428 2523 deduci
447 2463 694 2524 ratiocinationis.
709 2496 753 2504 —-
767 2463 906 2524 seruandi
924 2457 1055 2544 numeri]
1074 2464 1130 2526 hoc
1148 2463 1213 2523 loco
1232 2465 1364 2540 primum

210 2552 390 2614 uocabulum
413 2571 553 2613 numerus
572 2554 700 2613 occurrit
718 2553 748 2611 in
768 2554 878 2613 litteris
900 2553 1030 2614 Latinis:
1053 2573 1124 2613 nam
1143 2552 1246 2613 Plauti
1266 2554 1364 2628 epita·

210 2643 314 2720 phium
346 2643 383 2702 de
415 2661 474 2719 quo
497 2643 624 2702 diximus
657 2642 695 2702 ad
723 2641 774 2701 lib.
789 2642 836 2702 HI
853 2646 959 2702 ulli
994 2644 1063 2720 post
1092 2641 1200 2703 Lucilii
1233 2644 1364 2702 aetatem

210 2731 330 2792 uidetur
353 2750 416 2792 esse
439 2731 604 2791 confictum.
650 2732 798 2793 Numerus
822 2731 900 2790 idem
924 2733 970 2791 est
993 2735 1083 2809 atque
1106 2728 1225 2811 μέτρον,
1256 2730 1363 2791 modus

210 2820 341 2902 ῥυθμόςε
361 2819 416 2879 GL
427 2820 471 2880 VI
484 2841 512 2897 p.
523 2822 596 2895 609,
609 2820 664 2879 7Κ
680 2817 846 2898 ‘rhythmos
866 2819 986 2896 Graece,
1005 2820 1109 2880 modus
1127 2821 1237 2881 dieitur
1254 2818 1364 2880 Latine

210 2931 237 2987 p.
259 2911 336 2986 610,
357 2912 398 2969 22
428 2904 534 2970 ‘metra
568 2909 691 2985 Graece,
726 2909 833 2971 Latine
863 2912 980 2970 numeri
1013 2905 1168 2971 uocantur’
1200 2909 1364 2986 eademque

209 3001 326 3060 ratione
354 2999 399 3061 his
427 3000 501 3060 artis
530 2999 683 3060 uocabulis
711 3000 808 3059 utitur
829 2999 973 3060 Horatius
997 3000 1113 3060 serml
1131 3001 1199 3075 4,7
1225 2995 1363 3059 ‘mutatis

210 3092 329 3148 tantum
356 3088 481 3167 pedibus
509 3084 708 3165 numerisqus'
735 3090 774 3148 56
801 3084 858 3149 ‘his
886 3108 941 3168 ego
969 3108 1047 3166 quae
1074 3107 1152 3149 nune
1184 3088 1255 3148 olim
1283 3107 1363 3164 quae

211 3179 332 3254 scripsit
344 3177 477 3238 Lucilius
496 3178 606 3256 eripias
621 3180 647 3238 si
662 3181 798 3256 tempora
811 3182 893 3238 certa
906 3173 1088 3254 modosque’.
1126 3178 1246 3237 Etenim
1259 3195 1364 3237 secun·

211 3267 281 3326 dum
310 3270 462 3328 uetustam
490 3287 566 3345 quae
598 3270 681 3329 extat
708 3265 764 3327 GL
782 3266 826 3327 VI
848 3288 876 3345 p.
894 3269 967 3342 610,
987 3270 1028 3327 23
1061 3267 1227 3328 doctrinam
1261 3261 1363 3327 ‘huius

210 3348 288 3438 (ie.
313 3348 443 3439 numeri)
476 3375 545 3433 pars
577 3358 696 3436 integra
727 3376 780 3434 pes
805 3404 810 3416 .
831 3404 836 3416 .
858 3404 864 3416 .
887 3356 1042 3418 modorum
1079 3357 1225 3417 elementa
1261 3358 1364 3433 spatia

210 3445 394 3522 syllabarum
428 3465 463 3505 ao
494 3443 650 3535 tempora'.
699 3446 784 3507 idem
820 3465 922 3506 uersus
959 3447 1056 3506 exitus
1092 3448 1194 3506 insert.
1218 3465 1246 3507 u.
1273 3446 1357 3505 1331

210 3535 314 3596 Horat.
329 3534 414 3611 epist.
429 3535 444 3594 I
461 3537 511 3611 18,
531 3538 571 3595 59
583 3530 743 3613 “quamuis
762 3538 805 3595 nil
826 3540 909 3596 extre
927 3555 1083 3595 numerum
1104 3536 1208 3597 fecisse
1227 3535 1361 3594 modum·

210 3644 267 3701 que
295 3619 391 3684 ouras’
416 3617 514 3705 (112,
535 3618 613 3705 144)
641 3626 771 3685 Martiel.
791 3625 817 3682 X
837 3627 931 3700 33,9
967 3619 1056 3684 ‘hunc
1088 3643 1208 3684 seruare
1239 3622 1363 3684 modum

210 3715 305 3774 nostri
336 3733 446 3774 nouere
473 3708 590 3774 libelli‘.
640 3712 688 3773 Ad
718 3713 853 3774 Caelium
884 3714 1022 3773 ultimam
1050 3713 1101 3773 lib.
1116 3713 1197 3772 XXX
1227 3715 1362 3776 saturam
1387 3775 1390 3779 ,

210 3805 301 3865 fuisse
333 3803 454 3863 missam
486 3805 605 3864 constat
631 3805 657 3863 si
683 3806 762 3864 recte
791 3825 818 3864 u.
840 3805 924 3865 1079
954 3804 1175 3865 constituimus:
1208 3802 1260 3862 ubi
1291 3802 1364 3865 uide

211 3913 287 3969 quae
310 3892 455 3953 adnotata
478 3895 555 3956 sunt.

302 3975 407 4043 1296.
426 3982 541 4043 Nonius
560 4004 588 4060 p.
605 3984 678 4057 371,
695 3984 735 4042 18
754 3976 930 4057 ‘Praestare
949 3981 1134 4042 antecellere.
1160 3981 1363 4042 ...Lucilius

209 4071 258 4131 lib.
276 4071 412 4130 XXVII
442 4067 491 4130 “si
522 4073 614 4144 socies
645 4074 781 4148 praestat
812 4064 869 4154 (sic
896 4071 984 4132 codd:
1016 4071 1119 4130 Iunius
1153 4073 1184 4131 et
1212 4070 1363 4132 Meroerus

210 4160 323 4219 addunt
358 4152 448 4241 facie)
486 4163 512 4220 si
544 4180 666 4237 corpore
698 4156 850 4240 corpus''.'
905 4161 1052 4220 Numeros
1085 4159 1249 4237 dactylicos
1281 4163 1364 4221 recte
1407 4206 1409 4208 ψ

210 4254 398 4326 agnoueruut
420 4249 557 4324 editores,
580 4249 657 4311 unde
681 4250 752 4330 libri
774 4269 929 4310 numerum
952 4251 1125 4325 corruptum
1146 4268 1209 4309 esse
1227 4250 1363 4309 statuen-
1387 4312 1406 4323 .-

209 4338 279 4397 dum
316 4340 381 4398 erit.
438 4339 557 4399 Etenim
594 4358 661 4399 cum
698 4339 876 4400 antecedant
912 4338 993 4416 apud
1024 4337 1155 4397 Nonium
1192 4356 1295 4398 uersus
1327 4358 1364 4399 ex

208 4427 293 4487 libris
312 4427 392 4489 XXX
413 4419 529 4511 (1089)
549 4427 663 4488 XXVII
682 4425 726 4508 (u.
743 4419 821 4511 719)
839 4429 938 4508 petiti,
957 4430 1119 4505 sequantur
1138 4427 1307 4508 fragmema
1326 4448 1363 4490 ex
