3060 5010
517 422 519 426 .
585 369 676 425 XXVI
692 388 719 427 u.
740 375 889 426 cca-60⁷.
1251 371 1317 437 225

168 538 324 598 Habueras
347 542 426 599 enim
449 543 483 599 tu
503 541 604 600 omnia
622 540 653 600 in
673 559 763 602 causa
780 541 950 618 superiora:
973 542 1045 616 uim,
1068 541 1179 619 fugam,
1201 539 1317 618 lapida-

167 631 288 704 tionem,
310 629 517 690 crudelitatem
539 630 732 690 tribuniciam
754 633 787 690 in
806 630 963 707 Caepionis
986 633 1073 708 graui
1096 631 1317 707 miserabilique

167 736 238 778 cssu
259 720 292 777 in
314 717 461 778 iudicium
483 716 623 780 uocsbas’
648 741 672 779 e.
688 740 715 796 q.
730 739 752 779 s.
799 716 843 779 ‘Si
873 721 905 779 hi
927 722 971 780 rei
994 739 1025 781 se
1048 722 1107 796 ipsi
1129 722 1317 796 miserantur,

167 808 237 866 uide
264 828 301 867 ne
332 809 453 868 illorum
481 810 500 868 i.
520 830 544 870 e.
572 813 778 870 accusatorum
806 827 897 870 cansa
924 809 1058 887 superior
1085 813 1116 869 et
1142 811 1208 869 loco
1239 809 1317 871 bono

168 897 267 957 locata
289 900 331 957 sit
354 894 433 976 (Ter.
448 899 504 958 Ad.
521 901 585 959 344
610 895 722 976 ‘peiore
744 917 791 959 res
813 900 879 959 loco
901 918 961 959 non
983 898 1063 977 potis
1082 902 1208 959 estesse
1227 918 1317 977 quarn

168 987 199 1046 in
228 1006 287 1064 quo
315 1006 393 1047 nnnc
421 988 480 1048 sita
503 981 589 1070 est'):
617 989 762 1064 namqui
786 990 1042 1049 commiseratione
1064 989 1176 1048 iudices
1199 1007 1318 1049 mouere

168 1096 199 1136 se
222 1076 352 1152 student,
374 1078 398 1135 ii
420 1081 605 1156 argumentis
628 1098 688 1139 non
711 1077 862 1139 confidunt
884 1078 936 1139 sed
955 1081 1122 1138 animorum
1140 1078 1317 1138 mobilitate.

258 1159 341 1227 605.
365 1166 480 1227 Nonius
503 1188 531 1244 p.
548 1169 622 1242 265,
642 1170 660 1228 3
686 1164 823 1247 ‘Cogere,
846 1169 878 1227 in
901 1188 994 1227 unum
1016 1168 1164 1247 colligere.
1188 1168 1316 1227 ..Lu-

170 1256 257 1314 cilius
280 1255 330 1314 lib.
345 1255 444 1316 XXVI
468 1252 582 1318 “rauco
681 1252 864 1318 cornibus’'.'
901 1257 1087 1337 Tragoedias
1110 1260 1318 1336 argumentum
1406 1317 1410 1326 ,

169 1347 290 1404 enarrat
316 1347 347 1404 et
375 1347 525 1406 examinat
552 1348 616 1408 eius
638 1346 815 1407 utilitatem:
842 1346 1137 1424 homoeoprophoron
1154 1347 1319 1407 notandum

170 1435 202 1493 in
234 1452 250 1493 c
282 1434 385 1494 littera
412 1435 451 1494 ad
486 1455 590 1497 uersus
621 1439 733 1497 exitum
764 1439 812 1496 ter
843 1437 1020 1497 uocabulum
1052 1437 1222 1513 incipiente.
1272 1436 1319 1494 Ad

169 1523 292 1583 Pacuuii
314 1523 474 1585 Armorum
500 1525 643 1585 iudicium
671 1529 805 1603 spectare
827 1526 936 1586 Lucilii
963 1525 1052 1586 crisin
1083 1525 1237 1602 probabile
1261 1529 1319 1585 est:

169 1613 376 1691 Agamemnon
395 1613 486 1674 edicit
505 1607 591 1697 (conf
609 1616 695 1676 Hom.
711 1616 737 1675 B
757 1609 814 1698 50)
833 1619 1000 1676 contionem
1019 1618 1129 1693 cogunt
1150 1633 1320 1693 praecones,

171 1722 232 1779 qua
264 1706 393 1764 certetur
424 1704 460 1765 de
492 1705 583 1765 armis
614 1705 749 1766 Achillis.
800 1703 887 1765 Ouid.
912 1708 1031 1765 metam.
1050 1706 1109 1764 XII
1129 1707 1191 1765 621
1227 1701 1257 1763 ‘a
1289 1724 1320 1766 se

170 1792 343 1853 Tantalides
371 1812 445 1853 onus
472 1795 677 1872 inuidiamque
705 1796 834 1856 remouit
860 1795 1075 1874 Argolicosque
1103 1794 1191 1854 duces
1213 1794 1319 1855 mediis
1376 1829 1378 1833 ν

169 1882 320 1942 considere
344 1883 449 1943 castris
472 1885 560 1944 iussit
583 1887 614 1945 et
636 1885 794 1945 arbitrium
816 1885 880 1945 litis
903 1884 1022 1945 traiecit
1044 1884 1075 1943 in
1099 1879 1211 1944 omnes'
1236 1877 1323 1966 (conf

165 1972 271 2032 quen.
285 1971 345 2030 VH
366 1974 427 2032 115
452 1966 563 2056 1184).
614 1975 727 2034 Morem
756 1975 923 2034 Romanum
952 1974 1084 2051 adplicat
1110 1977 1200 2051 poeta
1227 1974 1321 2033 aetati

170 2061 306 2121 Troicao:
329 2060 403 2121 Gell.
421 2062 478 2121 XV
497 2066 585 2138 27st
611 2060 738 2124 ‘curiata
759 2084 813 2141 per
834 2065 971 2124 lictorem
994 2065 1142 2123 curiatum
1165 2063 1266 2139 calari,
1288 2062 1320 2121 id

170 2154 216 2209 est
247 2153 418 2227 conuocari,
454 2154 622 2214 centuriata
658 2174 712 2232 per
743 2148 934 2215 cornicinem'
967 2153 1090 2230 Dionys.
1113 2153 1181 2212 Hal.
1205 2153 1320 2229 antiqu.

170 2239 204 2298 R.
223 2240 255 2298 ΙΙ
279 2241 352 2316 8,4
380 2238 424 2300 ὅτι
450 2239 521 2314 τοὺς
548 2239 602 2320 μὲν
628 2243 816 2322 πατρικίους,
844 2240 930 2303 ὁπότε
961 2241 1054 2314 δόξειε
1080 2246 1143 2314 τοῖς
1170 2243 1321 2321 βασιλεῦσι

169 2332 340 2409 συγκαλεῖν,
368 2329 399 2389 oi
423 2328 551 2410 κήρυκες
578 2329 607 2403 ἐξ
636 2328 781 2410 ὀνόματός
806 2353 836 2392 τε
862 2330 912 2391 καὶ
943 2330 1095 2410 πατρόθεν
1127 2328 1320 2411 ἀνηγόρευον,

169 2417 239 2490 τοὺς
263 2414 294 2478 δὲ
318 2418 497 2497 δημοτικοὺς
519 2417 660 2499 ὑπηρέται
684 2417 760 2493 τινὲς
782 2419 917 2501 ἀθρόους
939 2418 1039 2501 κέρασι
1062 2419 1172 2499 βοείοις
1190 2418 1320 2499 ἐμβυκα-

170 2515 279 2579 νῶντες
311 2505 359 2568 ἐπὶ
391 2506 442 2580 τὰς
473 2507 627 2597 ἐκπλησίος
655 2518 787 2590 συνῆγον
815 2510 948 2587 Propert.
972 2510 1016 2569 IV
1037 2513 1070 2584 1,
1096 2512 1135 2569 13
1165 2509 1261 2569 Varro
1284 2509 1321 2570 de

170 2597 460 2677 tinguimus.

260 2681 344 2748 606.
372 2687 487 2748 Nonius
515 2708 543 2764 p.
564 2690 642 2764 528,
667 2693 685 2749 9
711 2684 768 2748 ‘De
799 2707 853 2764 pro
886 2688 932 2747 ab.
986 2688 1120 2747 Lucilius
1152 2687 1203 2746 lib.
1222 2686 1322 2746 XXVI

172 2771 276 2835 “solus
306 2777 368 2835 iam
395 2779 457 2837 uim
485 2777 650 2837 declarasse
679 2777 833 2854 prohibuit
855 2772 1071 2837 uuloaniam”.’
1117 2777 1203 2836 illam
1226 2777 1321 2836 Luct-

170 2883 308 2935 mcmms,
326 2867 361 2924 dc
380 2867 471 2926 classe
489 2866 612 2926 Aldina:
632 2868 668 2927 de
684 2868 791 2927 mendo
810 2866 927 2926 librarii
941 2868 1012 2927 conf
1027 2867 1159 2945 prolegg.
1173 2887 1202 2942 p.
1218 2865 1320 2926 OXIV.

171 2955 251 3015 Laus
270 2955 402 3015 omnium
421 2958 548 3016 maxime
565 2957 692 3035 insignis
710 2957 861 3033 profertur
879 2975 970 3033 quam
984 2956 1061 3015 Aiax
1076 2956 1201 3032 adeptus
1215 2957 1321 3015 fuerit:

171 3045 258 3104 Hom.
281 3045 306 3104 0
326 3046 391 3104 674
409 3063 489 3121 seqq.
534 3046 571 3104 In
598 3047 693 3106 Iliade
720 3065 816 3122 parua
843 3050 874 3106 et
895 3045 992 3105 Vlixis
1015 3049 1046 3105 et
1068 3046 1169 3105 Aiacis
1192 3047 1321 3105 uirtutes

172 3137 203 3193 et
238 3134 346 3194 merita
382 3135 597 3195 enumerabant
632 3139 663 3195 et
698 3136 776 3195 inter
812 3154 843 3195 se
880 3136 1095 3213 comparabant
1130 3136 1321 3195 mulierculae

172 3223 315 3284 Troades:
330 3224 402 3284 conf
412 3225 518 3303 fragm.
535 3227 553 3283 2
568 3246 597 3302 p.
613 3227 653 3285 39
669 3225 787 3285 Kinlxel.
824 3225 912 3301 Apud
928 3224 1069 3285 Ouidium
1082 3227 1202 3285 metam.
1216 3225 1320 3283 xmo

173 3331 255 3390 seqq.
278 3312 356 3374 Aiax
383 3315 448 3391 ipse
475 3314 552 3374 bano
580 3334 664 3374 suam
692 3315 819 3393 gloriam
846 3317 947 3391 posuit
968 3316 1000 3373 in
1024 3314 1143 3374 exordio
1165 3315 1321 3375 orationis:

173 3397 315 3480 ‘agimus
337 3423 393 3481 pro
416 3400 580 3481 Iuppiterl’
613 3406 726 3481 inquit,
759 3400 840 3464 ‘ante
871 3408 951 3464 rates
984 3424 1118 3480 causam,
1150 3408 1180 3464 et
1206 3424 1320 3464 mecum

173 3493 324 3553 confertur
347 3492 470 3554 Vlixes?
493 3498 526 3555 at
547 3514 607 3554 non
630 3495 784 3554 Hectoreis
808 3493 961 3554 dubitauit
981 3494 1082 3555 cedere
1100 3494 1228 3553 fiammis
1248 3513 1321 3570 quas

174 3600 228 3660 ego
252 3582 390 3658 sustinui,
413 3602 487 3660 quas
509 3583 566 3644 hac
589 3603 607 3642 a
630 3584 723 3644 classe
742 3578 867 3663 fugaui'.
909 3582 1010 3653 Quint.
1029 3584 1057 3641 V
1077 3586 1150 3644 214.
1192 3584 1322 3643 Achiuos

173 3670 294 3730 uidetur
319 3672 459 3733 inducere
486 3677 575 3749 poeta
602 3676 832 3734 sermocinantes
860 3673 895 3733 de
924 3675 1081 3749 utriusque
1103 3675 1232 3733 meritis:
1255 3673 1326 3732 conf

173 3778 203 3818 u.
222 3765 402 3837 sequentem.

263 3843 347 3910 607.
375 3851 491 3911 Nonius
517 3872 545 3928 p.
562 3852 617 3926 96,
644 3854 662 3911 3
693 3848 908 3912 ‘Domutioncm
928 3852 1131 3912 ...Lucilius
1157 3850 1208 3909 lib.
1223 3849 1322 3909 XXVI

85 3951 88 3958 '
175 3933 374 3998 “domicianis
389 3986 395 3997 .
411 3985 417 3998 .
433 3988 438 3998 .
453 3960 528 4018 pene
541 3936 779 4000 inminuimus''.’
810 3941 936 4002 Versum
951 3943 1132 4019 tragicorum
1147 3941 1342 4018 fragmentis,

174 4028 280 4088 inserit
302 4029 481 4089 Ribbeckius
504 4032 684 4090 incertorum
704 4032 826 4091 incertis
850 4033 891 4090 27
916 4030 986 4090 edit.
1004 4029 1051 4088 ΙΠ
1068 4049 1098 4106 p.
1113 4032 1186 4090 276.
1227 4029 1322 4088 Voca-

175 4118 277 4177 bulum
305 4118 423 4178 dcmum
449 4122 500 4179 itio
528 4122 559 4178 et
585 4120 708 4180 Pacuuii
740 4123 786 4180 est
813 4113 908 4202 (173)
939 4123 971 4179 et
996 4118 1081 4178 Accii
1109 4111 1218 4201 (173):
1241 4121 1323 4178 extat

174 4211 329 4285 praeterea
351 4209 383 4267 in
406 4227 494 4268 uersu
518 4208 555 4268 ad
574 4209 643 4269 Her.
658 4210 705 4268 111
725 4213 776 4286 21,
796 4211 837 4269 34
861 4209 914 4268 nbi
938 4211 1111 4285 corruptum
1134 4212 1181 4269 est
1197 4209 1229 4268 in
1249 4208 1322 4268 codd

175 4299 266 4358 sicuti
288 4298 368 4375 apud
391 4298 522 4358 Nonium
546 4299 564 4357 l.
579 4317 602 4358 s.
616 4317 638 4358 s.
681 4298 774 4358 Cuius
801 4298 874 4359 codd
897 4300 929 4357 in
952 4298 1037 4358 Accii
1058 4317 1147 4360 uersu
1168 4320 1197 4376 p.
1214 4300 1321 4374 357‚9

175 4390 298 4465 propius
321 4388 360 4447 ad
383 4407 484 4448 ueram
507 4390 687 4466 scripturam
709 4389 862 4465 accedunt,
885 4406 952 4448 cum
969 4388 1101 4448 habeant
1118 4391 1324 4450 mothonem

175 4479 263 4537 menti
291 4478 380 4555 Apul.
404 4479 557 4538 metam.I
582 4481 599 4537 7
628 4481 700 4539 extr.
721 4478 752 4538 Π
776 4480 814 4538 31
842 4480 915 4538 extr.
934 4478 981 4538 Ill
1002 4480 1041 4538 19
1068 4482 1140 4538 extr.
1186 4479 1323 4557 Fulgent.

227 4586 315 4628 mauu
328 4588 378 4628 reu
393 4587 427 4628 aa
441 4589 524 4629 rom.
551 4589 581 4628 m
1077 4584 1110 4632 16
