3060 5010
237 349 299 414 122
695 349 733 403 IX
752 367 778 404 u.
799 355 947 405 319-320.

233 521 264 578 11
286 538 394 595 augur:
423 513 460 577 ‘is
483 537 542 578 non
565 519 762 594 conspicietur
785 539 851 579 cum
875 519 979 595 capide
997 537 1032 579 ac
1054 519 1139 592 lituo,
1163 520 1260 599 capite
1278 520 1379 580 uelato

233 608 388 668 uictimam
412 608 516 668 caedet
538 609 755 686 auguriumque
779 628 814 667 er
833 628 899 670 erce
917 606 1047 685 capiet?’
1071 609 1186 670 Nonius
1204 630 1232 686 p.
1248 611 1322 682 398,
1338 609 1378 668 26

235 693 285 755 ‘lt
305 697 420 756 Tullius
453 697 489 756 de
521 696 673 774 republica
701 697 751 757 lib.
771 698 827 756 VI:
861 694 1022 758 “Testatur
1053 691 1134 779 (add.
1153 698 1186 758 L.
1205 691 1378 775 Muellerus)

234 789 330 847 oratio
352 787 446 862 Laeli,
469 806 559 862 quam
582 806 683 846 omnes
705 788 847 848 habemus
874 789 905 847 in
933 788 1083 863 manibus,
1112 807 1200 864 quam
1228 789 1381 864 simpnuia

233 875 408 953 pontificum
436 876 482 936 dis
510 876 720 936 inmortalibus
747 880 836 954 grata
863 877 936 952 sint,
969 876 1161 953 Samiaeque,
1192 880 1237 938 uti
1269 875 1381 949 scribit,

234 960 441 1042 capudines’'.’
485 964 586 1027 Cicero
609 966 646 1025 de
669 969 730 1026 nat.
748 966 827 1026 deor.
846 966 892 1026 111
912 969 963 1041 17,
982 969 1024 1026 43
1050 962 1171 1027 ‘docebo
1189 966 1313 1027 meliora
1333 985 1380 1025 me

234 1054 370 1116 didicisse
393 1055 429 1114 de
453 1055 584 1115 colendis
607 1055 652 1116 dis
675 1055 884 1116 inmortalibus
904 1056 967 1115 iure
986 1056 1139 1133 pontificio
1157 1060 1188 1116 et
1211 1075 1292 1116 more
1317 1075 1379 1116 ma·

234 1145 330 1205 iorum
354 1144 563 1221 capedunculis
586 1145 637 1220 iis,
665 1163 739 1221 quas
763 1145 861 1205 Numa
884 1144 969 1205 nobis
992 1145 1127 1221 reliquit,
1154 1144 1321 1222 dequibus
1349 1144 1379 1203 in

233 1234 288 1294 illa
307 1234 429 1294 aureola
447 1234 637 1295 oratiuncula
657 1234 731 1295 dicit
748 1234 879 1309 Laelius,
897 1254 987 1312 quam
1005 1235 1171 1295 rationibus
1190 1229 1379 1295 Stoicorum’.

234 1323 348 1383 Eodem
375 1322 463 1384 modo
492 1343 551 1400 quo
574 1323 708 1384 Lucilius
735 1323 787 1384 sed
815 1324 931 1384 diuerso
960 1324 1063 1384 ordine
1089 1326 1169 1384 inter
1195 1323 1310 1384 Numae
1336 1323 1381 1383 in·

234 1413 342 1473 stituta
370 1413 475 1474 Liuius
494 1412 509 1471 Ι
529 1416 571 1474 20
604 1417 757 1473 enumerat
785 1414 902 1472 Dialem
934 1412 1083 1473 flaminem
1115 1413 1246 1491 uirgines
1271 1413 1380 1473 Vestae

235 1502 332 1564 Salios
354 1502 532 1579 pontificem.
574 1502 680 1579 Itaque
703 1505 821 1563 etiamsi
844 1522 863 1562 a
885 1521 973 1563 uersu
999 1503 1134 1579 sequenti
1157 1494 1253 1585 (320)
1276 1502 1381 1563 diuelli

234 1595 364 1667 nequeat
383 1611 485 1652 uersus
503 1592 551 1651 hic
565 1592 675 1652 Lucilii
694 1611 754 1668 qno
773 1592 809 1650 de
825 1591 974 1653 Saliorum
992 1592 1139 1653 institutis
1153 1595 1256 1668 aperte
1270 1593 1380 1670 agitur,

233 1684 335 1740 tamen
358 1682 457 1759 apices
481 1684 512 1741 11
534 1681 655 1757 capides
683 1682 720 1741 ad
745 1679 841 1742 Salios
869 1681 1017 1758 pertinere
1045 1681 1199 1758 probabile
1226 1681 1293 1741 ideo
1321 1700 1380 1740 non

234 1773 288 1844 est,
307 1770 386 1846 quod
404 1770 525 1849 cepides
543 1771 663 1847 proprie
681 1789 756 1831 uasa
774 1770 925 1831 Saliorum
943 1771 1034 1831 fuisse
1052 1771 1250 1831 demonstrari
1268 1771 1379 1847 nequit.

233 1859 312 1918 Nam
340 1860 455 1937 glossas
484 1858 558 1919 OGL
577 1859 620 1919 IV
639 1881 668 1937 p.
689 1861 783 1934 28,2
819 1855 954 1921 ‘cardena
981 1878 1055 1921 nasa
1082 1861 1192 1929 fretiua
1220 1854 1380 1920 Saliorum'

234 1969 262 2025 p.
282 1950 356 2024 215,
376 1950 419 2010 20
444 1944 562 2009 ‘candes
585 1968 659 2009 uasa
681 1945 798 2009 fictilia’
822 1949 867 2009 ita
887 1948 1037 2010 emendari
1056 1949 1162 2010 debere
1181 1952 1216 2008 ut
1233 1949 1382 2009 scribatur

234 2039 352 2112 cupidos
375 2042 488 2098 certum
511 2058 571 2099 non
594 2042 640 2098 est
662 2059 757 2116 neque
786 2041 945 2116 quicquam
972 2039 1090 2118 proficit
1117 2040 1223 2099 horum
1249 2038 1381 2099 locorum

234 2128 442 2204 interpretatio
465 2127 599 2189 adhibito
618 2129 683 2189 loco
703 2128 762 2189 (lic.
781 2129 886 2190 Parad.
907 2129 921 2187 Ι
942 2134 978 2189 11
1007 2125 1117 2199 ‘cuiae
1139 2148 1158 2189 a
1177 2128 1276 2188 Numa
1294 2128 1380 2188 Pom·

234 2216 307 2292 pilio
325 2219 461 2278 minusne
480 2220 582 2296 gratas
601 2218 646 2278 dis
665 2218 885 2278 immortalibus
904 2218 1063 2296 capudines
1082 2236 1118 2278 ac
1134 2218 1241 2277 fictiles
1257 2217 1381 2277 urnulas

234 2305 324 2364 luisse
352 2325 441 2382 quam
470 2306 606 2367 felicatas
634 2307 760 2367 aliorum
784 2301 948 2388 (Saliorum
972 2298 1127 2389 Baiteus)
1154 2310 1275 2383 pateras
1303 2306 1380 2366 arbi-

234 2391 379 2454 tramurl’
404 2396 512 2472 Apiees
536 2397 614 2455 enim
637 2396 728 2457 etiam
752 2397 827 2456 Salii
848 2397 1007 2475 gestabant
1025 2400 1100 2457 teste
1119 2396 1264 2473 Dionysio
1283 2395 1379 2455 Helie.

235 2484 381 2544 archaeol.
400 2485 430 2543 11
452 2488 502 2561 70,
521 2489 539 2546 2
565 2489 617 2562 qui
640 2487 676 2545 de
700 2486 790 2546 Saliis
813 2483 863 2545 acl
880 2483 932 2559 τὰς
949 2481 1132 2564 καλουμένας
1150 2482 1257 2558 ἀπίκας
1276 2481 1380 2544 1111111-

235 2595 318 2651 μενοι
349 2578 412 2648 cuiq
444 2578 600 2651 κεφαλαῖς,
635 2576 740 2648 πίλους
775 2573 914 2652 ὑψηλοὺς
950 2573 992 2647 εἰς
1028 2583 1125 2655 σχῆμα
1160 2571 1382 2654 συναγομένους

234 2660 399 2742 κωνοειδές,
421 2660 457 2737 ἃς
471 2659 615 2743 Ἕλληνες
638 2663 890 2745 προσαγορεύουσι
912 2664 1075 2744 κυρβασίας
1093 2657 1219 2746 (Babelo
1243 2664 1380 2741 descript.

234 2753 286 2812 des
308 2754 452 2813 11ο111.(1.
471 2754 490 2813 1.
509 2748 570 2831 rip.
589 2754 673 2814 Rom.
692 2754 723 2812 Π
740 2774 768 2832 p.
791 2747 877 2836 138).

325 2834 407 2903 320.
431 2843 537 2904 Festus
559 2863 587 2920 p.
608 2846 681 2917 270,
702 2845 743 2903 34
777 2839 994 2903 ‘Redantruare
1025 2843 1134 2904 dicitur
1165 2843 1196 2900 in
1230 2842 1379 2902 Saliorum

234 2932 477 3006 exultationibus,
500 2952 568 2992 cum
590 2933 709 3009 praesul
733 2935 926 3010 arnpiruauit,
948 2932 1028 3010 quod
1046 2937 1092 2993 est
1109 2935 1207 2992 motus
1226 2931 1329 3007 edidit,
1352 2934 1380 2990 ei

235 3022 403 3080 referuntur
430 3021 558 3081 inuicem
585 3021 664 3081 idem
691 3025 797 3083 motus.
844 3022 975 3082 Lucilius
1005 3018 1147 3098 “praesul
1175 3024 1209 3081 ut
1235 3023 1381 3095 1111111111

234 3111 302 3169 inde
332 3110 441 3187 uulgus
472 3111 668 3185 redamplcuit
703 3115 740 3170 11.
797 3110 945 3172 Pacuuius
978 3104 1108 3193 (10411)
1142 3106 1381 3187 “ρ1011111111(11

236 3193 308 3277 (pro
325 3191 477 3281 aurenca)
501 3200 609 3278 gratia
633 3198 728 3259 Simul
748 3219 814 3259 cum
833 3200 953 3261 uideam
974 3200 1081 3262 Graios
1099 3199 1174 3259 nihil
1193 3198 1381 3259 mediocriter

235 3287 470 3363 Redemptruare
498 3289 663 3365 opibusque
696 3289 819 3350 summis
846 3285 1029 3367 peraequi”.'
1080 3290 1194 3350 Nonius
1220 3309 1256 3348 ex
1283 3306 1381 3366 gram·

234 3378 344 3437 matico
367 3397 394 3453 p.
416 3377 548 3452 165,17
575 3373 808 3455 ‘Rodandruara
831 3379 936 3440 redire.
981 3378 1113 3440 Lucilius
1136 3378 1187 3439 lib.
1207 3377 1296 3437 v1111
1322 3373 1382 3436 “ut

234 3466 342 3543 uulgus
365 3467 543 3527 redondruet
565 3464 667 3526 inde''.
704 3468 853 3529 Pacuuius
875 3469 986 3544 Chryse
1006 3465 1158 3530 “Graecos
1176 3468 1252 3528 nihil
1271 3466 1381 3528 medio-

234 3555 324 3614 criter
350 3552 606 3615 Redandruare''.’
654 3555 729 3617 cot
749 3558 779 3616 ΙΙ
797 3579 825 3635 p.
846 3560 898 3633 21,
917 3561 960 3619 20
990 3554 1143 3618 ‘antruare
1174 3555 1380 3636 1111111111

234 3665 262 3721 p.
283 3646 356 3718 440,
377 3645 416 3703 22
448 3639 614 3705 “antruare
644 3665 703 3706 non
735 3643 828 3706 dare'’
849 3648 950 3723 1117,
971 3649 1012 3708 38
1047 3643 1218 3707 “11111111ο
1249 3643 1381 3725 ἀνδρίζ-

234 3728 353 3793 σθαι”.’
401 3733 670 3795 Grammaticorum
698 3755 793 3815 nugas
821 3739 873 3814 qui
899 3736 935 3796 de
962 3733 1071 3816 ἀνδρός
1096 3739 1127 3796 11
1153 3734 1299 3813 σπήλαιον
1317 3734 1336 3794 i.
1356 3752 1380 3794 e.

234 3825 354 3884 antrum
381 3824 536 3885 uocabulis
564 3827 745 3886 somniantes
773 3845 854 3886 uana
880 3826 1019 3885 uocabuli
1047 3825 1162 3885 obscuri
1192 3825 1381 3903 protulerunt

234 3913 498 3990 interpretamenta
525 3933 579 3974 nos
602 3934 662 3975 non
685 3915 861 3976 curabimus
908 3915 951 3975 At
979 3917 1040 3974 iam
1068 3914 1179 3975 liberae
1206 3913 1278 3990 reip.
1307 3917 1380 3975 tem·

233 4003 354 4079 poribus
378 4003 457 4079 apud
475 4003 626 4064 Lucilium
649 4007 680 4064 et
703 4009 848 4079 (amptruet
869 4006 1067 4078 redamptrcct
1084 4007 1115 4064 et
1133 4004 1258 4063 andraet
1277 4005 1381 4064 111111-

233 4093 318 4152 druet
348 4093 505 4153 lectionem
532 4095 666 4155 extitisse
695 4094 764 4154 inde
795 4094 935 4168 efficitur,
968 4093 1046 4169 quod
1079 4092 1160 4169 apud
1187 4092 1318 4152 Paulum
1348 4094 1380 4151 in

233 4181 315 4241 Festi
338 4184 470 4258 epitoma
492 4186 619 4259 utraque
641 4183 714 4244 item
737 4185 889 4243 inuenitur
911 4182 1012 4242 lectio:
1035 4182 1087 4241 nbi
1111 4182 1222 4260 legitur
1245 4202 1272 4258 p.
1294 4184 1376 4253 9,11

235 4265 394 4330 ‘andruare
416 4272 447 4330 id
471 4276 516 4332 est
538 4291 687 4334 recurrere
711 4272 860 4332 aGraeco
882 4271 973 4331 uerbo
992 4268 1173 4351 ἀναδραμεῖν
1191 4273 1288 4344 uenit3
1312 4271 1381 4330 binc

233 4362 264 4416 et
287 4358 361 4418 drua
376 4364 493 4422 uocata
518 4365 571 4422 est.
618 4367 756 4422 antroare
785 4363 898 4439 gratias
925 4360 1042 4420 referre.
1084 4362 1189 4420 truant
1215 4363 1380 4420 mouentur.

233 4451 332 4511 traam
365 4468 482 4529 quoqne
515 4455 626 4511 uocant
657 4470 716 4531 quo
748 4451 924 4531 permoneat
955 4453 1116 4529 coquentes
1149 4444 1237 4511 eata'.
1291 4449 1381 4510 Recte
