3060 5010
582 365 673 421 XXVI
690 385 718 422 u.
740 372 888 423 eii-eis.
1247 366 1311 432 237

164 539 255 599 solita
277 539 330 613 sit,
353 556 413 596 nen
435 536 523 596 uideo
546 536 626 596 tradi
650 536 896 613 ascriptoribus:
924 536 1044 596 uidetur
1066 539 1156 614 poeta
1180 535 1313 613 publica·

163 647 271 687 norum
294 626 440 687 eiusmodi
463 627 617 703 aspernari
643 626 696 686 illo
724 644 813 686 uersu
840 627 1027 702 societatem,
1056 628 1108 703 qui
1133 625 1314 686 redemerint
1373 694 1375 697 .

164 737 182 777 a
210 717 378 777 censoribus
406 715 546 777 arborum
574 719 708 775 ueterum
736 719 767 776 et
793 717 918 776 fulmine
945 718 1094 777 tectarum
1122 715 1313 792 extirpandos

163 809 195 866 iii
218 808 293 867 lucis
316 808 444 883 stipites.

253 887 337 957 645.
361 896 476 955 Nonius
499 915 527 972 p.
548 896 604 970 38,
624 896 665 954 28
695 890 851 971 ‘Expirare
875 941 881 953 .
906 941 911 953 .
938 940 943 952 .
967 894 1047 954 idem
1069 894 1169 953 XXVI
1197 889 1256 953 “nt
1287 896 1313 955 si

164 987 293 1044 eluuiem
313 1031 364 1044 ...
384 1002 489 1044 curare
513 983 650 1043 omnibns
670 1031 720 1043 ...
740 986 857 1060 expiret
882 979 975 1043 uis”.’
1021 983 1105 1043 Idem
1127 1004 1156 1061 p.
1177 985 1251 1059 103,
1271 986 1311 1044 32

166 1071 321 1143 ‘Electram
343 1076 561 1152 purgationem.
594 1073 726 1133 Lucilius
744 1073 794 1132 lib.
813 1073 912 1133 XXVI
934 1068 991 1132 “et
1008 1074 1127 1133 eleuiem
1145 1074 1242 1133 facere
1260 1093 1314 1150 per

163 1168 282 1223 uectum
304 1159 425 1223 uelis”.'
473 1162 552 1222 Oura
575 1166 633 1238 est,
660 1184 698 1223 ue
721 1165 835 1239 expiret
857 1167 963 1222 uenter
985 1163 1113 1222 eluuiem
1140 1183 1155 1222 e
1183 1163 1313 1222 distento

78 1283 80 1287 ·
164 1272 286 1329 corpore
309 1272 363 1329 per
386 1271 487 1312 omnes
510 1255 590 1312 uias:
613 1254 658 1311 ita
681 1270 730 1312 ore
752 1254 843 1312 sulcen
871 1255 1017 1328 eapiroue't
1041 1254 1313 1312 incert.u.1244:

164 1346 305 1416 expirans
323 1345 455 1402 enimam
468 1331 659 1416 premonitus
677 1343 766 1401 aliter
783 1341 1048 1418 interpretabimur
1065 1341 1115 1401 lib.
1135 1342 1182 1400 ΠΙ
1195 1362 1222 1400 u.
1241 1344 1312 1402 106.
1382 1369 1386 1380 ·

163 1433 253 1491 Recte
287 1431 495 1492 Lachmaunus
527 1449 600 1491 curo
631 1449 681 1506 ne,
712 1433 732 1490 i.
756 1451 780 1491 e.
809 1451 880 1491 cura
912 1434 958 1490 est
989 1451 1039 1506 ne,
1076 1432 1164 1491 sicuti
1199 1433 1313 1491 Ennius

164 1521 262 1580 annal.
281 1521 297 1580 Ι
316 1520 396 1581 83V
421 1517 568 1581 ‘omnibus
591 1539 662 1580 cura
686 1522 759 1581 uiris
782 1524 849 1581 uter
867 1524 944 1581 esset
961 1516 1177 1597 induperator’.
1210 1519 1315 1580 Vtitur

164 1611 309 1671 uocabulo
341 1612 450 1670 cluniae
482 1611 574 1670 simili
605 1612 721 1670 ratione
749 1610 849 1669 Aurel.
869 1609 947 1669 Vict
967 1612 1037 1687 epit.
1058 1611 1160 1669 sexu.
1193 1612 1246 1686 qui
1277 1610 1314 1670 de

163 1700 343 1776 Vespasiani
366 1700 449 1760 obitu
474 1696 590 1759 ‘deinde
610 1701 723 1760 uentris
743 1700 840 1760 eluuie
858 1702 962 1774 fessus,
984 1703 1015 1759 et
1033 1718 1190 1778 assurgens
1208 1694 1313 1759 “stan-

164 1785 248 1849 tem’'
274 1791 318 1849 ait
342 1784 576 1866 “imperatorem
599 1788 737 1849 excedere
759 1792 847 1849 terris
871 1783 999 1849 deoet”.'
1032 1788 1128 1847 Addit
1150 1791 1239 1866 poeta
1261 1807 1314 1863 per

164 1883 293 1938 scetem
312 1880 382 1955 quia
402 1880 492 1939 etiam
510 1898 564 1956 per
583 1897 615 1938 os
634 1881 700 1954 quis
719 1879 849 1938 eluuiem
866 1880 971 1938 faciat:
990 1879 1129 1938 similiter
1148 1879 1183 1937 de
1198 1880 1314 1937 uomitu

166 1967 240 2028 (lato
259 1969 295 2026 de
314 1988 376 2045 agr.
396 1969 466 2028 cult.
486 1987 550 2045 cap.
572 1969 645 2043 156,
665 1970 683 2026 2
705 1964 818 2028 ‘aluum
837 1969 862 2028 si
881 1969 963 2029 uoles
982 1969 1095 2028 deicere
1113 1964 1314 2043 superierem',

165 2063 269 2118 contm
293 2053 407 2116 ‘alnum
429 2053 553 2117 deicere’
574 2076 637 2135 cap.
659 2059 732 2132 158,
753 2061 780 2116 1.
801 2061 828 2116 2.
848 2090 892 2099 -
911 2059 1045 2117 comites
1063 2059 1124 2117 cite
1141 2078 1196 2134 per
1213 2076 1314 2135 super·

165 2147 309 2207 lationem
331 2149 462 2223 pesitum
485 2166 540 2222 pre
563 2149 690 2222 utraque
713 2148 777 2206 uia:
804 2149 873 2206 uiae
896 2150 967 2207 sunt
993 2143 1089 2225 ὀχετοί
1109 2147 1314 2224 Xenophontis

164 2236 252 2296 Mem.
271 2236 286 2294 Ι
306 2239 335 2311 4,
356 2238 383 2296 6.
439 2235 596 2296 Sententia
626 2254 685 2295 non
718 2238 852 2313 perfecta
884 2240 943 2296 est:
979 2236 1115 2296 additum
1152 2237 1212 2296 fere
1249 2241 1314 2297 erat

167 2322 354 2402 ‘priusquam
377 2325 414 2385 ad
438 2326 552 2385 dolium
574 2326 731 2401 peruenias
756 2329 809 2385 aut
831 2322 957 2385 sellam':
982 2344 1052 2385 nain
1075 2327 1254 2385 uestimenta
1277 2346 1314 2385 ne

166 2416 230 2475 luto
254 2416 400 2492 inquines,
423 2434 495 2475 eura
517 2417 563 2473 est
585 2417 617 2474 et
639 2415 806 2474 anxietudo.
844 2414 929 2484 Quod
950 2414 1030 2474 idem
1048 2417 1075 2474 si
1093 2433 1185 2492 puero
1203 2418 1316 2474 infanti

166 2505 284 2578 accidit,
306 2507 402 2564 risum
425 2504 472 2562 illi
494 2507 595 2563 mouet
618 2507 649 2563 et
671 2505 857 2579 cachinnum,
880 2523 939 2563 uon
962 2504 1114 2580 pudorem.

255 2586 340 2655 647.
364 2594 479 2654 Nonius
497 2613 526 2669 p,
548 2595 621 2668 103,
641 2595 681 2653 29
703 2589 826 2669 ‘Eleuit
849 2593 1020 2653 maculauit.
1054 2593 1187 2653 Lucilius
1203 2593 1253 2652 lib.
1270 2594 1317 2653 VI

167 2679 217 2743 “si
239 2683 288 2743 hic
311 2685 490 2743 uestimenta
513 2683 605 2742 eleuit
626 2683 692 2742 luto
714 2682 752 2741 ab
776 2702 810 2742 eo
837 2684 931 2742 risum
959 2701 1102 2761 inagnum
1129 2684 1170 2744 od
1197 2683 1314 2742 chaciu·

167 2793 237 2831 uum
256 2772 417 2849 inprudens
436 2767 577 2832 subicit’'.
601 2772 745 2842 Eleatem,
762 2773 980 2850 pmgationem.
999 2771 1132 2831 Lucilius
1150 2771 1200 2831 lib.
1217 2771 1314 2830 XXVI

168 2858 228 2921 “ut
250 2862 375 2921 eleuiem
398 2862 495 2921 facere
518 2881 572 2939 per
593 2865 717 2921 uentum
740 2856 860 2920 uelis'’.'
902 2861 1007 2921 Altero
1030 2862 1086 2921 hoe
1109 2862 1174 2921 loco
1198 2863 1315 2921 eleuiem

168 2951 244 3011 falso
268 2952 398 3029 positum
422 2969 484 3011 esse
507 2969 526 3010 a
549 2950 671 3010 librario
694 2953 747 3027 qui
770 2952 862 3009 fuerit
879 2951 934 3010 illa
951 2952 1036 3010 eleait
1054 2952 1150 3010 forma
1168 2950 1315 3026 seductus,

167 3041 255 3099 facile
279 3043 412 3117 apparet.
459 3040 543 3099 Vnde
567 3041 651 3099 eleuet
675 3040 854 3100 seruandum
882 3041 939 3099 erit
967 3042 1133 3116 antiquitus
1160 3040 1315 3117 traditum,

168 3130 326 3190 deductum
359 3129 396 3188 ab
429 3130 566 3190 elinende
600 3130 679 3206 quod
711 3131 836 3190 uerbum
868 3130 942 3189 alibi
972 3149 1032 3189 non
1059 3131 1179 3189 uidetur
1206 3132 1314 3190 entare.

168 3220 288 3279 eleuiem
310 3219 478 3279 Muellerus.
502 3252 546 3262 —
568 3217 616 3278 Ab
640 3236 672 3279 so
693 3223 729 3278 ut
750 3216 809 3279 ἀπὸ
833 3212 862 3278 d'
889 3217 981 3280 αὐτοῦ
1004 3219 1090 3278 Hom.
1117 3220 1143 3279 Θ
1167 3220 1209 3279 54
1237 3220 1315 3296 posi·

167 3313 232 3369 tum
259 3327 314 3386 pro
341 3310 424 3369 inde:
455 3311 499 3368 ita
531 3307 656 3369 Ouidius
687 3309 768 3369 soliis
799 3310 837 3368 ol>
867 3310 912 3368 liis
939 3312 1058 3369 metam.
1077 3309 1121 3368 IV
1141 3311 1203 3370 329
1238 3306 1316 3370 ‘nais

168 3398 206 3458 ab
229 3398 276 3458 hir
301 3394 408 3458 tacuit’
431 3399 561 3458 111273
585 3398 660 3457 VIII
679 3400 752 3458 611.
800 3397 880 3457 Ouia.
900 3398 927 3455 V
948 3401 976 3474 2,
997 3400 1015 3456 5
1045 3394 1126 3476 ‘post
1152 3400 1206 3458 hos
1229 3399 1315 3458 Anii-

169 3506 277 3565 genus,
311 3491 342 3547 et
373 3488 411 3548 ab
443 3507 478 3548 eo
511 3488 670 3564 Lyncestes
697 3487 845 3565 Amyntas
877 3484 956 3547 fuit’.
1002 3490 1061 3557 liic,
1097 3509 1172 3565 puer
1202 3489 1316 3548 infans:

168 3577 234 3638 luto
261 3577 371 3637 elinere
403 3581 595 3652 uestimenta,
626 3577 766 3655 μολύνειν
795 3575 830 3637 τὰ
861 3576 961 3656 ἱμάτια
992 3577 1114 3655 Apocal.
1138 3578 1201 3638 Ioli.
1220 3578 1267 3636 ΙΠ
1286 3581 1315 3636 4.

169 3666 315 3726 Numeros
342 3685 446 3727 uersus
474 3666 595 3727 secundi
623 3667 778 3727 emendare
806 3687 866 3727 noii
893 3667 1004 3744 poteris
1031 3669 1090 3727 nisi
1117 3686 1153 3727 ea
1181 3686 1241 3743 qua
1269 3670 1317 3727 usi

170 3759 240 3815 sunt
266 3756 325 3814 uiri
357 3755 437 3816 docti
468 3759 708 3832 transpositione.
760 3756 818 3815 Sed
849 3758 941 3816 etiam
972 3759 1002 3815 in
1036 3775 1125 3817 uersu
1156 3757 1254 3833 priore
1286 3760 1317 3815 et

170 3844 306 3922 legitima
333 3844 519 3905 desideratur
545 3863 667 3905 caesura
696 3848 728 3904 et
758 3846 927 3923 epitheton,
958 3864 1017 3923 quo
1050 3847 1137 3922 quale
1169 3847 1210 3904 sit
1240 3845 1316 3904 illud

171 3934 281 4007 lutum,
309 3939 446 3993 accurate
472 3935 628 3994 indicetur.
673 3952 709 3994 ac
733 3937 919 4004 carliacum,
947 3938 983 3994 ut
1011 3953 1046 3994 ao
1073 3954 1178 3994 cenum
1204 3935 1255 3994 lib.
1273 3935 1316 3994 [X

171 4042 199 4081 u.
220 4024 292 4081 329.

261 4103 345 4171 649.
368 4110 484 4171 Nonius
503 4132 531 4190 p.
551 4113 603 4188 38,
623 4114 664 4172 23
689 4108 814 4173 ‘Idiotas
837 4131 856 4171 e
880 4112 992 4173 Graeco
1019 4116 1163 4186 tractum,
1191 4114 1318 4191 inutilis,

172 4200 256 4278 quasi
285 4200 344 4261 sibi
375 4203 494 4260 tantum
527 4220 586 4261 uon
617 4201 754 4279 plurimis
787 4197 940 4283 (pluritas
966 4195 1187 4285 Lachmannus)
1213 4192 1318 4264 utiles.

172 4291 304 4351 Lucilius
328 4290 378 4350 lib.
397 4290 496 4349 XXVI
529 4286 625 4367 “qnid
653 4293 736 4350 ni..
757 4287 939 4352 .diceres”.’
990 4292 1161 4353 inliteratos
1193 4293 1318 4372 Ligures

173 4381 379 4457 appellauerat
407 4379 481 4440 Cato
509 4381 581 4459 orig.
600 4381 632 4440 Π
649 4402 678 4458 p.
699 4384 728 4456 9,
754 4381 896 4458 lOIcrd3
923 4383 995 4457 qaid
1020 4385 1053 4442 ni
1080 4384 1129 4444 hic
1156 4403 1222 4444 cum
1249 4403 1318 4444 coii-

172 4471 307 4530 iunctiuo
334 4473 380 4530 est
406 4473 538 4547 positum
565 4473 600 4530 ut
626 4490 713 4547 saepe
741 4474 772 4530 et
799 4471 926 4531 similem
954 4474 1201 4551 significationem
1229 4474 1320 4533 liabet
