3000 5002
524 373 620 427 incert.
640 373 698 427 sed.
717 391 744 427 n.
767 379 951 428 rrae-1300.
1249 376 1316 440 413

165 541 278 602 similia
313 561 366 619 per
401 543 616 619 parhomoeon‚
659 541 809 602 ablatiuua
847 542 1001 604 absolutus
1038 547 1122 605 esino
1159 546 1318 605 comedente

166 631 469 709 durior.Hieronymi
492 651 553 693 essa
576 630 704 707 uidetur,
727 632 779 691 sed
800 633 946 692 comedere
968 638 1047 694 recte
1070 638 1115 693 est
1137 635 1268 712 positum
1287 636 1317 693 in

166 720 292 780 historia
315 720 352 780 de
375 723 458 782 asino
477 720 550 781 ficus
568 721 739 781 comedente
758 741 846 798 quom
866 721 965 781 ridens
984 722 1118 788 Philemo
1138 725 1318 800 erpiranisse

166 811 276 869 dieitur
299 829 346 887 ap.
365 809 433 870 Val.
452 811 529 871 Max.
548 810 591 869 IX
612 813 652 869 12
672 815 729 870 ext.
755 812 782 870 6.
824 811 938 889 Turpia
961 812 1045 873 labra
1072 815 1149 873 asini
1172 819 1318 873 memorat

165 899 299 978 Xenoph.
320 899 442 960 Conuiu.
462 899 491 975 V
511 902 528 959 7
554 897 604 969 διὰ
627 894 658 959 δὲ
681 898 713 959 τὸ
736 897 830 979 παχέα
852 897 928 980 ἔχειν
950 899 985 961 τὰ
1008 901 1087 981 χείλη
1111 901 1167 963 οὖν
1190 902 1245 963 οἴει
1268 900 1318 962 καὶ

166 987 372 1068 μαλακώτερόν
400 1007 455 1050 σου
482 986 558 1069 ἔχειν
584 987 617 1049 τὸ
645 987 774 1067 φίλημα;
805 987 896 1068 ἔοικα,
919 989 990 1069 ἔφη,
1011 989 1068 1072 ἐγὼ
1092 991 1164 1052 κατὰ
1188 991 1240 1052 τὸν
1263 991 1316 1052 σὸν

167 1078 256 1159 λόγον
287 1075 338 1138 aet
369 1086 429 1139 τῶν
461 1075 540 1138 ὄνων
571 1077 686 1158 αἴσχιον
714 1076 747 1138 τὸ
777 1078 870 1157 στόμα
901 1076 985 1159 ἔχειν.
1036 1081 1135 1158 Turpe
1167 1101 1200 1141 os
1224 1082 1318 1160 igitur

165 1167 274 1227 habere
302 1170 404 1244 turpia
433 1168 515 1228 olera
543 1168 646 1243 qualia
673 1172 743 1228 sunt
771 1168 874 1228 cardui
900 1170 927 1229 si
955 1170 1055 1232 asinus
1083 1170 1208 1230 carduos
1231 1175 1318 1231 cenat

166 1256 241 1316 dicit
263 1258 469 1333 prouerbium:
492 1258 558 1334 ipsa
582 1258 663 1317 olera
686 1257 748 1317 olla
769 1257 844 1337 legit
867 1257 975 1327 catull.
996 1261 1048 1335 94,
1067 1263 1095 1319 2.
1140 1259 1318 1330 ‚Ablatiuum

165 1349 249 1405 caino
268 1347 394 1406 carduos
412 1349 572 1406 comedente
586 1350 676 1425 negat
691 1346 729 1405 ad
743 1347 934 1422 prouerbium
950 1350 1098 1424 pertinere
1113 1346 1184 1408 Otto
1198 1350 1235 1409 de
1248 1369 1317 1427 pro·

165 1435 277 1508 uerbiia
295 1456 323 1512 p.
339 1435 373 1494 ll.
388 1455 410 1496 s.
425 1456 452 1494 u.
472 1435 589 1496 labrum
607 1456 636 1512 p.
653 1437 716 1495 182
736 1436 791 1496 hoc
809 1435 897 1497 modo
916 1440 969 1514 qui
987 1441 1088 1499 uertat
1102 1434 1168 1498 ‘Ala
1185 1441 1233 1498 ein
1248 1440 1317 1500 Esel

164 1524 283 1584 Disteln
306 1523 383 1599 irad,
405 1529 491 1604 sagte
510 1524 633 1602 jemand
657 1520 810 1585 “similem
832 1525 944 1588 babent
971 1526 1057 1587 labra
1080 1523 1251 1588 lactuosm’'
1275 1529 1318 1588 sic

164 1633 272 1690 passen
309 1614 502 1691 zueinauder,
539 1615 676 1675 wornber
710 1613 763 1674 der
799 1619 882 1676 const
917 1618 1024 1676 immcr
1060 1621 1158 1677 ernste
1195 1616 1317 1678 Crassus

165 1703 271 1764 lachen
294 1703 405 1779 mutto,
429 1703 482 1764 das
505 1705 620 1782 einnige
643 1703 705 1763 Mal
726 1705 758 1763 in
776 1705 887 1765 seiuem
906 1701 1026 1766 Leben’.
1067 1707 1110 1766 At
1132 1708 1244 1768 corruit
1262 1708 1318 1767 hac

164 1795 281 1863 ratione
304 1792 432 1870 probata
454 1796 604 1854 structura
620 1792 779 1854 uerborum
797 1795 828 1853 in
839 1794 1024 1871 ‘Hieronymi
1041 1797 1189 1856 sententia
1207 1799 1239 1856 in
1258 1816 1317 1872 qua

164 1881 314 1952 claudicat
328 1882 479 1942 ablatiuus
497 1882 552 1942 hoc
570 1882 658 1942 modo
672 1885 699 1942 si
712 1884 977 1961 interpretabimur
992 1887 1037 1945 ita
1050 1904 1188 1961 peruerse
1202 1889 1316 1963 positus

169 1977 202 2031 ut
221 1971 293 2031 ferri
311 1975 432 2032 omnino
451 1975 587 2052 nequeat.
627 1973 706 2032 Nam
725 1972 817 2032 uerba
829 1973 885 2032 illa
903 1969 1075 2034 ‘secuudum
1094 1974 1168 2034 illud
1187 1971 1316 2052 quoque'

166 2054 398 2143 (prouerbimn),
421 2081 498 2138 quae
521 2062 602 2122 dicta
624 2066 695 2123 sunt
717 2064 751 2122 ut
774 2065 863 2123 antea
888 2058 984 2123 ‘iuxta
1005 2064 1111 2123 tritum
1131 2065 1235 2141 populi
1258 2083 1317 2124 scr-

164 2168 251 2208 mone
283 2145 485 2226 prouerbium’
519 2154 657 2227 sequitur
688 2153 817 2227 primum
853 2155 1042 2214 enuntiatum
1073 2155 1234 2213 relatiuum
1267 2146 1318 2235 (do

164 2255 221 2312 quo
244 2257 268 2297 e.
284 2257 311 2314 q.
326 2232 373 2319 s),
396 2239 502 2299 deiude
525 2239 675 2317 prouerbii
696 2240 800 2300 uerba:
824 2261 843 2301 a
866 2241 974 2317 quibus
993 2242 1144 2303 ablaticus
1163 2243 1317 2303 absolutus

164 2330 190 2386 si
208 2326 376 2403 diuelletur,
395 2329 516 2388 omuino
535 2348 594 2387 uon
612 2328 735 2389 habebit
753 2348 813 2406 quo
830 2331 986 2406 pertineat.
1028 2332 1130 2391 Monet
1148 2333 1317 2392 Vollmerus

164 2414 241 2475 idem
267 2420 367 2476 extare
390 2416 583 2493 prouerbium
602 2418 681 2493 apud
699 2418 867 2497 Eugenium
885 2419 1063 2479 Toletanum
1082 2439 1171 2481 carm.
1192 2423 1233 2481 89
1253 2422 1317 2481 eius

122 2534 125 2540 ·
165 2524 257 2581 quam
279 2510 441 2583 praeperat
463 2507 603 2566 editionis
623 2503 761 2568 ‘carduus
785 2510 816 2567 et
842 2509 929 2583 spina
958 2527 1025 2568 cnm
1047 2513 1166 2586 pastum
1193 2511 1318 2586 praebet

165 2594 257 2653 asello
284 2595 403 2655 lactuca
430 2595 522 2654 labris
550 2615 672 2672 compar
700 2593 755 2657 est’
788 2591 913 2677 (Mignei
937 2598 1045 2674 patrol.
1065 2597 1130 2658 Lat.
1150 2599 1317 2658 LXXXVII

164 2685 195 2742 11
214 2703 304 2744 erm.
325 2687 367 2744 eo
390 2705 419 2761 p.
436 2677 523 2767 see).

256 2766 362 2834 1300.
386 2772 488 2835 Cicero
516 2774 553 2835 de
580 2774 628 2834 fin.
648 2775 715 2834 bon.
735 2780 765 2836 ct
787 2777 856 2836 mal.
871 2776 899 2834 V
919 2778 974 2852 30,
996 2778 1036 2836 92
1062 2772 1115 2836 ‘At
1143 2777 1198 2837 boc
1227 2778 1257 2836 iu
1281 2798 1316 2837 eo

164 2863 202 2921 M.
219 2862 333 2939 (lraaso,
362 2883 450 2940 quem
477 2864 569 2924 semel
596 2866 641 2925 cit
666 2867 699 2924 in
721 2867 787 2925 uita
809 2866 909 2926 risisse
930 2865 1073 2942 Lucilius,
1097 2885 1156 2926 non
1180 2867 1317 2945 contigit,

165 2957 199 3011 ut
222 2971 258 3012 ea
280 2972 313 3012 re
335 2955 436 3012 minus
458 2954 618 3032 agelastus,
640 2956 676 3014 ut
698 2956 743 3014 ait
764 2954 852 3029 idem,
875 2950 1054 3016 uocaretur’.
1095 2955 1178 3015 Idem
1197 2956 1315 3016 Tuscul.

164 3041 273 3118 disput
292 3042 340 3102 111
360 3045 410 3118 15,
430 3044 469 3103 31
496 3038 570 3103 ‘Neo
593 3061 664 3103 uero
691 3063 728 3105 ea
749 3045 831 3105 frons
854 3048 932 3119 erat,
955 3064 1032 3121 quac
1056 3045 1094 3104 M.
1111 3044 1211 3105 Crassi
1233 3036 1329 3105 illiue*

163 3132 283 3205 ueteris,
306 3151 393 3208 quem
418 3133 510 3192 semel
533 3134 577 3192 ait
599 3134 630 3191 in
654 3133 735 3193 omni
758 3133 824 3193 uita
848 3135 948 3194 risisse
971 3130 1124 3194 Lucilius’.
1170 3135 1315 3196 Asconius

164 3221 257 3283 falsus
275 3222 307 3280 in
327 3224 472 3282 actionem
491 3222 507 3280 I
524 3221 557 3281 iu
571 3221 695 3282 Verrem
714 3226 733 3282 b
753 3243 781 3299 p.
803 3225 865 3282 128
886 3222 976 3283 Orell.
1000 3218 1144 3283 “‘Scmel
1163 3225 1209 3284 ait
1231 3244 1261 3286 so
1284 3227 1315 3284 in

164 3311 229 3370 uita
252 3306 474 3387 pertimuisso''.
520 3312 565 3370 Ex
593 3312 696 3373 codem
719 3331 807 3373 sensu
830 3316 888 3388 cst,
916 3313 995 3390 quod
1018 3315 1110 3374 semel
1132 3314 1164 3372 iu
1187 3315 1252 3374 uita
1274 3317 1315 3374 ri·

163 3401 235 3460 sisse
255 3400 393 3460 Crassum
412 3401 516 3461 scribit
534 3400 676 3462 Lucilius.
713 3402 790 3463 unde
805 3401 955 3482 Vergilius
975 3403 1048 3461 mihi
1066 3402 1188 3464 uidetur
1206 3404 1315 3464 dixisse

164 3482 342 3569 (AeaVIII
361 3482 441 3572 222)
465 3485 552 3550 “tum
581 3492 711 3566 primum
739 3493 833 3552 nostri
857 3490 967 3552 Cacum
990 3493 1091 3552 uidere
1113 3488 1314 3553 timentem”.'

165 3577 272 3638 Confer
297 3578 558 3639 arrowasien
579 3584 611 3655 1,
637 3582 655 3640 6
680 3581 776 3641 Αιιιιιι.
799 3581 929 3642 Marcell.
945 3582 1044 3642 XXVI
1060 3584 1088 3657 9,
1105 3585 1143 3642 11
1182 3582 1314 3660 Apollin.

165 3666 225 3726 Sid.
249 3687 338 3728 carm.
362 3668 461 3727 XXIV
482 3670 522 3729 13
555 3669 727 3747 Hieronym.
747 3690 791 3748 ep.
812 3671 850 3731 ad
877 3671 1058 3732 Demetriad.
1076 3671 1092 3730 Ι
1115 3692 1143 3748 p.
1164 3671 1315 3732 ecelin.

164 3755 347 3831 aduRufin.
367 3749 473 3839 (130)
501 3758 532 3817 11
555 3779 583 3834 p.
604 3761 667 3819 486
702 3753 789 3840 (uide
817 3762 1016 3839 fragmentum
1051 3760 1131 3836 quod
1167 3761 1317 3820 antecedit

166 3838 275 3923 1292).
321 3846 436 3906 Plinius
465 3847 691 3907 ncehuevss
712 3852 752 3909 79
776 3843 876 3931 (Soliu
898 3842 990 3928 172)
1021 3843 1144 3909 ‘Ferunt
1176 3847 1315 3911 Crassum

164 3951 254 3992 auum
278 3931 377 3994 Crassi
403 3938 435 3993 in
463 3935 582 3997 Parthis
609 3939 781 4015 interempti
809 3958 972 4015 numquam
995 3939 1109 4012 risisse,
1132 3939 1170 3999 ob
1192 3938 1223 3997 id
1247 3958 1314 4018 age

163 4023 275 4081 lactum
306 4020 458 4083 uocatum'
492 4025 603 4085 Fronto
636 4026 674 4086 ad
702 4026 946 4087 manuninum
973 4048 1002 4105 p.
1026 4028 1132 4087 151N
1163 4022 1217 4086 ‘Vt
1243 4029 1315 4088 olim

164 4110 287 4172 Crassus
310 4112 405 4173 tristis
428 4114 521 4173 risum
544 4111 668 4174 oderat'.
710 4115 800 4176 Pater
817 4117 969 4176 triumuiri
988 4118 1090 4177 consul
1113 4118 1174 4176 fuit
1196 4118 1314 4197 cclcc?

163 4199 196 4259 P.
210 4201 343 4262 Licinius
370 4202 409 4261 M.
425 4204 445 4262 f.
470 4202 591 4264 &maus
619 4204 726 4279 Diues,
754 4223 827 4265 auus
853 4206 950 4282 igitur
976 4205 1015 4265 M.
1030 4203 1162 4266 Licinius
1190 4205 1315 4268 Crassus

163 4309 252 4350 senex
279 4294 345 4351 erat
371 4291 480 4353 Lucilii
507 4297 615 4354 aetate.
664 4292 709 4352 De
737 4294 886 4354 Phocione
913 4288 1091 4374 [Plutarch]
1124 4296 1314 4374 apopthegm.

163 4399 223 4460 reg.
242 4384 274 4439 et
295 4382 366 4458 imp.
386 4402 414 4459 p.
432 4383 529 4442 1871l
551 4375 600 4442 ὑπ’
621 4380 744 4456 οὐδενὸς
762 4379 828 4443 οὔτε
846 4386 939 4463 γελῶν
958 4381 1052 4461 dipem
1075 4381 1141 4445 οὔτε
1166 4384 1314 4466 δακρύων,

167 4470 296 4546 Aleiphr.
320 4470 367 4530 III
390 4473 432 4531 64
461 4464 517 4555 (28
543 4464 709 4550 Sehcpers.)
746 4471 955 4549 philosophum
992 4473 1126 4549 appellat
1166 4471 1315 4554 αὐστηρὸν
