3060 5010
226 359 292 432 194
712 357 775 420 XVI
793 383 821 421 u.
841 364 900 419 ors.

222 538 321 596 neutri
343 535 475 596 Lucilius
498 535 548 594 lib.
570 535 674 594 XVII
694 527 780 617 (XVI
798 536 853 595 ala
875 527 962 614 codd)
989 529 1088 611 “lcyat
1115 535 1199 594 uxori
1228 532 1370 595 mundum

224 645 311 687 omne
333 620 546 704 penumque'’.'
593 626 628 684 In
652 625 722 684 libri
745 644 867 685 numero
890 624 962 683 XVI
984 627 1064 685 recte
1092 623 1219 685 editores
1243 623 1373 685 Gellium

224 717 318 777 secuti
341 718 420 791 sunt,
443 734 511 774 cum
533 717 565 774 in
588 714 681 774 Nonii
703 714 789 774 libris
807 714 894 773 XVII
917 717 1073 792 corruptus
1096 715 1137 774 sit
1158 716 1280 792 propter
1298 716 1374 789 ἱεραὶ

224 805 311 865 uerbi
328 807 402 865 item
421 807 554 882 corrupti
567 804 696 882 primam
715 805 861 864 litteram:
880 803 960 880 quod
978 804 1070 863 Nonii
1088 803 1162 864 codd
1182 797 1274 863 FH¹E
1293 809 1372 864 recte
1490 845 1504 866 2

225 896 369 972 praebent
387 895 466 970 XVI,
490 894 535 970 id,
563 913 745 971 quamquam
771 913 838 953 cum
862 891 959 952 Gellio
986 895 1039 953 isti
1066 894 1267 968 consentiunt,
1294 913 1374 953 noua

223 986 337 1045 factum
369 1003 432 1044 esse
460 984 589 1043 arbitror
621 983 791 1061 corruptela
822 985 922 1059 potius
955 1002 1045 1059 quam
1077 982 1221 1042 librorum
1252 984 1372 1043 illorum

222 1075 415 1152 praestantia.
452 1074 488 1132 Iu
511 1093 599 1133 uersu
623 1073 717 1132 altero
736 1091 754 1131 a
773 1071 871 1132 Gellio
890 1073 983 1132 allato
1004 1077 1120 1132 ueteres
1138 1071 1227 1132 Gellii
1246 1073 1373 1133 editores

222 1165 347 1223 meliora
374 1163 513 1222 exhibent
547 1183 637 1239 quam
669 1165 813 1222 recentes:
845 1162 906 1222 fere
938 1165 1017 1221 recte
1050 1164 1128 1221 enim
1161 1162 1207 1220 illi
1238 1163 1374 1222 inserunt

223 1257 308 1328 atquc
325 1271 438 1328 prmum
461 1272 537 1328 quae
565 1251 727 1311 exciderint
751 1255 821 1329 post
846 1252 989 1311 mumdum
1009 1271 1126 1329 -ego
1148 1269 1244 1326 pmus
1272 1253 1372 1330 aptius

223 1361 285 1402 esse
313 1343 505 1402 arbitror-
524 1362 619 1418 neque
646 1345 747 1401 tamen
775 1361 810 1401 ea
838 1341 938 1400 omitti
966 1343 1097 1419 potuisse
1129 1340 1237 1417 prioris
1268 1360 1371 1402 uersus

223 1432 334 1492 clamat
362 1434 466 1492 exitus.
518 1430 575 1502 Qui
602 1431 681 1507 quod
711 1431 789 1508 apud
818 1430 947 1490 Gellium
976 1431 1047 1490 talis
1078 1430 1190 1509 legitur
1217 1425 1372 1489 ‘mundum

222 1540 308 1580 omne
328 1526 417 1597 atque
436 1515 626 1599 penumque',
644 1520 733 1579 facile
751 1524 898 1598 purgatur
915 1520 1006 1579 Nonii
1025 1539 1123 1596 opera.
1156 1517 1268 1579 Tamen
1286 1525 1372 1594 alpurc

223 1611 303 1687 quod
326 1612 381 1670 hac
403 1612 519 1670 ratione
543 1609 719 1684 extruditur,
742 1611 794 1685 qui
818 1612 921 1669 natum
945 1610 1044 1684 fuerit,
1067 1629 1155 1687 aegre
1177 1610 1371 1687 intellegitur,

221 1701 334 1758 nisiex
353 1701 447 1759 altero
466 1719 554 1760 uersu
572 1700 725 1775 irrepsisse
744 1701 897 1759 statueris:
922 1699 1000 1774 quod
1022 1700 1080 1757 nisi
1098 1699 1370 1776 probabilissimum

222 1792 308 1865 esset,
333 1790 539 1866 suppleremus
563 1783 646 1865 ‘quid
669 1783 804 1869 <pertusi
832 1783 925 1868 quid>
947 1784 1123 1847 mundum?
1143 1810 1167 1848 e.
1187 1808 1214 1864 q.
1235 1807 1256 1848 s.
1304 1787 1369 1848 Ola-

221 1878 369 1938 rissimam
399 1879 676 1939 iurisconsultomm
708 1879 754 1938 his
781 1899 831 1938 uu.
858 1879 961 1956 tetigit
987 1878 1120 1937 Lucilius
1152 1880 1371 1954 quaestionem:

221 1967 333 2027 similes
377 1971 565 2044 quaestiones
606 1971 754 2027 tractarat
790 1967 854 2027 Sex.
880 1967 983 2028 Aelius
1010 1967 1101 2027 Catus
1130 1961 1294 2046 cosbbdf
1298 1969 1370 2042 198,

221 2057 252 2114 P.
277 2056 409 2116 Rutilius
441 2059 536 2116 Rufus
568 2077 625 2117 cos.
660 2053 821 2137 649s105,
859 2057 893 2129 Q.
916 2058 1032 2117 Mucius
1060 2056 1204 2115 Scaeuola
1233 2057 1370 2116 Pontifex

220 2164 277 2205 cos.
295 2141 421 2226 cosses
442 2149 562 2207 auctore
580 2146 676 2207 Gellio
691 2147 734 2205 IV
754 2151 782 2223 1,
802 2149 844 2207 20
864 2143 1033 2207 ‘Praeterea
1051 2146 1087 2205 de
1106 2167 1183 2224 penu
1203 2146 1370 2205 adscriben-

220 2236 291 2294 dum
315 2236 370 2295 hoc
394 2237 485 2295 etiam
513 2237 633 2315 putaui,
661 2236 798 2296 Seruium
822 2236 987 2312 Sulpicium
1015 2239 1046 2295 iu
1074 2237 1260 2313 reprehensis
1283 2235 1369 2296 Scae·

220 2326 308 2384 uolae
331 2325 480 2402 capitibus
504 2327 655 2403 scripsisse
680 2325 754 2385 Cato
777 2325 863 2386 Aelio
890 2327 1039 2403 placuisse
1062 2345 1121 2385 non
1145 2344 1221 2401 quae
1250 2326 1310 2385 esui
1340 2331 1370 2385 et

220 2416 304 2493 potui
328 2416 439 2490 forent,
467 2415 518 2475 sed
541 2418 590 2475 tus
614 2435 731 2492 quoque
754 2418 785 2474 et
806 2434 904 2476 cereos
928 2417 957 2473 in
982 2435 1061 2492 penu
1084 2434 1160 2490 esse,
1189 2413 1267 2490 quod
1292 2420 1370 2474 esset

219 2505 281 2565 cius
304 2506 397 2564 ferme
420 2507 463 2564 rei
486 2523 575 2565 cansa
598 2500 814 2582 comparatum'
839 2504 907 2582 Dig.
926 2504 1056 2563 XXXIII
1075 2507 1104 2579 9,
1124 2506 1153 2579 3,
1173 2506 1192 2563 9
1213 2500 1321 2582 ‘Ligna
1339 2508 1370 2564 et

219 2594 360 2654 carbones
384 2598 549 2671 ceteraque,
576 2614 630 2672 per
653 2614 728 2670 quae
751 2612 844 2671 penus
868 2594 1068 2672 conficeretur,
1091 2612 1130 2652 an
1148 2597 1254 2667 penori
1276 2594 1369 2668 lcpato

219 2685 440 2759 contineantur,
469 2684 623 2760 quaeritur
649 2687 680 2743 et
703 2682 735 2754 Q.
750 2684 866 2743 Mucius
894 2686 924 2743 et
947 2683 1052 2743 Ofilius
1080 2685 1279 2761 negauerunt:
1307 2703 1366 2742 nou

218 2775 315 2851 magis
339 2793 428 2849 quam
452 2774 561 2848 molae,
588 2774 741 2850 inquiunt,
769 2773 965 2833 continentur.
998 2773 1077 2832 idem
1101 2775 1131 2830 et
1153 2776 1201 2831 tus
1227 2775 1258 2831 et
1285 2791 1367 2832 ceras

218 2865 363 2922 contineri
386 2866 578 2942 negauerunt.
616 2863 667 2922 sed
685 2863 817 2923 Rutilius
840 2867 871 2922 et
888 2864 972 2941 ligna
990 2866 1021 2922 et
1039 2862 1189 2937 carbones,
1213 2881 1289 2938 quae
1308 2881 1367 2921 non

217 2951 368 3011 uendendi
390 2971 480 3012 causa
499 2956 606 3029 parata
625 2956 702 3029 sunt,
726 2953 870 3012 contineri
889 2955 941 3012 ait.
975 2953 1039 3012 Sex.
1059 2956 1158 3011 autem
1177 2946 1200 3030 †
1220 2950 1367 3012 Caecilius

218 3033 337 3121 (Aelius
359 3047 432 3101 recte
450 3034 636 3124 Momnsics)
660 3043 751 3101 etiam
773 3046 823 3101 tus
846 3046 877 3101 et
899 3061 997 3102 cereos
1016 3045 1047 3100 in
1067 3041 1261 3101 domesticum
1280 3060 1365 3100 usum

216 3135 338 3206 paratos
362 3132 508 3190 contineri
531 3132 630 3209 legato
654 3127 777 3191 scribit'.
815 3131 862 3190 Ad
886 3133 993 3191 Rutilii
1012 3131 1079 3190 Ruti
1102 3132 1194 3191 libros
1216 3135 1247 3190 et
1264 3131 1366 3190 studia

217 3219 326 3279 Lucilii
339 3239 441 3280 uersus
456 3225 589 3299 spectare
604 3222 769 3298 suspicetur
784 3222 901 3296 aliquis,
921 3241 1008 3296 quem
1022 3207 1301 3296 Lucilii’aequalem
1312 3221 1330 3278 l.
1342 3239 1364 3280 s.

217 3308 365 3369 nominari
392 3313 457 3370 iure
490 3313 534 3371 ait
565 3311 721 3370 Bremerus
748 3311 870 3388 Iurispr.
899 3310 1051 3370 antehadr.
1071 3311 1086 3369 Ι
1104 3331 1132 3386 p.
1153 3312 1209 3384 44,
1241 3313 1366 3388 negauit

216 3398 416 3459 Mommseuns
444 3400 543 3476 Symh.
563 3401 679 3460 Bethm.
699 3399 844 3479 Hollweg.
865 3400 955 3460 oblat.
974 3421 1002 3477 p.
1024 3402 1074 3459 92.
1128 3399 1245 3458 Similia
1278 3401 1366 3474 quale

216 3486 349 3548 Lucilius
377 3491 479 3567 posuit
505 3490 639 3568 ambigui
667 3491 802 3566 exempla
829 3509 953 3567 posuere
980 3490 1033 3548 alii
1065 3489 1197 3548 rhetores
1231 3491 1262 3547 et
1292 3488 1366 3548 iuris

216 3577 357 3637 consulti:
381 3577 440 3638 (lic.
460 3582 597 3657 partor.
619 3582 680 3638 107
707 3575 753 3639 ‘nt
775 3599 842 3640 cum
866 3597 900 3638 m
923 3581 1097 3640 testamentis
1119 3580 1190 3653 quid
1211 3580 1250 3637 stt
1269 3595 1365 3652 pecus

217 3671 270 3726 aut
302 3686 369 3726 cum
402 3688 437 3727 ex
469 3670 534 3748 lege
563 3668 668 3746 praedi
691 3671 845 3745 quaeritur
876 3687 953 3745 quae
985 3669 1046 3728 sint
1074 3671 1143 3728 ruta
1176 3686 1274 3742 caesa,
1306 3686 1367 3727 nou

215 3756 320 3833 scripti
339 3776 440 3836 genus,
459 3759 511 3818 sed
529 3758 614 3817 uerbi
632 3759 838 3834 interpretatio
857 3761 1090 3818 controuersiam
1107 3754 1191 3816 facit'
1206 3750 1368 3840 (Scaeuola

216 3866 263 3923 ap,
283 3847 455 3907 Bremerum
473 3848 492 3909 l.
512 3866 534 3907 e.
553 3868 575 3908 s.
594 3868 623 3925 p.
640 3849 712 3924 104,
733 3840 767 3929 7)
800 3848 867 3928 Dig.
883 3848 996 3906 XXXII
1017 3848 1089 3923 100,
1110 3851 1128 3906 2
1154 3843 1258 3906 ‘onri
1282 3867 1365 3906 meae

215 3940 337 4013 uestem,
359 3936 503 3997 mumdum
524 3939 705 4007 muliebrem,
729 3940 904 3998 ornamenta
927 3940 1039 4013 omnia,
1068 3956 1173 3996 aurum
1196 3940 1363 4015 argentinu,

216 4024 295 4101 quod
331 4026 393 4085 eius
430 4045 520 4086 causa
559 4027 673 4086 factum
712 4029 910 4104 paratumque
951 4030 1041 4102 esset,
1078 4045 1164 4085 omne
1205 4026 1243 4085 do
1284 4021 1363 4105 lego'

215 4114 342 4173 XXXIV
363 4118 391 4189 2,
411 4117 463 4191 32,
484 4118 501 4174 7
528 4111 621 4176 ‘Titia
642 4118 786 4176 mancum
807 4118 977 4177 muliebrem
1000 4115 1149 4194 Septiciae
1171 4115 1299 4194 legauit:
1329 4135 1365 4174 ea

214 4202 343 4279 putabat
365 4203 422 4262 sihi
445 4205 546 4284 legata
569 4210 600 4266 et
628 4209 803 4266 ornamenta
831 4209 861 4265 et
888 4207 1012 4265 monilia
1032 4253 1037 4264 .
1060 4252 1066 4263 .
1087 4251 1093 4264 .
1113 4206 1283 4282 quaesitum
1311 4208 1365 4281 est,

215 4311 254 4350 an
286 4292 358 4351 haec
386 4294 487 4352 omnia
514 4295 624 4354 mundo
652 4290 862 4355 continentnr'.
896 4294 974 4355 Ocni
989 4295 1028 4353 ad
1047 4295 1116 4353 Her.
1136 4294 1151 4352 I
1172 4297 1222 4369 12,
1242 4295 1284 4354 20
1305 4292 1364 4355 Cic.

215 4380 251 4439 de
270 4382 331 4440 inu.
349 4381 381 4440 II
402 4384 463 4442 116
484 4383 556 4460 Τορ.
579 4386 628 4443 13.
675 4383 771 4442 Sicuti
794 4385 927 4444 Lucilius
950 4386 995 4443 ita
1023 4403 1143 4444 exorsus
1171 4387 1216 4443 est
1239 4384 1365 4444 Alienus

214 4469 282 4548 Dig.
302 4471 432 4531 XXXIII
453 4475 480 4547 7,
502 4475 552 4547 10,
572 4475 589 4530 2
612 4469 750 4542 ‘Quidam
769 4476 854 4533 uxori
874 4472 1007 4548 fundum,
1031 4475 1077 4531 uti
1094 4475 1259 4534 instructus
1278 4478 1364 4548 esset,
