3036 5004
552 385 667 442 xxvlu
686 404 712 440 u.
733 392 881 443 cir-rie.
1227 385 1293 451 273

142 559 190 615 tas
217 553 304 616 fletus
331 555 428 614 lacera
455 555 601 632 conpendi
629 551 718 615 licet'.
770 555 874 616 Pseud.
896 557 958 614 154
990 551 1164 632 ‘numquam
1187 555 1291 631 edepol

143 646 277 703 nostium
305 643 408 703 durius
434 647 552 723 tergum
580 645 637 705 erit
664 663 755 721 quarn
782 646 932 723 tergiuum
958 645 1014 704 hoc
1041 639 1160 704 meum’.
1206 643 1292 703 Salui

143 733 270 794 uocandi
301 751 400 793 casum
430 750 493 794 esec
521 736 621 793 censet
648 734 845 793 Buechelerus
873 733 947 793 Mus.
970 732 1063 792 Rhen.
1086 732 1185 792 XLIII
1206 733 1290 792 1388

143 843 171 899 p.
189 824 250 882 293
276 826 306 881 et
328 841 436 882 nomen
458 823 550 883 serui:
582 823 738 902 flagitatur
765 827 865 883 tamen
893 824 1089 899 imperatiuus
1122 823 1220 899 qualis
1247 826 1293 882 est

143 913 206 971 obi:
231 913 302 971 conl
317 909 405 971 Ouid.
423 916 542 972 metam.
561 912 604 971 IX
625 915 687 971 677
712 913 765 972 ubi
788 906 907 972 Caunus
930 912 968 971 ad
992 912 1137 970 famulum
1157 910 1293 988 Byblidia

143 1001 299 1061 iracundia
331 1001 474 1061 effemeus
508 998 628 1079 ‘uixque
660 1021 766 1061 manus
797 1003 928 1061 retinens
962 1002 1140 1078 trepidantis
1172 1001 1209 1060 ab
1242 1019 1293 1059 ore

144 1085 278 1150 ministri
301 1085 396 1149 “dum
418 1092 504 1165 licet,
531 1110 549 1150 o
573 1093 686 1151 uetitae
709 1091 851 1150 scelerate
874 1091 1008 1150 libidinis
1031 1094 1149 1164 auctor,
1172 1085 1291 1166 effuge”

146 1174 209 1238 ait’.
254 1179 361 1255 Itaque
393 1182 552 1256 quominus
583 1180 741 1240 uerborum
774 1183 872 1240 lusum
903 1182 936 1239 in
967 1181 1050 1239 soloe
1081 1181 1165 1238 saluo
1194 1178 1293 1238 uerbis

146 1269 258 1328 Iactum
285 1269 444 1344 perdamus
472 1269 620 1329 scribatur
646 1274 764 1347 oportet
791 1289 858 1330 cum
885 1269 1075 1330 Lachmanuo
1105 1269 1188 1328 solue
1214 1267 1294 1345 quod

146 1364 192 1418 est
212 1359 280 1417 aule
303 1361 338 1417 ut
359 1357 456 1418 Plaut.
477 1359 559 1418 Asin.
579 1361 643 1419 593
667 1360 775 1436 quibus
802 1360 875 1419 locis
903 1360 1014 1419 mmiles
1037 1357 1196 1418 uerborum
1218 1358 1295 1416 fiunt

146 1449 242 1507 lusus:
267 1442 360 1506 ‘salue
390 1452 422 1515 tt
451 1449 566 1508 saluere
589 1469 637 1509 me
655 1448 747 1523 iubes,
771 1449 843 1526 quoi
865 1451 899 1508 tu
918 1448 1020 1509 abiens
1040 1447 1128 1507 offere
1146 1442 1293 1507 morbum'

147 1535 232 1613 Oapt.
254 1538 317 1595 744
343 1532 421 1596 ‘uale
444 1542 536 1615 atque
558 1538 650 1614 salue,
674 1541 731 1598 etsi
753 1540 842 1598 aliter
863 1542 898 1598 ut
921 1538 1018 1598 dicam
1041 1533 1156 1597 merea’.

238 1618 318 1686 773.
356 1626 471 1686 Nonius
503 1647 532 1704 p.
558 1629 635 1702 268,
661 1629 701 1688 32
741 1623 915 1703 conficere,
957 1627 1102 1706 frangere.
1162 1627 1295 1686 Lucilius

146 1715 197 1775 lib.
215 1714 345 1774 XXVIII
375 1711 479 1776 “malo
499 1713 768 1777 ...cardinum'’.'
815 1717 895 1777 malo
922 1718 1021 1778 hercle
1043 1721 1157 1791 uestro,
1181 1715 1296 1774 Ennius

147 1809 238 1864 satur.
258 1804 339 1863 lib.I
362 1796 394 1886 (1
411 1798 453 1886 V)
478 1800 569 1866 ‘malo
592 1807 689 1868 hercle
713 1826 822 1885 magno
850 1825 904 1867 suo
927 1807 1082 1867 conuiuat:
1109 1805 1173 1865 eine
1195 1800 1294 1872 modo’

147 1895 199 1954 ubi
221 1894 309 1971 plura
332 1895 467 1971 exempla
489 1898 638 1975 congessit
660 1895 820 1956 Vahleuus.
850 1929 891 1939 -
921 1896 1102 1956 confectores
1129 1893 1296 1954 cardinum:

148 1986 249 2062 agitur
284 1983 321 2043 de
357 1983 462 2044 domus
500 1988 727 2063 expugnatione.
782 1986 885 2063 Polyb.
905 1986 963 2045 VH
990 1987 1043 2059 16,
1068 1986 1086 2044 6
1124 1977 1207 2044 οὗτοι
1244 1980 1297 2062 μὲν

148 2071 260 2146 ἔξωθεν
287 2071 501 2151 προσπεσόντες
532 2083 690 2155 πειρῶνται
721 2074 890 2134 διακόπτειν
922 2073 991 2147 τοὺς
1023 2078 1160 2154 στροφαῖς
1187 2071 1237 2134 καλ
1264 2071 1297 2133 τὸ

149 2161 267 2243 {irrupit
285 2169 345 2221 τῶν
362 2165 476 2240 πολῶν,
494 2160 578 2223 edroi
595 2159 626 2223 dl
644 2163 695 2225 τὸν
709 2163 820 2243 μοχλὸν
834 2161 960 2224 ἔνδοθεν
973 2160 1024 2223 παλ
1036 2161 1088 2235 τὰς
1103 2161 1297 2242 βαλανάγρας.

148 2250 270 2312 Lucian.
289 2251 398 2329 dialog.
418 2255 534 2311 meretr.
557 2255 613 2327 12,
633 2255 652 2311 3
672 2256 745 2313 extr.
775 2251 831 2329 τὴν
864 2250 983 2313 αὔλειον
1015 2243 1105 2332 εὗρον
1131 2248 1297 2312 ιλποκεκλιι·

149 2337 263 2419 σμένην
289 2337 432 2419 ἐπιμελῶς
530 2339 586 2400 οὐκ
609 2339 705 2418 ἔκοψα
728 2335 756 2401 δ’
781 2333 852 2420 οὖν,
884 2335 942 2401 ἀλλ’
976 2339 1086 2421 ἐπάρας
1118 2337 1213 2420 ἠρέμα
1244 2339 1298 2417 τὴν

149 2428 250 2512 θύραν
270 2428 520 2510 ...παραγαγὼν
542 2430 594 2490 τὸν
617 2428 745 2508 στροφέα
771 2434 975 2510 παρεισῆλθον
993 2428 1143 2508 ἀψοφητί·
1166 2430 1235 2489 uide
1260 2430 1299 2488 ad

150 2519 200 2579 lib.
220 2519 318 2578 XXIX
340 2540 368 2578 u.
389 2521 462 2579 839.
518 2519 617 2580 Verba
654 2539 716 2580 ease
753 2519 893 2581 uidentur
928 2521 1043 2580 lenonis
1080 2522 1163 2579 cuius
1195 2517 1298 2580 domus

151 2610 345 2687 expugnatur.

242 2690 323 2759 774.
347 2698 462 2759 Nonius
485 2718 513 2775 p.
529 2701 585 2772 31,
605 2700 646 2758 28
671 2695 811 2758 ‘Inritare
838 2698 950 2759 dictum
977 2703 1025 2758 est
1051 2700 1169 2775 proprie
1192 2715 1301 2773 prouo-

151 2807 226 2847 care.
250 2833 301 2846 ...
320 2787 453 2847 Lucilius
476 2788 526 2848 lib.
541 2788 670 2848 XXVIII
694 2784 815 2849 “Lucili
835 2789 910 2848 siin
929 2806 1030 2847 amore
1048 2787 1181 2847 inritarit
1199 2780 1298 2846 suo''.’

152 2876 336 2938 Sententiam
364 2877 421 2937 hoc
448 2878 536 2938 modo
563 2879 741 2938 constituas:
771 2873 850 2938 ‘mox
876 2877 929 2937 ille
955 2879 1032 2936 iram
1059 2877 1168 2938 sentiet
1194 2875 1300 2950 Lucili,

152 2968 178 3027 ai
204 2968 236 3027 in
268 2984 368 3026 amore
400 2968 534 3027 inritarit
556 2962 630 3026 suo'.
681 2969 713 3025 in
741 2985 853 3041 amore,
881 2970 916 3025 ut
943 2964 1028 3026 Ouid.
1051 2985 1108 3025 am.
1133 2966 1179 3024 HI
1203 2966 1237 3040 6,
1257 2967 1299 3023 23

154 3052 289 3116 ‘flumina
319 3055 461 3116 deberent
492 3059 613 3116 iuuenes
646 3058 676 3116 iu
710 3074 810 3116 amore
837 3052 962 3118 iuuare'.
1012 3056 1105 3115 Lucil.
1129 3055 1180 3114 lib.
1204 3053 1300 3114 XXIX

113 3140 117 3148 ’
153 3167 180 3204 u.
215 3145 278 3205 332
326 3141 384 3205 ‘sic
426 3145 561 3206 Socrates
607 3148 639 3205 in
683 3143 809 3206 amore’.
878 3145 977 3205 Verba
1024 3150 1094 3205 suut
1138 3146 1216 3204 serui
1263 3144 1302 3202 ad

153 3236 297 3295 lenonem.

244 3317 326 3385 776.
358 3325 474 3385 Nonius
510 3346 539 3402 p.
561 3328 641 3401 239,
667 3328 707 3385 14
746 3321 922 3403 Ἀνραλοοι,
963 3324 1072 3401 audax,
1108 3324 1301 3384 malitiosum.

153 3413 285 3473 Lucilius
317 3414 367 3474 lib.
382 3413 512 3475 XXVIII
541 3410 650 3494 “agite
682 3417 763 3494 agite
799 3415 879 3474 fures
910 3415 1042 3474 mendaci
1074 3407 1300 3493 argutamiui”.’

154 3502 314 3579 Proposuit
336 3502 532 3564 Buechelerus
550 3505 625 3564 Mus.
644 3505 737 3564 Rhen.
756 3504 840 3564 XLII
859 3505 944 3565 1887
968 3523 997 3580 p.
1012 3505 1076 3563 473
1102 3501 1203 3583 ‘agite
1221 3506 1303 3581 agito

156 3593 244 3666 fures,
266 3593 410 3668 mendaci,
432 3598 540 3672 arguta
558 3590 670 3667 manu’,
691 3596 815 3654 mendici
833 3595 952 3654 restitui
969 3597 1076 3670 poetae
1094 3594 1192 3653 uoluit
1210 3592 1302 3651 Laeli-

75 3702 78 3705 ·
155 3699 288 3742 manuus.
334 3682 435 3742 Verba
466 3687 491 3742 si
522 3689 601 3742 recte
633 3684 747 3744 tradita
779 3687 861 3758 sunt,
893 3685 925 3743 in
956 3685 1092 3760 proximo
1124 3700 1212 3740 uersu
1239 3686 1304 3740 erat

157 3769 307 3830 ablatiuua
340 3772 450 3846 λλαριια.
506 3772 697 3848 deputamini
729 3792 789 3833 non
821 3775 1045 3850 temptauerim:
1081 3789 1151 3833 uam
1185 3771 1304 3847 scripsit

156 3859 281 3919 Plautus
300 3859 468 3920 Friuolaria
491 3853 552 3941 (ap.
568 3863 643 3922 Non.
663 3882 691 3938 p.
707 3864 759 3935 66,
779 3855 834 3942 31)
859 3858 1073 3939 ‘superatoque
1094 3861 1193 3920 omnis
1217 3879 1303 3938 argu·

156 3948 249 4008 tando
271 3945 435 4025 praeficas’.
477 3954 561 4024 apte,
584 3953 660 4025 cpite
681 3955 717 4010 ut
738 3968 827 4027 saepe
850 3952 880 4009 in
903 3951 1031 4027 palliata
1050 3968 1103 4025 occ
1120 3967 1174 4025 oye
1192 3941 1303 4029 (Plaut.

157 4039 236 4098 Pera.
258 4039 330 4097 606.
356 4039 433 4098 766ε
460 4040 533 4098 conf
557 4040 676 4099 Brixiae
703 4040 741 4100 ad
769 4040 831 4099 Mil.
854 4042 938 4100 1024
967 4031 1143 4117 Spcugclius
1172 4038 1210 4097 ad
1238 4037 1304 4098 Ver.

157 4127 250 4188 Andr.
274 4128 340 4188 310
370 4128 514 4187 Dniatzlo
546 4129 585 4188 ad
617 4128 734 4188 Phorm.
759 4121 847 4209 669).
897 4128 997 4188 Verba
1023 4130 1093 4188 suut
1121 4129 1236 4188 lenonis
1267 4129 1305 4187 ad

158 4216 268 4277 exclusi
304 4220 447 4278 amatoria
483 4219 619 4278 comites:
654 4220 733 4292 furia
769 4223 800 4277 et
834 4219 984 4277 mendacis
1019 4216 1211 4293 opprobrium
1245 4237 1305 4278 uua

157 4307 280 4382 ponitur
301 4308 352 4367 lib.
367 4307 409 4366 IX
428 4328 456 4365 u.
471 4309 544 4367 367.

250 4389 331 4459 776.
355 4396 471 4457 Nouius
497 4417 525 4473 p.
542 4400 619 4472 555,
640 4400 680 4457 23
706 4393 876 4469 ‘Ballistae
903 4414 975 4456 saxa
1001 4396 1117 4455 maiora
1143 4400 1174 4455 et
1201 4398 1307 4474 grauia

159 4482 201 4563 <a
222 4488 365 4546 machinis
387 4482 487 4566 dicto>
509 4487 617 4564 quibus
635 4487 793 4548 iaciuntur.
836 4485 968 4547 Lucilius
990 4485 1041 4545 lib.
1062 4485 1190 4552 XXVIII
1210 4480 1306 4562 “quid

213 4594 298 4635 Lnotlll
312 4597 361 4636 rell.
376 4597 410 4636 od.
425 4597 506 4637 Marx.
528 4597 557 4637 II.
1061 4590 1092 4638 18
