<?xml version="1.0" encoding="UTF-8"?>
<!DOCTYPE html PUBLIC "-//W3C//DTD XHTML 1.0 Transitional//EN"
    "http://www.w3.org/TR/xhtml1/DTD/xhtml1-transitional.dtd">
<html xmlns="http://www.w3.org/1999/xhtml" xml:lang="en" lang="en">
 <head>
  <title>
</title>
<meta http-equiv="Content-Type" content="text/html;charset=utf-8" />
  <meta name='ocr-system' content='tesseract 3.04.00' />
  <meta name='ocr-capabilities' content='ocr_page ocr_carea ocr_par ocr_line ocrx_word'/>
</head>
<body>
  <div class='ocr_page' id='page_1' title='image "./cluciliicarminu00lucigoog_0126.png"; bbox 0 0 3060 5010; ppageno 0'>
   <div class='ocr_carea' id='block_1_1' title="bbox 568 373 1273 442">
    <p class='ocr_par' dir='ltr' id='par_1_1' title="bbox 568 373 1273 442">
     <span class='ocr_line' id='line_1_1' title="bbox 568 373 1273 442; baseline -0.006 -10"><span class='ocrx_word' id='word_1_1' title='bbox 568 375 606 432; x_wconf 82' lang='lat' dir='ltr'><strong>VI</strong></span> <span class='ocrx_word' id='word_1_2' title='bbox 624 395 653 434; x_wconf 87' lang='lat' dir='ltr'><strong>u.</strong></span> <span class='ocrx_word' id='word_1_3' title='bbox 671 381 821 432; x_wconf 75' lang='lat' dir='ltr'><strong>sor-aee.</strong></span> <span class='ocrx_word' id='word_1_4' title='bbox 1229 373 1273 442; x_wconf 81' lang='lat'><strong>93</strong></span> 
     </span>
    </p>
   </div>
   <div class='ocr_carea' id='block_1_2' title="bbox 122 539 1274 1019">
    <p class='ocr_par' dir='ltr' id='par_1_2' title="bbox 122 539 1274 1019">
     <span class='ocr_line' id='line_1_2' title="bbox 123 539 1274 631; baseline -0.003 -21"><span class='ocrx_word' id='word_1_5' title='bbox 123 548 204 631; x_wconf 79' lang='lat' dir='ltr'><strong>Ergo</strong></span> <span class='ocrx_word' id='word_1_6' title='bbox 226 539 382 630; x_wconf 78' lang='lat' dir='ltr'><strong>&#39;significat</strong></span> <span class='ocrx_word' id='word_1_7' title='bbox 408 543 564 609; x_wconf 86' lang='lat' dir='ltr'><strong>Horatius’</strong></span> <span class='ocrx_word' id='word_1_8' title='bbox 589 568 613 608; x_wconf 88' lang='lat' dir='ltr'><strong>e.</strong></span> <span class='ocrx_word' id='word_1_9' title='bbox 629 567 656 625; x_wconf 92' lang='lat' dir='ltr'><strong>q.</strong></span> <span class='ocrx_word' id='word_1_10' title='bbox 671 567 694 608; x_wconf 91' lang='lat' dir='ltr'><strong>s.</strong></span> <span class='ocrx_word' id='word_1_11' title='bbox 739 547 840 608; x_wconf 83' lang='lat' dir='ltr'><strong>Verba</strong></span> <span class='ocrx_word' id='word_1_12' title='bbox 866 565 950 624; x_wconf 76' lang='grc' dir='ltr'><strong><em>ριιενι</em></strong></span> <span class='ocrx_word' id='word_1_13' title='bbox 977 549 1079 624; x_wconf 75' lang='lat' dir='ltr'><strong>rapuit</strong></span> <span class='ocrx_word' id='word_1_14' title='bbox 1105 545 1212 623; x_wconf 79' lang='lat' dir='ltr'><strong>Apollo</strong></span> <span class='ocrx_word' id='word_1_15' title='bbox 1239 549 1274 607; x_wconf 90' lang='lat' dir='ltr'><strong>ut</strong></span> 
     </span>
     <span class='ocr_line' id='line_1_3' title="bbox 122 637 1273 719; baseline -0.003 -19"><span class='ocrx_word' id='word_1_16' title='bbox 122 640 270 719; x_wconf 79' lang='lat' dir='ltr'><strong>glossema</strong></span> <span class='ocrx_word' id='word_1_17' title='bbox 301 641 381 698; x_wconf 83' lang='lat' dir='ltr'><strong>recto</strong></span> <span class='ocrx_word' id='word_1_18' title='bbox 412 640 501 699; x_wconf 89' lang='lat' dir='ltr'><strong>eiecit</strong></span> <span class='ocrx_word' id='word_1_19' title='bbox 526 637 748 714; x_wconf 88' lang='lat' dir='ltr'><strong>Lachmannus‚</strong></span> <span class='ocrx_word' id='word_1_20' title='bbox 781 654 847 714; x_wconf 76' lang='lat' dir='ltr'><strong>erpo</strong></span> <span class='ocrx_word' id='word_1_21' title='bbox 881 637 1095 715; x_wconf 78' lang='lat' dir='ltr'>Porphyrionis</span> <span class='ocrx_word' id='word_1_22' title='bbox 1123 641 1181 714; x_wconf 83' lang='lat' dir='ltr'><strong>est,</strong></span> <span class='ocrx_word' id='word_1_23' title='bbox 1212 655 1273 698; x_wconf 91' lang='lat' dir='ltr'><strong>non</strong></span> 
     </span>
     <span class='ocr_line' id='line_1_4' title="bbox 122 724 1271 807; baseline -0.003 -18"><span class='ocrx_word' id='word_1_24' title='bbox 122 728 240 789; x_wconf 83' lang='lat' dir='ltr'><strong>Lucilii.</strong></span> <span class='ocrx_word' id='word_1_25' title='bbox 281 727 365 788; x_wconf 90' lang='lat' dir='ltr'><strong>Idem</strong></span> <span class='ocrx_word' id='word_1_26' title='bbox 387 729 465 788; x_wconf 90' lang='lat' dir='ltr'><strong>illud</strong></span> <span class='ocrx_word' id='word_1_27' title='bbox 487 724 650 807; x_wconf 75' lang='grc' dir='ltr'><strong><em>ἐξήρπασεν</em></strong></span> <span class='ocrx_word' id='word_1_28' title='bbox 668 729 777 787; x_wconf 89' lang='lat' dir='ltr'><strong>mirum</strong></span> <span class='ocrx_word' id='word_1_29' title='bbox 796 730 841 786; x_wconf 90' lang='lat' dir='ltr'><strong>est</strong></span> <span class='ocrx_word' id='word_1_30' title='bbox 860 726 939 804; x_wconf 94' lang='lat' dir='ltr'><strong>quod</strong></span> <span class='ocrx_word' id='word_1_31' title='bbox 957 728 1023 787; x_wconf 89' lang='lat' dir='ltr'><strong>loco</strong></span> <span class='ocrx_word' id='word_1_32' title='bbox 1041 726 1147 786; x_wconf 86' lang='lat' dir='ltr'><strong>Iliadis</strong></span> <span class='ocrx_word' id='word_1_33' title='bbox 1165 728 1192 786; x_wconf 88' lang='lat' dir='ltr'>Y</span> <span class='ocrx_word' id='word_1_34' title='bbox 1208 727 1271 786; x_wconf 82' lang='lat'><strong>443</strong></span> 
     </span>
     <span class='ocr_line' id='line_1_5' title="bbox 122 816 1273 895; baseline -0.002 -18"><span class='ocrx_word' id='word_1_35' title='bbox 122 817 246 879; x_wconf 88' lang='lat' dir='ltr'><strong>Homeri</strong></span> <span class='ocrx_word' id='word_1_36' title='bbox 273 817 364 877; x_wconf 86' lang='lat' dir='ltr'><strong>habet</strong></span> <span class='ocrx_word' id='word_1_37' title='bbox 394 817 449 878; x_wconf 91' lang='lat' dir='ltr'><strong>cod</strong></span> <span class='ocrx_word' id='word_1_38' title='bbox 471 816 718 878; x_wconf 87' lang='lat' dir='ltr'><strong>Vindobononsis.</strong></span> <span class='ocrx_word' id='word_1_39' title='bbox 764 817 837 876; x_wconf 70' lang='lat' dir='ltr'><strong>Fiat</strong></span> <span class='ocrx_word' id='word_1_40' title='bbox 863 816 1011 892; x_wconf 90' lang='lat' dir='ltr'><strong>quomodo</strong></span> <span class='ocrx_word' id='word_1_41' title='bbox 1039 816 1273 895; x_wconf 82' lang='lat' dir='ltr'><strong>intellegendum</strong></span> 
     </span>
     <span class='ocr_line' id='line_1_6' title="bbox 123 901 1274 1019; baseline -0.002 -52"><span class='ocrx_word' id='word_1_42' title='bbox 123 910 164 968; x_wconf 88' lang='lat' dir='ltr'><strong>sit</strong></span> <span class='ocrx_word' id='word_1_43' title='bbox 191 927 206 966; x_wconf 92' lang='lat' dir='ltr'><strong>e</strong></span> <span class='ocrx_word' id='word_1_44' title='bbox 229 907 374 1019; x_wconf 73' lang='lat' dir='ltr'><strong>Pompilii</strong></span> <span class='ocrx_word' id='word_1_45' title='bbox 400 926 489 967; x_wconf 87' lang='lat' dir='ltr'><strong>uersu</strong></span> <span class='ocrx_word' id='word_1_46' title='bbox 516 908 613 966; x_wconf 89' lang='lat' dir='ltr'><strong>elucet</strong></span> <span class='ocrx_word' id='word_1_47' title='bbox 640 925 687 983; x_wconf 93' lang='lat' dir='ltr'><strong>ap.</strong></span> <span class='ocrx_word' id='word_1_48' title='bbox 707 907 793 965; x_wconf 90' lang='lat' dir='ltr'><strong>Varr.</strong></span> <span class='ocrx_word' id='word_1_49' title='bbox 812 906 840 966; x_wconf 87' lang='lat' dir='ltr'><strong>d</strong></span> <span class='ocrx_word' id='word_1_50' title='bbox 859 907 931 985; x_wconf 92' lang='lat' dir='ltr'><strong>ling.</strong></span> <span class='ocrx_word' id='word_1_51' title='bbox 950 905 984 964; x_wconf 87' lang='lat' dir='ltr'><strong>L.</strong></span> <span class='ocrx_word' id='word_1_52' title='bbox 999 904 1058 965; x_wconf 90' lang='lat' dir='ltr'><strong>VII</strong></span> <span class='ocrx_word' id='word_1_53' title='bbox 1078 905 1119 965; x_wconf 79' lang='lat'><strong>28</strong></span> <span class='ocrx_word' id='word_1_54' title='bbox 1145 901 1199 966; x_wconf 88' lang='lat' dir='ltr'><strong>‘sio</strong></span> <span class='ocrx_word' id='word_1_55' title='bbox 1221 905 1274 965; x_wconf 89' lang='lat' dir='ltr'><strong>fiet</strong></span> 
     </span>
    </p>
   </div>
   <div class='ocr_carea' id='block_1_3' title="bbox 123 990 1280 4564">
    <p class='ocr_par' dir='ltr' id='par_1_3' title="bbox 123 990 1274 1415">
     <span class='ocr_line' id='line_1_7' title="bbox 125 990 1273 1080; baseline -0.003 -22"><span class='ocrx_word' id='word_1_56' title='bbox 125 990 181 1080; x_wconf 71' lang='lat' dir='ltr'><strong>(cta</strong></span> <span class='ocrx_word' id='word_1_57' title='bbox 203 991 270 1079; x_wconf 83' lang='lat' dir='ltr'><strong>cod)</strong></span> <span class='ocrx_word' id='word_1_58' title='bbox 290 992 421 1056; x_wconf 82' lang='lat' dir='ltr'><strong>‘mutua</strong></span> <span class='ocrx_word' id='word_1_59' title='bbox 443 991 564 1056; x_wconf 86' lang='lat' dir='ltr'><strong>muli&#39;&#39;.’</strong></span> <span class='ocrx_word' id='word_1_60' title='bbox 606 994 713 1072; x_wconf 86' lang='lat' dir='ltr'><strong>Itaque</strong></span> <span class='ocrx_word' id='word_1_61' title='bbox 732 995 921 1056; x_wconf 89' lang='lat' dir='ltr'><strong>scribendum</strong></span> <span class='ocrx_word' id='word_1_62' title='bbox 945 990 1044 1074; x_wconf 85' lang='lat' dir='ltr'><strong>‘&lt;nil&gt;</strong></span> <span class='ocrx_word' id='word_1_63' title='bbox 1064 998 1099 1054; x_wconf 85' lang='lat' dir='ltr'><strong>ut</strong></span> <span class='ocrx_word' id='word_1_64' title='bbox 1117 995 1273 1072; x_wconf 78' lang='lat' dir='ltr'><strong>discrepet,</strong></span> 
     </span>
     <span class='ocr_line' id='line_1_8' title="bbox 123 1078 1272 1166; baseline -0.001 -20"><span class='ocrx_word' id='word_1_65' title='bbox 123 1105 159 1146; x_wconf 87' lang='lat' dir='ltr'><strong>ac</strong></span> <span class='ocrx_word' id='word_1_66' title='bbox 187 1081 262 1147; x_wconf 73' lang='lat' dir='ltr'><strong>“cbo</strong></span> <span class='ocrx_word' id='word_1_67' title='bbox 290 1079 319 1145; x_wconf 83' lang='grc' dir='ltr'><strong>δ’</strong></span> <span class='ocrx_word' id='word_1_68' title='bbox 340 1083 501 1166; x_wconf 73' lang='grc' dir='ltr'><strong><em>ἐξήρπαξεν</em></strong></span> <span class='ocrx_word' id='word_1_69' title='bbox 520 1078 694 1145; x_wconf 77' lang='grc' dir='ltr'><strong><em>Ἀπόλλων”</em></strong></span> <span class='ocrx_word' id='word_1_70' title='bbox 723 1081 787 1145; x_wconf 89' lang='lat' dir='ltr'><strong>fiat’</strong></span> <span class='ocrx_word' id='word_1_71' title='bbox 817 1105 893 1162; x_wconf 86' lang='lat' dir='ltr'><strong>quae</strong></span> <span class='ocrx_word' id='word_1_72' title='bbox 920 1085 977 1144; x_wconf 91' lang='lat' dir='ltr'><strong>hoc</strong></span> <span class='ocrx_word' id='word_1_73' title='bbox 1003 1084 1092 1144; x_wconf 91' lang='lat' dir='ltr'><strong>modo</strong></span> <span class='ocrx_word' id='word_1_74' title='bbox 1119 1084 1272 1161; x_wconf 86' lang='lat' dir='ltr'><strong>suppleas:</strong></span> 
     </span>
     <span class='ocr_line' id='line_1_9' title="bbox 125 1172 1274 1253; baseline -0.003 -18"><span class='ocrx_word' id='word_1_75' title='bbox 125 1172 198 1235; x_wconf 81' lang='lat' dir='ltr'><strong>‘iam</strong></span> <span class='ocrx_word' id='word_1_76' title='bbox 221 1177 312 1235; x_wconf 92' lang='lat' dir='ltr'><strong>miser</strong></span> <span class='ocrx_word' id='word_1_77' title='bbox 338 1178 425 1252; x_wconf 86' lang='lat' dir='ltr'><strong>optat</strong></span> <span class='ocrx_word' id='word_1_78' title='bbox 452 1175 541 1235; x_wconf 92' lang='lat' dir='ltr'><strong>bomo</strong></span> <span class='ocrx_word' id='word_1_79' title='bbox 569 1173 678 1234; x_wconf 82' lang='lat' dir='ltr'><strong>celebri</strong></span> <span class='ocrx_word' id='word_1_80' title='bbox 705 1176 778 1234; x_wconf 89' lang='lat' dir='ltr'><strong>haec</strong></span> <span class='ocrx_word' id='word_1_81' title='bbox 800 1175 849 1235; x_wconf 90' lang='lat' dir='ltr'><strong>illi</strong></span> <span class='ocrx_word' id='word_1_82' title='bbox 870 1173 1009 1234; x_wconf 79' lang='lat' dir='ltr'><strong>Hectoris</strong></span> <span class='ocrx_word' id='word_1_83' title='bbox 1032 1192 1150 1253; x_wconf 89' lang='lat' dir='ltr'><strong>pugnae</strong></span> <span class='ocrx_word' id='word_1_84' title='bbox 1173 1175 1217 1233; x_wconf 91' lang='lat' dir='ltr'><strong>nil</strong></span> <span class='ocrx_word' id='word_1_85' title='bbox 1239 1177 1274 1233; x_wconf 91' lang='lat' dir='ltr'><strong>ut</strong></span> 
     </span>
     <span class='ocr_line' id='line_1_10' title="bbox 124 1257 1273 1344; baseline -0.003 -19"><span class='ocrx_word' id='word_1_86' title='bbox 124 1265 271 1342; x_wconf 78' lang='lat' dir='ltr'><strong>discrepet</strong></span> <span class='ocrx_word' id='word_1_87' title='bbox 297 1283 333 1324; x_wconf 86' lang='lat' dir='ltr'><strong>ac</strong></span> <span class='ocrx_word' id='word_1_88' title='bbox 362 1260 437 1325; x_wconf 77' lang='lat' dir='ltr'><strong>“riv</strong></span> <span class='ocrx_word' id='word_1_89' title='bbox 464 1258 493 1325; x_wconf 84' lang='grc' dir='ltr'><strong>δ’</strong></span> <span class='ocrx_word' id='word_1_90' title='bbox 510 1262 671 1344; x_wconf 76' lang='grc' dir='ltr'><strong><em>ἐξήρπαξεν</em></strong></span> <span class='ocrx_word' id='word_1_91' title='bbox 695 1257 868 1325; x_wconf 76' lang='grc' dir='ltr'><strong><em>Ἀπόλλων”</em></strong></span> <span class='ocrx_word' id='word_1_92' title='bbox 897 1263 963 1324; x_wconf 83' lang='lat' dir='ltr'><strong>fiat:</strong></span> <span class='ocrx_word' id='word_1_93' title='bbox 990 1264 1035 1323; x_wconf 85' lang='lat' dir='ltr'><strong>ita</strong></span> <span class='ocrx_word' id='word_1_94' title='bbox 1062 1265 1141 1323; x_wconf 90' lang='lat' dir='ltr'><strong>enim</strong></span> <span class='ocrx_word' id='word_1_95' title='bbox 1165 1266 1273 1342; x_wconf 83' lang='lat' dir='ltr'><strong>pugnis</strong></span> 
     </span>
     <span class='ocr_line' id='line_1_11' title="bbox 124 1348 685 1415; baseline -0.005 -1"><span class='ocrx_word' id='word_1_96' title='bbox 124 1358 153 1414; x_wconf 86' lang='lat' dir='ltr'><strong>ot</strong></span> <span class='ocrx_word' id='word_1_97' title='bbox 175 1354 305 1415; x_wconf 85' lang='lat' dir='ltr'><strong>fustibus</strong></span> <span class='ocrx_word' id='word_1_98' title='bbox 328 1357 393 1415; x_wconf 83' lang='lat' dir='ltr'><strong>orat</strong></span> <span class='ocrx_word' id='word_1_99' title='bbox 415 1355 493 1414; x_wconf 89' lang='lat' dir='ltr'><strong>male</strong></span> <span class='ocrx_word' id='word_1_100' title='bbox 516 1348 685 1415; x_wconf 86' lang='lat' dir='ltr'><strong>mulcatus&#39;.</strong></span> 
     </span>
    </p>

    <p class='ocr_par' dir='ltr' id='par_1_4' title="bbox 124 1436 1275 2326">
     <span class='ocr_line' id='line_1_12' title="bbox 214 1436 1273 1520; baseline -0.003 -17"><span class='ocrx_word' id='word_1_101' title='bbox 214 1436 298 1505; x_wconf 74' lang='lat'><strong>233.</strong></span> <span class='ocrx_word' id='word_1_102' title='bbox 330 1444 446 1505; x_wconf 83' lang='lat' dir='ltr'><strong>Nonius</strong></span> <span class='ocrx_word' id='word_1_103' title='bbox 473 1463 502 1520; x_wconf 88' lang='lat' dir='ltr'><strong>p.</strong></span> <span class='ocrx_word' id='word_1_104' title='bbox 522 1445 601 1519; x_wconf 88' lang='grc'><strong>498,</strong></span> <span class='ocrx_word' id='word_1_105' title='bbox 626 1446 643 1503; x_wconf 85' lang='lat' dir='ltr'><strong>&#39;l</strong></span> <span class='ocrx_word' id='word_1_106' title='bbox 683 1439 857 1503; x_wconf 84' lang='lat' dir='ltr'><strong>‘Genetiuus</strong></span> <span class='ocrx_word' id='word_1_107' title='bbox 895 1445 1011 1519; x_wconf 88' lang='lat' dir='ltr'><strong>positus</strong></span> <span class='ocrx_word' id='word_1_108' title='bbox 1043 1462 1097 1520; x_wconf 95' lang='lat' dir='ltr'><strong>pro</strong></span> <span class='ocrx_word' id='word_1_109' title='bbox 1130 1441 1273 1503; x_wconf 88' lang='lat' dir='ltr'><strong>ablatiuo.</strong></span> 
     </span>
     <span class='ocr_line' id='line_1_13' title="bbox 125 1527 1274 1612; baseline -0.001 -19"><span class='ocrx_word' id='word_1_110' title='bbox 125 1533 328 1593; x_wconf 85' lang='lat' dir='ltr'><strong>...Lucilius</strong></span> <span class='ocrx_word' id='word_1_111' title='bbox 346 1537 517 1612; x_wconf 75' lang='lat' dir='ltr'><strong>satyrarum</strong></span> <span class='ocrx_word' id='word_1_112' title='bbox 535 1533 586 1593; x_wconf 92' lang='lat' dir='ltr'><strong>lib.</strong></span> <span class='ocrx_word' id='word_1_113' title='bbox 602 1531 646 1592; x_wconf 92' lang='lat' dir='ltr'><strong>VI</strong></span> <span class='ocrx_word' id='word_1_114' title='bbox 665 1528 973 1608; x_wconf 79' lang='lat' dir='ltr'><strong>“hortare...capis</strong></span> <span class='ocrx_word' id='word_1_115' title='bbox 991 1527 1119 1592; x_wconf 71' lang='lat' dir='ltr'><strong>oniei”.&#39;</strong></span> <span class='ocrx_word' id='word_1_116' title='bbox 1146 1531 1274 1592; x_wconf 88' lang='lat' dir='ltr'><strong>Versum</strong></span> 
     </span>
     <span class='ocr_line' id='line_1_14' title="bbox 124 1613 1273 1703; baseline -0.002 -21"><span class='ocrx_word' id='word_1_117' title='bbox 124 1622 332 1683; x_wconf 85' lang='lat' dir='ltr'><strong>Lachmannus</strong></span> <span class='ocrx_word' id='word_1_118' title='bbox 364 1622 547 1684; x_wconf 85' lang='lat' dir='ltr'><strong>emendauit:</strong></span> <span class='ocrx_word' id='word_1_119' title='bbox 585 1623 657 1682; x_wconf 79' lang='lat' dir='ltr'><strong>conf</strong></span> <span class='ocrx_word' id='word_1_120' title='bbox 685 1622 777 1682; x_wconf 82' lang='lat' dir='ltr'><strong>llnnii</strong></span> <span class='ocrx_word' id='word_1_121' title='bbox 814 1623 1015 1700; x_wconf 74' lang='lat' dir='ltr'><strong>fragmentum</strong></span> <span class='ocrx_word' id='word_1_122' title='bbox 1048 1613 1167 1703; x_wconf 63' lang='lat' dir='ltr'><strong>(TW</strong></span> <span class='ocrx_word' id='word_1_123' title='bbox 1199 1623 1273 1682; x_wconf 75' lang='grc'><strong>398.</strong></span> 
     </span>
     <span class='ocr_line' id='line_1_15' title="bbox 125 1704 1275 1794; baseline -0.001 -22"><span class='ocrx_word' id='word_1_124' title='bbox 125 1713 189 1773; x_wconf 79' lang='grc'><strong>399</strong></span> <span class='ocrx_word' id='word_1_125' title='bbox 213 1733 242 1790; x_wconf 92' lang='lat' dir='ltr'><strong>p.</strong></span> <span class='ocrx_word' id='word_1_126' title='bbox 259 1715 298 1772; x_wconf 85' lang='grc'><strong>71</strong></span> <span class='ocrx_word' id='word_1_127' title='bbox 314 1704 354 1794; x_wconf 89' lang='lat' dir='ltr'><strong>R)</strong></span> <span class='ocrx_word' id='word_1_128' title='bbox 380 1708 474 1772; x_wconf 78' lang='lat' dir='ltr'><strong>‘meae</strong></span> <span class='ocrx_word' id='word_1_129' title='bbox 498 1715 562 1772; x_wconf 89' lang='lat' dir='ltr'><strong>tam</strong></span> <span class='ocrx_word' id='word_1_130' title='bbox 584 1713 664 1789; x_wconf 90' lang='lat' dir='ltr'><strong>potis</strong></span> <span class='ocrx_word' id='word_1_131' title='bbox 691 1713 775 1790; x_wconf 85' lang='lat' dir='ltr'><strong>pacis</strong></span> <span class='ocrx_word' id='word_1_132' title='bbox 797 1707 911 1789; x_wconf 86' lang='lat' dir='ltr'><strong>potiri&#39;.</strong></span> <span class='ocrx_word' id='word_1_133' title='bbox 958 1711 1081 1773; x_wconf 82' lang='lat' dir='ltr'><strong>Sextum</strong></span> <span class='ocrx_word' id='word_1_134' title='bbox 1103 1714 1275 1772; x_wconf 90' lang='lat' dir='ltr'><strong>saturarum</strong></span> 
     </span>
     <span class='ocr_line' id='line_1_16' title="bbox 124 1801 1274 1879; baseline -0.001 -18"><span class='ocrx_word' id='word_1_135' title='bbox 124 1802 234 1862; x_wconf 90' lang='lat' dir='ltr'><strong>librum</strong></span> <span class='ocrx_word' id='word_1_136' title='bbox 261 1804 351 1863; x_wconf 86' lang='lat' dir='ltr'><strong>sicuti</strong></span> <span class='ocrx_word' id='word_1_137' title='bbox 379 1804 518 1879; x_wconf 89' lang='lat' dir='ltr'><strong>quintum</strong></span> <span class='ocrx_word' id='word_1_138' title='bbox 546 1802 689 1879; x_wconf 86' lang='lat' dir='ltr'><strong>epistulas</strong></span> <span class='ocrx_word' id='word_1_139' title='bbox 717 1801 856 1861; x_wconf 77' lang='lat' dir='ltr'><strong>habuisse</strong></span> <span class='ocrx_word' id='word_1_140' title='bbox 884 1820 919 1861; x_wconf 87' lang='lat' dir='ltr'><strong>ex</strong></span> <span class='ocrx_word' id='word_1_141' title='bbox 942 1801 1077 1861; x_wconf 87' lang='lat' dir='ltr'><strong>uersibus</strong></span> <span class='ocrx_word' id='word_1_142' title='bbox 1103 1803 1175 1861; x_wconf 80' lang='lat'><strong>230.</strong></span> <span class='ocrx_word' id='word_1_143' title='bbox 1201 1802 1274 1861; x_wconf 81' lang='grc'><strong>233.</strong></span> 
     </span>
     <span class='ocr_line' id='line_1_17' title="bbox 124 1891 1274 1971; baseline 0 -21"><span class='ocrx_word' id='word_1_144' title='bbox 124 1892 196 1951; x_wconf 87' lang='lat' dir='ltr'><strong>licet</strong></span> <span class='ocrx_word' id='word_1_145' title='bbox 226 1892 413 1971; x_wconf 82' lang='lat' dir='ltr'><strong>intellegere:</strong></span> <span class='ocrx_word' id='word_1_146' title='bbox 444 1893 501 1952; x_wconf 91' lang='lat' dir='ltr'><strong>hoc</strong></span> <span class='ocrx_word' id='word_1_147' title='bbox 532 1910 622 1952; x_wconf 88' lang='lat' dir='ltr'><strong>uersu</strong></span> <span class='ocrx_word' id='word_1_148' title='bbox 648 1891 787 1952; x_wconf 83' lang='lat' dir='ltr'><strong>rescribit</strong></span> <span class='ocrx_word' id='word_1_149' title='bbox 812 1892 903 1967; x_wconf 90' lang='lat' dir='ltr'><strong>poeta</strong></span> <span class='ocrx_word' id='word_1_150' title='bbox 931 1893 1027 1951; x_wconf 87' lang='lat' dir='ltr'><strong>amico</strong></span> <span class='ocrx_word' id='word_1_151' title='bbox 1057 1891 1206 1966; x_wconf 88' lang='lat' dir='ltr'><strong>hortanti,</strong></span> <span class='ocrx_word' id='word_1_152' title='bbox 1237 1910 1274 1950; x_wconf 91' lang='lat' dir='ltr'><strong>ne</strong></span> 
     </span>
     <span class='ocr_line' id='line_1_18' title="bbox 124 1979 1275 2060; baseline -0.002 -20"><span class='ocrx_word' id='word_1_153' title='bbox 124 1984 292 2058; x_wconf 85' lang='lat' dir='ltr'><strong>cunctetur,</strong></span> <span class='ocrx_word' id='word_1_154' title='bbox 320 1983 346 2042; x_wconf 87' lang='lat' dir='ltr'><strong>si</strong></span> <span class='ocrx_word' id='word_1_155' title='bbox 372 1982 496 2042; x_wconf 92' lang='lat' dir='ltr'><strong>illorum</strong></span> <span class='ocrx_word' id='word_1_156' title='bbox 523 1981 555 2041; x_wconf 91' lang='lat' dir='ltr'><strong>in</strong></span> <span class='ocrx_word' id='word_1_157' title='bbox 583 1983 712 2060; x_wconf 80' lang='lat' dir='ltr'><strong>gratiam</strong></span> <span class='ocrx_word' id='word_1_158' title='bbox 734 1981 892 2039; x_wconf 87' lang='lat' dir='ltr'><strong>hominum</strong></span> <span class='ocrx_word' id='word_1_159' title='bbox 914 1983 1010 2057; x_wconf 88' lang='lat' dir='ltr'><strong>possit</strong></span> <span class='ocrx_word' id='word_1_160' title='bbox 1031 1980 1138 2056; x_wconf 86' lang='lat' dir='ltr'><strong>redire,</strong></span> <span class='ocrx_word' id='word_1_161' title='bbox 1163 1982 1214 2056; x_wconf 90' lang='lat' dir='ltr'><strong>qui</strong></span> <span class='ocrx_word' id='word_1_162' title='bbox 1237 1979 1275 2040; x_wconf 89' lang='lat' dir='ltr'><strong>ab</strong></span> 
     </span>
     <span class='ocr_line' id='line_1_19' title="bbox 124 2070 1274 2146; baseline -0.002 -16"><span class='ocrx_word' id='word_1_163' title='bbox 124 2090 155 2130; x_wconf 88' lang='lat' dir='ltr'><strong>se</strong></span> <span class='ocrx_word' id='word_1_164' title='bbox 182 2074 268 2131; x_wconf 87' lang='lat' dir='ltr'><strong>erant</strong></span> <span class='ocrx_word' id='word_1_165' title='bbox 298 2071 430 2130; x_wconf 86' lang='lat' dir='ltr'><strong>alienati.</strong></span> <span class='ocrx_word' id='word_1_166' title='bbox 480 2072 608 2130; x_wconf 72' lang='lat' dir='ltr'><strong>Blesum</strong></span> <span class='ocrx_word' id='word_1_167' title='bbox 629 2089 696 2146; x_wconf 75' lang='lat' dir='ltr'><strong>pac</strong></span> <span class='ocrx_word' id='word_1_168' title='bbox 723 2070 833 2129; x_wconf 89' lang='lat' dir='ltr'><strong>dicitur</strong></span> <span class='ocrx_word' id='word_1_169' title='bbox 860 2072 950 2130; x_wconf 87' lang='lat' dir='ltr'><strong>sicuti</strong></span> <span class='ocrx_word' id='word_1_170' title='bbox 971 2088 1052 2130; x_wconf 84' lang='lat' dir='ltr'><strong>mccc</strong></span> <span class='ocrx_word' id='word_1_171' title='bbox 1070 2073 1157 2145; x_wconf 81' lang='lat' dir='ltr'><strong>pacis</strong></span> <span class='ocrx_word' id='word_1_172' title='bbox 1181 2071 1200 2128; x_wconf 94' lang='grc'>1.</span> <span class='ocrx_word' id='word_1_173' title='bbox 1215 2087 1237 2128; x_wconf 90' lang='lat' dir='ltr'><strong>s.</strong></span> <span class='ocrx_word' id='word_1_174' title='bbox 1252 2088 1274 2129; x_wconf 88' lang='lat' dir='ltr'><strong>s.</strong></span> 
     </span>
     <span class='ocr_line' id='line_1_20' title="bbox 125 2159 1273 2237; baseline -0.001 -18"><span class='ocrx_word' id='word_1_175' title='bbox 125 2161 205 2237; x_wconf 89' lang='lat' dir='ltr'><strong>apud</strong></span> <span class='ocrx_word' id='word_1_176' title='bbox 236 2161 380 2237; x_wconf 79' lang='lat' dir='ltr'><strong>Ennium,</strong></span> <span class='ocrx_word' id='word_1_177' title='bbox 406 2178 483 2237; x_wconf 77' lang='lat' dir='ltr'><strong>pace</strong></span> <span class='ocrx_word' id='word_1_178' title='bbox 514 2164 566 2221; x_wconf 69' lang='lat' dir='ltr'><strong>lica</strong></span> <span class='ocrx_word' id='word_1_179' title='bbox 598 2160 679 2237; x_wconf 92' lang='lat' dir='ltr'><strong>apud</strong></span> <span class='ocrx_word' id='word_1_180' title='bbox 705 2160 803 2220; x_wconf 89' lang='lat' dir='ltr'><strong>Plaut.</strong></span> <span class='ocrx_word' id='word_1_181' title='bbox 826 2159 902 2219; x_wconf 88' lang='lat' dir='ltr'><strong>Rud.</strong></span> <span class='ocrx_word' id='word_1_182' title='bbox 928 2160 991 2222; x_wconf 93' lang='grc'><strong>698</strong></span> <span class='ocrx_word' id='word_1_183' title='bbox 1019 2160 1084 2219; x_wconf 83' lang='lat' dir='ltr'><strong>Ter.</strong></span> <span class='ocrx_word' id='word_1_184' title='bbox 1108 2160 1185 2218; x_wconf 83' lang='lat' dir='ltr'><strong>llun.</strong></span> <span class='ocrx_word' id='word_1_185' title='bbox 1210 2160 1273 2218; x_wconf 88' lang='grc'><strong>466</strong></span> 
     </span>
     <span class='ocr_line' id='line_1_21' title="bbox 125 2248 447 2326; baseline 0 -16"><span class='ocrx_word' id='word_1_186' title='bbox 125 2248 447 2326; x_wconf 60' lang='lat' dir='ltr'><strong>Qfflfflsm</strong></span> 
     </span>
    </p>

    <p class='ocr_par' dir='ltr' id='par_1_5' title="bbox 125 2332 1276 2597">
     <span class='ocr_line' id='line_1_22' title="bbox 215 2332 1276 2419; baseline -0.003 -19"><span class='ocrx_word' id='word_1_187' title='bbox 215 2332 297 2402; x_wconf 78' lang='grc'><strong>234.</strong></span> <span class='ocrx_word' id='word_1_188' title='bbox 328 2340 445 2401; x_wconf 84' lang='lat' dir='ltr'><strong>Nonius</strong></span> <span class='ocrx_word' id='word_1_189' title='bbox 478 2359 513 2399; x_wconf 86' lang='lat' dir='ltr'><strong>ex</strong></span> <span class='ocrx_word' id='word_1_190' title='bbox 545 2340 741 2419; x_wconf 85' lang='lat' dir='ltr'><strong>grammatico</strong></span> <span class='ocrx_word' id='word_1_191' title='bbox 769 2359 797 2415; x_wconf 92' lang='lat' dir='ltr'><strong>p.</strong></span> <span class='ocrx_word' id='word_1_192' title='bbox 820 2340 897 2414; x_wconf 95' lang='grc'>160,</span> <span class='ocrx_word' id='word_1_193' title='bbox 922 2340 940 2398; x_wconf 88' lang='grc'>8</span> <span class='ocrx_word' id='word_1_194' title='bbox 975 2333 1095 2398; x_wconf 79' lang='lat' dir='ltr'><strong>‘Porcot</strong></span> <span class='ocrx_word' id='word_1_195' title='bbox 1125 2337 1276 2417; x_wconf 87' lang='lat' dir='ltr'><strong>significat</strong></span> 
     </span>
     <span class='ocr_line' id='line_1_23' title="bbox 125 2422 1275 2507; baseline -0.002 -19"><span class='ocrx_word' id='word_1_196' title='bbox 125 2428 270 2507; x_wconf 84' lang='lat' dir='ltr'><strong>prohibet.</strong></span> <span class='ocrx_word' id='word_1_197' title='bbox 299 2429 503 2490; x_wconf 88' lang='lat' dir='ltr'><strong>...Lucilius</strong></span> <span class='ocrx_word' id='word_1_198' title='bbox 530 2429 581 2488; x_wconf 92' lang='lat' dir='ltr'><strong>lib.</strong></span> <span class='ocrx_word' id='word_1_199' title='bbox 596 2428 640 2488; x_wconf 87' lang='lat' dir='ltr'><strong>VI</strong></span> <span class='ocrx_word' id='word_1_200' title='bbox 669 2424 752 2489; x_wconf 85' lang='lat' dir='ltr'><strong>“nou</strong></span> <span class='ocrx_word' id='word_1_201' title='bbox 863 2422 1031 2505; x_wconf 88' lang='lat' dir='ltr'><strong>porcent&#39;&#39;.&#39;</strong></span> <span class='ocrx_word' id='word_1_202' title='bbox 1083 2427 1275 2487; x_wconf 75' lang='lat' dir='ltr'><strong>Memorabile</strong></span> 
     </span>
     <span class='ocr_line' id='line_1_24' title="bbox 126 2519 765 2597; baseline -0.005 -18"><span class='ocrx_word' id='word_1_203' title='bbox 126 2522 171 2580; x_wconf 86' lang='lat' dir='ltr'><strong>est</strong></span> <span class='ocrx_word' id='word_1_204' title='bbox 192 2519 490 2596; x_wconf 87' lang='lat' dir='ltr'><strong>homoeoprophoron</strong></span> <span class='ocrx_word' id='word_1_205' title='bbox 512 2521 582 2597; x_wconf 89' lang='lat' dir='ltr'><strong>post</strong></span> <span class='ocrx_word' id='word_1_206' title='bbox 604 2537 765 2579; x_wconf 87' lang='lat' dir='ltr'><strong>caesuram.</strong></span> 
     </span>
    </p>

    <p class='ocr_par' dir='ltr' id='par_1_6' title="bbox 125 2601 1276 3133">
     <span class='ocr_line' id='line_1_25' title="bbox 215 2601 1276 2683; baseline -0.003 -15"><span class='ocrx_word' id='word_1_207' title='bbox 215 2601 298 2670; x_wconf 78' lang='grc'><strong>335.</strong></span> <span class='ocrx_word' id='word_1_208' title='bbox 322 2607 445 2669; x_wconf 80' lang='lat' dir='ltr'><strong>Sonuins</strong></span> <span class='ocrx_word' id='word_1_209' title='bbox 468 2611 573 2669; x_wconf 88' lang='lat' dir='ltr'><strong>auctus</strong></span> <span class='ocrx_word' id='word_1_210' title='bbox 597 2607 636 2668; x_wconf 91' lang='lat' dir='ltr'><strong>ad</strong></span> <span class='ocrx_word' id='word_1_211' title='bbox 657 2607 806 2668; x_wconf 86' lang='lat' dir='ltr'><strong>Aeneidos</strong></span> <span class='ocrx_word' id='word_1_212' title='bbox 825 2606 841 2666; x_wconf 97' lang='lat' dir='ltr'>I</span> <span class='ocrx_word' id='word_1_213' title='bbox 861 2608 901 2667; x_wconf 85' lang='grc'><strong>76</strong></span> <span class='ocrx_word' id='word_1_214' title='bbox 927 2601 1052 2683; x_wconf 83' lang='lat' dir='ltr'><strong>‘Optare</strong></span> <span class='ocrx_word' id='word_1_215' title='bbox 1073 2625 1133 2666; x_wconf 90' lang='lat' dir='ltr'><strong>non</strong></span> <span class='ocrx_word' id='word_1_216' title='bbox 1155 2608 1276 2665; x_wconf 87' lang='lat' dir='ltr'><strong>tantum</strong></span> 
     </span>
     <span class='ocr_line' id='line_1_26' title="bbox 126 2685 1275 2777; baseline -0.001 -20"><span class='ocrx_word' id='word_1_217' title='bbox 126 2698 236 2776; x_wconf 83' lang='lat' dir='ltr'><strong>eligere</strong></span> <span class='ocrx_word' id='word_1_218' title='bbox 250 2697 408 2777; x_wconf 84' lang='lat' dir='ltr'><strong>significat,</strong></span> <span class='ocrx_word' id='word_1_219' title='bbox 426 2701 461 2757; x_wconf 94' lang='lat' dir='ltr'><strong>ut</strong></span> <span class='ocrx_word' id='word_1_220' title='bbox 474 2698 549 2758; x_wconf 90' lang='lat' dir='ltr'><strong>alibi</strong></span> <span class='ocrx_word' id='word_1_221' title='bbox 564 2693 765 2774; x_wconf 81' lang='lat' dir='ltr'><strong>“optauitque</strong></span> <span class='ocrx_word' id='word_1_222' title='bbox 785 2697 885 2756; x_wconf 91' lang='lat' dir='ltr'><strong>locum</strong></span> <span class='ocrx_word' id='word_1_223' title='bbox 898 2691 1014 2775; x_wconf 88' lang='lat' dir='ltr'><strong>regno”</strong></span> <span class='ocrx_word' id='word_1_224' title='bbox 1031 2687 1119 2776; x_wconf 86' lang='lat' dir='ltr'><strong>(Aen.</strong></span> <span class='ocrx_word' id='word_1_225' title='bbox 1129 2695 1176 2754; x_wconf 90' lang='lat' dir='ltr'><strong>HI</strong></span> <span class='ocrx_word' id='word_1_226' title='bbox 1188 2685 1275 2775; x_wconf 88' lang='grc'>109),</span> 
     </span>
     <span class='ocr_line' id='line_1_27' title="bbox 125 2783 1275 2863; baseline -0.002 -16"><span class='ocrx_word' id='word_1_227' title='bbox 125 2787 177 2847; x_wconf 89' lang='lat' dir='ltr'><strong>sod</strong></span> <span class='ocrx_word' id='word_1_228' title='bbox 209 2788 301 2847; x_wconf 88' lang='lat' dir='ltr'><strong>etiam</strong></span> <span class='ocrx_word' id='word_1_229' title='bbox 324 2788 415 2863; x_wconf 89' lang='lat' dir='ltr'><strong>uelle,</strong></span> <span class='ocrx_word' id='word_1_230' title='bbox 446 2789 482 2846; x_wconf 90' lang='lat' dir='ltr'><strong>ut</strong></span> <span class='ocrx_word' id='word_1_231' title='bbox 508 2788 564 2848; x_wconf 93' lang='lat' dir='ltr'><strong>hoo</strong></span> <span class='ocrx_word' id='word_1_232' title='bbox 591 2787 671 2862; x_wconf 87' lang='lat' dir='ltr'><strong>loco,</strong></span> <span class='ocrx_word' id='word_1_233' title='bbox 704 2785 776 2863; x_wconf 93' lang='lat' dir='ltr'><strong>quid</strong></span> <span class='ocrx_word' id='word_1_234' title='bbox 799 2786 893 2863; x_wconf 88' lang='lat' dir='ltr'><strong>optes,</strong></span> <span class='ocrx_word' id='word_1_235' title='bbox 917 2785 990 2860; x_wconf 91' lang='lat' dir='ltr'><strong>quid</strong></span> <span class='ocrx_word' id='word_1_236' title='bbox 1011 2784 1095 2844; x_wconf 89' lang='lat' dir='ltr'><strong>uelis.</strong></span> <span class='ocrx_word' id='word_1_237' title='bbox 1141 2783 1275 2845; x_wconf 86' lang='lat' dir='ltr'><strong>Lucilius</strong></span> 
     </span>
     <span class='ocr_line' id='line_1_28' title="bbox 125 2869 1275 2954; baseline -0.004 -18"><span class='ocrx_word' id='word_1_238' title='bbox 125 2877 157 2936; x_wconf 91' lang='lat' dir='ltr'><strong>in</strong></span> <span class='ocrx_word' id='word_1_239' title='bbox 179 2876 224 2934; x_wconf 86' lang='lat' dir='ltr'><strong>VI</strong></span> <span class='ocrx_word' id='word_1_240' title='bbox 248 2872 343 2952; x_wconf 75' lang='lat' dir='ltr'><strong>“qaid</strong></span> <span class='ocrx_word' id='word_1_241' title='bbox 365 2879 464 2954; x_wconf 89' lang='lat' dir='ltr'><strong>ipsum</strong></span> <span class='ocrx_word' id='word_1_242' title='bbox 487 2877 584 2937; x_wconf 85' lang='lat' dir='ltr'><strong>iacere</strong></span> <span class='ocrx_word' id='word_1_243' title='bbox 608 2870 726 2952; x_wconf 88' lang='lat' dir='ltr'><strong>optes&#39;&#39;‚</strong></span> <span class='ocrx_word' id='word_1_244' title='bbox 748 2875 781 2934; x_wconf 91' lang='lat' dir='ltr'><strong>id</strong></span> <span class='ocrx_word' id='word_1_245' title='bbox 804 2878 849 2935; x_wconf 88' lang='lat' dir='ltr'><strong>est</strong></span> <span class='ocrx_word' id='word_1_246' title='bbox 867 2869 963 2934; x_wconf 86' lang='lat' dir='ltr'><strong>uelis‘</strong></span> <span class='ocrx_word' id='word_1_247' title='bbox 1001 2874 1154 2953; x_wconf 85' lang='lat' dir='ltr'><strong>Vergilius</strong></span> <span class='ocrx_word' id='word_1_248' title='bbox 1172 2893 1200 2931; x_wconf 90' lang='lat' dir='ltr'><strong>u.</strong></span> <span class='ocrx_word' id='word_1_249' title='bbox 1215 2892 1238 2933; x_wconf 91' lang='lat' dir='ltr'><strong>s.</strong></span> <span class='ocrx_word' id='word_1_250' title='bbox 1253 2892 1275 2934; x_wconf 92' lang='lat' dir='ltr'><strong>s.</strong></span> 
     </span>
     <span class='ocr_line' id='line_1_29' title="bbox 127 2959 1274 3046; baseline -0.004 -20"><span class='ocrx_word' id='word_1_251' title='bbox 127 2961 221 3039; x_wconf 65' lang='lat' dir='ltr'><strong>‘tuus</strong></span> <span class='ocrx_word' id='word_1_252' title='bbox 250 2967 409 3046; x_wconf 90' lang='lat' dir='ltr'><strong>oregina‚</strong></span> <span class='ocrx_word' id='word_1_253' title='bbox 436 2966 508 3042; x_wconf 88' lang='lat' dir='ltr'><strong>quid</strong></span> <span class='ocrx_word' id='word_1_254' title='bbox 534 2968 631 3043; x_wconf 83' lang='lat' dir='ltr'><strong>optes,</strong></span> <span class='ocrx_word' id='word_1_255' title='bbox 654 2966 808 3042; x_wconf 84' lang='lat' dir='ltr'><strong>explorare</strong></span> <span class='ocrx_word' id='word_1_256' title='bbox 835 2959 942 3039; x_wconf 86' lang='lat' dir='ltr'><strong>labor&#39;,</strong></span> <span class='ocrx_word' id='word_1_257' title='bbox 966 2962 1075 3023; x_wconf 84' lang='lat' dir='ltr'><strong>Catull.</strong></span> <span class='ocrx_word' id='word_1_258' title='bbox 1093 2962 1218 3022; x_wconf 87' lang='lat' dir='ltr'><strong>LXXVI</strong></span> <span class='ocrx_word' id='word_1_259' title='bbox 1233 2963 1274 3022; x_wconf 81' lang='grc'><strong>96</strong></span> 
     </span>
     <span class='ocr_line' id='line_1_30' title="bbox 129 3048 1079 3133; baseline -0.004 -18"><span class='ocrx_word' id='word_1_260' title='bbox 129 3051 203 3132; x_wconf 83' lang='lat' dir='ltr'><strong>‘ipse</strong></span> <span class='ocrx_word' id='word_1_261' title='bbox 226 3056 328 3115; x_wconf 90' lang='lat' dir='ltr'><strong>ualere</strong></span> <span class='ocrx_word' id='word_1_262' title='bbox 350 3058 422 3133; x_wconf 93' lang='lat' dir='ltr'><strong>opto</strong></span> <span class='ocrx_word' id='word_1_263' title='bbox 446 3058 476 3115; x_wconf 89' lang='lat' dir='ltr'><strong>et</strong></span> <span class='ocrx_word' id='word_1_264' title='bbox 498 3059 629 3116; x_wconf 80' lang='lat' dir='ltr'><strong>taetmm</strong></span> <span class='ocrx_word' id='word_1_265' title='bbox 651 3056 730 3114; x_wconf 93' lang='lat' dir='ltr'><strong>hunc</strong></span> <span class='ocrx_word' id='word_1_266' title='bbox 753 3054 899 3131; x_wconf 91' lang='lat' dir='ltr'><strong>deponere</strong></span> <span class='ocrx_word' id='word_1_267' title='bbox 922 3048 1079 3113; x_wconf 89' lang='lat' dir='ltr'><strong>morbum’.</strong></span> 
     </span>
    </p>

    <p class='ocr_par' dir='ltr' id='par_1_7' title="bbox 126 3133 1280 3939">
     <span class='ocr_line' id='line_1_31' title="bbox 216 3133 1275 3224; baseline -0.004 -20"><span class='ocrx_word' id='word_1_268' title='bbox 216 3137 299 3207; x_wconf 78' lang='grc'><strong>336.</strong></span> <span class='ocrx_word' id='word_1_269' title='bbox 322 3145 438 3205; x_wconf 88' lang='lat' dir='ltr'><strong>Nonius</strong></span> <span class='ocrx_word' id='word_1_270' title='bbox 461 3165 491 3222; x_wconf 91' lang='lat' dir='ltr'><strong>p.</strong></span> <span class='ocrx_word' id='word_1_271' title='bbox 507 3146 580 3220; x_wconf 88' lang='lat'>500,</span> <span class='ocrx_word' id='word_1_272' title='bbox 601 3147 639 3204; x_wconf 79' lang='lat'><strong>21</strong></span> <span class='ocrx_word' id='word_1_273' title='bbox 667 3139 839 3204; x_wconf 80' lang='lat' dir='ltr'><strong>‘Ablatiuus</strong></span> <span class='ocrx_word' id='word_1_274' title='bbox 857 3163 912 3221; x_wconf 93' lang='lat' dir='ltr'><strong>pro</strong></span> <span class='ocrx_word' id='word_1_275' title='bbox 932 3144 1071 3222; x_wconf 89' lang='lat' dir='ltr'><strong>genetiuo</strong></span> <span class='ocrx_word' id='word_1_276' title='bbox 1090 3133 1164 3224; x_wconf 90' lang='lat' dir='ltr'><strong>(add</strong></span> <span class='ocrx_word' id='word_1_277' title='bbox 1181 3141 1275 3200; x_wconf 90' lang='lat' dir='ltr'><strong>Lach-</strong></span> 
     </span>
     <span class='ocr_line' id='line_1_32' title="bbox 126 3225 1275 3316; baseline -0.003 -23"><span class='ocrx_word' id='word_1_278' title='bbox 126 3252 266 3294; x_wconf 80' lang='lat' dir='ltr'><strong>mannus:</strong></span> <span class='ocrx_word' id='word_1_279' title='bbox 289 3236 337 3295; x_wconf 79' lang='lat' dir='ltr'><strong>ccl</strong></span> <span class='ocrx_word' id='word_1_280' title='bbox 358 3225 482 3316; x_wconf 76' lang='lat' dir='ltr'><strong>datico).</strong></span> <span class='ocrx_word' id='word_1_281' title='bbox 508 3233 657 3294; x_wconf 90' lang='lat' dir='ltr'><strong>...idem</strong></span> <span class='ocrx_word' id='word_1_282' title='bbox 674 3232 784 3294; x_wconf 86' lang='lat' dir='ltr'><strong>libVI</strong></span> <span class='ocrx_word' id='word_1_283' title='bbox 804 3228 855 3292; x_wconf 82' lang='lat' dir='ltr'><strong>“et</strong></span> <span class='ocrx_word' id='word_1_284' title='bbox 875 3233 907 3293; x_wconf 91' lang='lat' dir='ltr'><strong>id</strong></span> <span class='ocrx_word' id='word_1_285' title='bbox 927 3235 1098 3309; x_wconf 80' lang='lat' dir='ltr'><strong>...reique</strong></span> <span class='ocrx_word' id='word_1_286' title='bbox 1116 3226 1275 3292; x_wconf 86' lang='lat' dir='ltr'><strong>resistit”.&#39;</strong></span> 
     </span>
     <span class='ocr_line' id='line_1_33' title="bbox 126 3321 1277 3400; baseline -0.003 -17"><span class='ocrx_word' id='word_1_287' title='bbox 126 3323 225 3400; x_wconf 75' lang='lat' dir='ltr'><strong>Reque</strong></span> <span class='ocrx_word' id='word_1_288' title='bbox 247 3324 277 3383; x_wconf 84' lang='lat' dir='ltr'><strong>L</strong></span> <span class='ocrx_word' id='word_1_289' title='bbox 299 3329 377 3384; x_wconf 86' lang='grc' dir='ltr'><strong>νι.1</strong></span> <span class='ocrx_word' id='word_1_290' title='bbox 405 3324 513 3385; x_wconf 90' lang='lat' dir='ltr'><strong>habere</strong></span> <span class='ocrx_word' id='word_1_291' title='bbox 545 3326 644 3385; x_wconf 90' lang='lat' dir='ltr'><strong>uisum</strong></span> <span class='ocrx_word' id='word_1_292' title='bbox 673 3328 719 3384; x_wconf 85' lang='lat' dir='ltr'><strong>est</strong></span> <span class='ocrx_word' id='word_1_293' title='bbox 745 3322 897 3383; x_wconf 88' lang='lat' dir='ltr'><strong>Muellero.</strong></span> <span class='ocrx_word' id='word_1_294' title='bbox 949 3321 1124 3400; x_wconf 84' lang='lat' dir='ltr'><strong>Significare</strong></span> <span class='ocrx_word' id='word_1_295' title='bbox 1156 3321 1277 3382; x_wconf 90' lang='lat' dir='ltr'><strong>uidetur</strong></span> 
     </span>
     <span class='ocr_line' id='line_1_34' title="bbox 126 3411 1276 3491; baseline 0 -19"><span class='ocrx_word' id='word_1_296' title='bbox 126 3417 215 3490; x_wconf 83' lang='lat' dir='ltr'><strong>poeta</strong></span> <span class='ocrx_word' id='word_1_297' title='bbox 246 3413 279 3472; x_wconf 91' lang='lat' dir='ltr'><strong>id</strong></span> <span class='ocrx_word' id='word_1_298' title='bbox 310 3413 392 3491; x_wconf 89' lang='lat' dir='ltr'><strong>quod</strong></span> <span class='ocrx_word' id='word_1_299' title='bbox 415 3413 571 3474; x_wconf 87' lang='lat' dir='ltr'><strong>didicimus</strong></span> <span class='ocrx_word' id='word_1_300' title='bbox 599 3413 766 3491; x_wconf 87' lang='lat' dir='ltr'><strong>studiisque</strong></span> <span class='ocrx_word' id='word_1_301' title='bbox 793 3412 967 3472; x_wconf 88' lang='lat' dir='ltr'><strong>liberalibus</strong></span> <span class='ocrx_word' id='word_1_302' title='bbox 995 3411 1080 3472; x_wconf 89' lang='lat' dir='ltr'><strong>nobis</strong></span> <span class='ocrx_word' id='word_1_303' title='bbox 1108 3413 1276 3489; x_wconf 89' lang='lat' dir='ltr'><strong>peperimus</strong></span> 
     </span>
     <span class='ocr_line' id='line_1_35' title="bbox 128 3493 1280 3583; baseline -0.003 -21"><span class='ocrx_word' id='word_1_304' title='bbox 128 3501 207 3578; x_wconf 91' lang='lat' dir='ltr'><strong>quod</strong></span> <span class='ocrx_word' id='word_1_305' title='bbox 234 3501 319 3562; x_wconf 89' lang='lat' dir='ltr'><strong>nobis</strong></span> <span class='ocrx_word' id='word_1_306' title='bbox 348 3498 476 3563; x_wconf 85' lang='lat' dir='ltr'><strong>‘auferre</strong></span> <span class='ocrx_word' id='word_1_307' title='bbox 504 3522 564 3563; x_wconf 93' lang='lat' dir='ltr'><strong>non</strong></span> <span class='ocrx_word' id='word_1_308' title='bbox 590 3505 685 3581; x_wconf 89' lang='lat' dir='ltr'><strong>possit</strong></span> <span class='ocrx_word' id='word_1_309' title='bbox 712 3503 771 3563; x_wconf 89' lang='lat' dir='ltr'><strong>nisi</strong></span> <span class='ocrx_word' id='word_1_310' title='bbox 799 3497 904 3563; x_wconf 87' lang='lat' dir='ltr'><strong>Orcus&#39;</strong></span> <span class='ocrx_word' id='word_1_311' title='bbox 936 3493 1154 3583; x_wconf 69' lang='lat' dir='ltr'><strong>(Petronii).</strong></span> <span class='ocrx_word' id='word_1_312' title='bbox 1202 3499 1280 3560; x_wconf 80' lang='grc' dir='ltr'><strong>0οαί</strong></span> 
     </span>
     <span class='ocr_line' id='line_1_36' title="bbox 128 3585 1277 3672; baseline 0 -22"><span class='ocrx_word' id='word_1_313' title='bbox 128 3592 329 3672; x_wconf 86' lang='lat' dir='ltr'><strong>apopthegma</strong></span> <span class='ocrx_word' id='word_1_314' title='bbox 355 3592 436 3669; x_wconf 88' lang='lat' dir='ltr'><strong>apud</strong></span> <span class='ocrx_word' id='word_1_315' title='bbox 459 3591 547 3672; x_wconf 90' lang='lat' dir='ltr'><strong>Diog.</strong></span> <span class='ocrx_word' id='word_1_316' title='bbox 565 3593 664 3654; x_wconf 80' lang='lat' dir='ltr'><strong>Laert.</strong></span> <span class='ocrx_word' id='word_1_317' title='bbox 678 3592 707 3651; x_wconf 87' lang='lat' dir='ltr'>V</span> <span class='ocrx_word' id='word_1_318' title='bbox 728 3594 768 3652; x_wconf 93' lang='grc'><strong>19</strong></span> <span class='ocrx_word' id='word_1_319' title='bbox 796 3589 852 3671; x_wconf 79' lang='grc' dir='ltr'><strong>τήν</strong></span> <span class='ocrx_word' id='word_1_320' title='bbox 878 3590 1016 3652; x_wconf 76' lang='grc' dir='ltr'><strong><em>παιδείαν</em></strong></span> <span class='ocrx_word' id='word_1_321' title='bbox 1043 3587 1139 3670; x_wconf 72' lang='grc' dir='ltr'><strong><em>ἔλεγεν</em></strong></span> <span class='ocrx_word' id='word_1_322' title='bbox 1166 3587 1199 3651; x_wconf 78' lang='grc' dir='ltr'><strong>ἐν</strong></span> <span class='ocrx_word' id='word_1_323' title='bbox 1222 3585 1277 3668; x_wconf 71' lang='grc' dir='ltr'><strong>μὶν</strong></span> 
     </span>
     <span class='ocr_line' id='line_1_37' title="bbox 127 3673 1276 3762; baseline -0.003 -22"><span class='ocrx_word' id='word_1_324' title='bbox 127 3685 191 3753; x_wconf 82' lang='grc' dir='ltr'><strong><em>ταῖς</em></strong></span> <span class='ocrx_word' id='word_1_325' title='bbox 217 3679 363 3761; x_wconf 74' lang='grc' dir='ltr'><strong><em>εὐτυχίαις</em></strong></span> <span class='ocrx_word' id='word_1_326' title='bbox 389 3673 466 3741; x_wconf 80' lang='grc' dir='ltr'><strong><em>εἶναι</em></strong></span> <span class='ocrx_word' id='word_1_327' title='bbox 491 3681 619 3762; x_wconf 81' lang='grc' dir='ltr'><strong>κόσμον,</strong></span> <span class='ocrx_word' id='word_1_328' title='bbox 646 3679 679 3743; x_wconf 79' lang='grc' dir='ltr'><strong>ἒν</strong></span> <span class='ocrx_word' id='word_1_329' title='bbox 706 3678 738 3744; x_wconf 72' lang='grc' dir='ltr'><strong>δὲ</strong></span> <span class='ocrx_word' id='word_1_330' title='bbox 761 3685 825 3754; x_wconf 82' lang='grc' dir='ltr'><strong><em>ταῖς</em></strong></span> <span class='ocrx_word' id='word_1_331' title='bbox 847 3678 980 3761; x_wconf 76' lang='grc' dir='ltr'><strong><em>ἀτυχίαις</em></strong></span> <span class='ocrx_word' id='word_1_332' title='bbox 1002 3677 1179 3760; x_wconf 78' lang='grc' dir='ltr'><strong><em>καταφυγήν</em></strong></span> <span class='ocrx_word' id='word_1_333' title='bbox 1202 3673 1276 3760; x_wconf 88' lang='lat' dir='ltr'><strong>(cic.</strong></span> 
     </span>
     <span class='ocr_line' id='line_1_38' title="bbox 127 3763 1276 3852; baseline -0.004 -22"><span class='ocrx_word' id='word_1_334' title='bbox 127 3788 182 3848; x_wconf 88' lang='lat' dir='ltr'><strong>pro</strong></span> <span class='ocrx_word' id='word_1_335' title='bbox 206 3770 293 3831; x_wconf 88' lang='lat' dir='ltr'><strong>Arch.</strong></span> <span class='ocrx_word' id='word_1_336' title='bbox 310 3763 375 3852; x_wconf 90' lang='grc'><strong>16).</strong></span> <span class='ocrx_word' id='word_1_337' title='bbox 417 3774 444 3831; x_wconf 74' lang='lat' dir='ltr'><strong>ct</strong></span> <span class='ocrx_word' id='word_1_338' title='bbox 469 3773 502 3831; x_wconf 91' lang='lat' dir='ltr'><strong>in</strong></span> <span class='ocrx_word' id='word_1_339' title='bbox 530 3774 611 3832; x_wconf 87' lang='lat' dir='ltr'><strong>exitu</strong></span> <span class='ocrx_word' id='word_1_340' title='bbox 640 3790 744 3832; x_wconf 88' lang='lat' dir='ltr'><strong>uorsus</strong></span> <span class='ocrx_word' id='word_1_341' title='bbox 767 3774 802 3831; x_wconf 85' lang='lat' dir='ltr'><strong>ut</strong></span> <span class='ocrx_word' id='word_1_342' title='bbox 824 3770 876 3830; x_wconf 92' lang='lat' dir='ltr'><strong>lib.</strong></span> <span class='ocrx_word' id='word_1_343' title='bbox 890 3769 962 3829; x_wconf 88' lang='lat' dir='ltr'><strong>XVI</strong></span> <span class='ocrx_word' id='word_1_344' title='bbox 981 3789 1009 3828; x_wconf 94' lang='lat' dir='ltr'><strong>u.</strong></span> <span class='ocrx_word' id='word_1_345' title='bbox 1027 3769 1104 3828; x_wconf 76' lang='lat'><strong>522:</strong></span> <span class='ocrx_word' id='word_1_346' title='bbox 1128 3767 1198 3827; x_wconf 89' lang='lat' dir='ltr'><strong>uide</strong></span> <span class='ocrx_word' id='word_1_347' title='bbox 1216 3766 1276 3826; x_wconf 94' lang='lat' dir='ltr'><strong>ind.</strong></span> 
     </span>
     <span class='ocr_line' id='line_1_39' title="bbox 128 3862 852 3939; baseline -0.007 -17"><span class='ocrx_word' id='word_1_348' title='bbox 128 3878 252 3939; x_wconf 77' lang='lat' dir='ltr'><strong>gramm.</strong></span> <span class='ocrx_word' id='word_1_349' title='bbox 272 3880 294 3921; x_wconf 90' lang='lat' dir='ltr'><strong>s.</strong></span> <span class='ocrx_word' id='word_1_350' title='bbox 309 3880 337 3919; x_wconf 90' lang='lat' dir='ltr'><strong>u.</strong></span> <span class='ocrx_word' id='word_1_351' title='bbox 355 3862 573 3938; x_wconf 69' lang='lat' dir='ltr'><strong>monosyllabon</strong></span> <span class='ocrx_word' id='word_1_352' title='bbox 596 3864 627 3920; x_wconf 85' lang='lat' dir='ltr'><strong>ct</strong></span> <span class='ocrx_word' id='word_1_353' title='bbox 648 3862 852 3937; x_wconf 73' lang='lat' dir='ltr'><strong>bocdiadyoin.</strong></span> 
     </span>
    </p>

    <p class='ocr_par' dir='ltr' id='par_1_8' title="bbox 129 3942 1279 4564">
     <span class='ocr_line' id='line_1_40' title="bbox 219 3942 1277 4027; baseline -0.006 -18"><span class='ocrx_word' id='word_1_354' title='bbox 219 3942 303 4011; x_wconf 78' lang='grc'><strong>238.</strong></span> <span class='ocrx_word' id='word_1_355' title='bbox 330 3949 446 4011; x_wconf 86' lang='lat' dir='ltr'><strong>Nonius</strong></span> <span class='ocrx_word' id='word_1_356' title='bbox 472 3970 502 4027; x_wconf 94' lang='lat' dir='ltr'><strong>p.</strong></span> <span class='ocrx_word' id='word_1_357' title='bbox 518 3951 573 4025; x_wconf 88' lang='grc'><strong>68,</strong></span> <span class='ocrx_word' id='word_1_358' title='bbox 593 3952 634 4009; x_wconf 81' lang='grc'><strong>99</strong></span> <span class='ocrx_word' id='word_1_359' title='bbox 667 3945 851 4010; x_wconf 77' lang='lat' dir='ltr'><strong>‘Abstomius</strong></span> <span class='ocrx_word' id='word_1_360' title='bbox 945 3946 1078 4006; x_wconf 91' lang='lat' dir='ltr'><strong>Lucilius</strong></span> <span class='ocrx_word' id='word_1_361' title='bbox 1106 3948 1277 4022; x_wconf 82' lang='lat' dir='ltr'><strong>satyrarum</strong></span> 
     </span>
     <span class='ocr_line' id='line_1_41' title="bbox 129 4032 1278 4122; baseline -0.003 -24"><span class='ocrx_word' id='word_1_362' title='bbox 129 4038 238 4098; x_wconf 85' lang='lat' dir='ltr'><strong>lib.V1</strong></span> <span class='ocrx_word' id='word_1_363' title='bbox 271 4034 486 4100; x_wconf 54' lang='lat' dir='ltr'><strong>“daummcm</strong></span> <span class='ocrx_word' id='word_1_364' title='bbox 517 4042 617 4116; x_wconf 89' lang='lat' dir='ltr'><strong>inquit</strong></span> <span class='ocrx_word' id='word_1_365' title='bbox 649 4032 709 4122; x_wconf 85' lang='lat' dir='ltr'><strong>(ita</strong></span> <span class='ocrx_word' id='word_1_366' title='bbox 740 4036 904 4111; x_wconf 80' lang='lat' dir='ltr'><strong>Guelferb,</strong></span> <span class='ocrx_word' id='word_1_367' title='bbox 940 4037 1136 4096; x_wconf 60' lang='lat' dir='ltr'><strong>decomeco</strong></span> <span class='ocrx_word' id='word_1_368' title='bbox 1173 4035 1278 4109; x_wconf 71' lang='lat' dir='ltr'><strong>inquid</strong></span> 
     </span>
     <span class='ocr_line' id='line_1_42' title="bbox 129 4122 1278 4210; baseline -0.003 -23"><span class='ocrx_word' id='word_1_369' title='bbox 129 4122 297 4210; x_wconf 86' lang='lat' dir='ltr'><strong>Leidensie)</strong></span> <span class='ocrx_word' id='word_1_370' title='bbox 319 4130 414 4189; x_wconf 82' lang='grc' dir='ltr'><strong><em>αιιίνιι</em></strong></span> <span class='ocrx_word' id='word_1_371' title='bbox 433 4175 439 4188; x_wconf 90' lang='grc'><strong>.</strong></span> <span class='ocrx_word' id='word_1_372' title='bbox 456 4174 484 4187; x_wconf 94' lang='grc'><strong>..</strong></span> <span class='ocrx_word' id='word_1_373' title='bbox 504 4123 633 4188; x_wconf 86' lang='lat' dir='ltr'><strong>audit&#39;&#39;.’</strong></span> <span class='ocrx_word' id='word_1_374' title='bbox 677 4126 875 4188; x_wconf 80' lang='lat' dir='ltr'><strong>Consentiunt</strong></span> <span class='ocrx_word' id='word_1_375' title='bbox 896 4125 1104 4186; x_wconf 86' lang='lat' dir='ltr'><strong>Lachmannus</strong></span> <span class='ocrx_word' id='word_1_376' title='bbox 1127 4123 1278 4202; x_wconf 88' lang='lat' dir='ltr'><strong>Hauptius</strong></span> 
     </span>
     <span class='ocr_line' id='line_1_43' title="bbox 130 4211 1278 4300; baseline -0.003 -22"><span class='ocrx_word' id='word_1_377' title='bbox 130 4211 244 4299; x_wconf 92' lang='lat' dir='ltr'><strong>(opusc.</strong></span> <span class='ocrx_word' id='word_1_378' title='bbox 262 4217 279 4276; x_wconf 94' lang='grc' dir='ltr'><strong>Ι</strong></span> <span class='ocrx_word' id='word_1_379' title='bbox 295 4239 324 4295; x_wconf 89' lang='lat' dir='ltr'><strong>p.</strong></span> <span class='ocrx_word' id='word_1_380' title='bbox 341 4211 420 4300; x_wconf 84' lang='grc'>901)</span> <span class='ocrx_word' id='word_1_381' title='bbox 438 4218 473 4277; x_wconf 91' lang='lat' dir='ltr'><strong>L.</strong></span> <span class='ocrx_word' id='word_1_382' title='bbox 487 4218 647 4278; x_wconf 87' lang='lat' dir='ltr'><strong>Muellerus</strong></span> <span class='ocrx_word' id='word_1_383' title='bbox 665 4216 814 4278; x_wconf 88' lang='lat' dir='ltr'><strong>balbutire</strong></span> <span class='ocrx_word' id='word_1_384' title='bbox 833 4215 988 4275; x_wconf 89' lang='lat' dir='ltr'><strong>mulierem</strong></span> <span class='ocrx_word' id='word_1_385' title='bbox 1006 4217 1052 4276; x_wconf 86' lang='lat' dir='ltr'><strong>ita</strong></span> <span class='ocrx_word' id='word_1_386' title='bbox 1068 4217 1104 4273; x_wconf 87' lang='lat' dir='ltr'><strong>ut</strong></span> <span class='ocrx_word' id='word_1_387' title='bbox 1122 4215 1278 4275; x_wconf 60' lang='lat' dir='ltr'><strong>&amp;litterae</strong></span> 
     </span>
     <span class='ocr_line' id='line_1_44' title="bbox 130 4305 1279 4383; baseline -0.001 -18"><span class='ocrx_word' id='word_1_388' title='bbox 130 4308 252 4368; x_wconf 85' lang='lat' dir='ltr'><strong>delicias</strong></span> <span class='ocrx_word' id='word_1_389' title='bbox 280 4307 455 4368; x_wconf 83' lang='lat' dir='ltr'><strong>adlectnrot:</strong></span> <span class='ocrx_word' id='word_1_390' title='bbox 483 4325 664 4383; x_wconf 88' lang='lat' dir='ltr'><strong>quamquam</strong></span> <span class='ocrx_word' id='word_1_391' title='bbox 692 4311 723 4367; x_wconf 88' lang='lat' dir='ltr'><strong>et</strong></span> <span class='ocrx_word' id='word_1_392' title='bbox 748 4306 804 4366; x_wconf 89' lang='lat' dir='ltr'><strong>hoo</strong></span> <span class='ocrx_word' id='word_1_393' title='bbox 831 4305 1062 4366; x_wconf 87' lang='lat' dir='ltr'><strong>incertissimum</strong></span> <span class='ocrx_word' id='word_1_394' title='bbox 1089 4307 1121 4365; x_wconf 88' lang='lat' dir='ltr'><strong>et</strong></span> <span class='ocrx_word' id='word_1_395' title='bbox 1143 4323 1178 4364; x_wconf 92' lang='lat' dir='ltr'><strong>ea</strong></span> <span class='ocrx_word' id='word_1_396' title='bbox 1201 4324 1279 4380; x_wconf 90' lang='lat' dir='ltr'><strong>quae</strong></span> 
     </span>
     <span class='ocr_line' id='line_1_45' title="bbox 130 4393 1279 4476; baseline -0.002 -20"><span class='ocrx_word' id='word_1_397' title='bbox 130 4415 254 4473; x_wconf 90' lang='lat' dir='ltr'><strong>posuere</strong></span> <span class='ocrx_word' id='word_1_398' title='bbox 285 4397 392 4476; x_wconf 79' lang='grc' dir='ltr'><strong><em>Θαῦμα</em></strong></span> <span class='ocrx_word' id='word_1_399' title='bbox 422 4393 475 4475; x_wconf 72' lang='grc' dir='ltr'><strong>μέν</strong></span> <span class='ocrx_word' id='word_1_400' title='bbox 502 4396 613 4456; x_wconf 90' lang='lat' dir='ltr'><strong>similia</strong></span> <span class='ocrx_word' id='word_1_401' title='bbox 640 4396 751 4456; x_wconf 91' lang='lat' dir='ltr'><strong>nemini</strong></span> <span class='ocrx_word' id='word_1_402' title='bbox 782 4394 953 4473; x_wconf 87' lang='lat' dir='ltr'><strong>placebunt.</strong></span> <span class='ocrx_word' id='word_1_403' title='bbox 1003 4395 1105 4472; x_wconf 85' lang='lat' dir='ltr'><strong>Atque</strong></span> <span class='ocrx_word' id='word_1_404' title='bbox 1133 4393 1279 4455; x_wconf 85' lang='lat' dir='ltr'><strong>Graecum</strong></span> 
     </span>
     <span class='ocr_line' id='line_1_46' title="bbox 129 4484 1278 4564; baseline -0.002 -19"><span class='ocrx_word' id='word_1_405' title='bbox 129 4485 309 4546; x_wconf 91' lang='lat' dir='ltr'><strong>uocabulum</strong></span> <span class='ocrx_word' id='word_1_406' title='bbox 344 4485 463 4546; x_wconf 88' lang='lat' dir='ltr'><strong>restitui</strong></span> <span class='ocrx_word' id='word_1_407' title='bbox 504 4489 640 4564; x_wconf 86' lang='lat' dir='ltr'><strong>oportere</strong></span> <span class='ocrx_word' id='word_1_408' title='bbox 680 4488 785 4564; x_wconf 85' lang='lat' dir='ltr'><strong>utique</strong></span> <span class='ocrx_word' id='word_1_409' title='bbox 821 4485 1011 4560; x_wconf 83' lang='lat' dir='ltr'><strong>concesseris3</strong></span> <span class='ocrx_word' id='word_1_410' title='bbox 1053 4484 1106 4545; x_wconf 87' lang='lat' dir='ltr'><strong>scd</strong></span> <span class='ocrx_word' id='word_1_411' title='bbox 1141 4485 1278 4561; x_wconf 90' lang='lat' dir='ltr'><strong>inprimis</strong></span> 
     </span>
    </p>
   </div>
   <div class='ocr_carea' id='block_1_4' title="bbox 0 0 1542 5010">
    <p class='ocr_par' dir='ltr' id='par_1_9' title="bbox 0 0 1542 5010">
     <span class='ocr_line' id='line_1_47' title="bbox 0 0 1542 5010; baseline 0 0"><span class='ocrx_word' id='word_1_412' title='bbox 0 0 1542 5010; x_wconf 95' lang='lat' dir='ltr'><strong> </strong></span> 
     </span>
    </p>
   </div>
  </div>
 </body>
</html>
