3000 5002
230 352 297 417 362
592 353 690 408 neem.
710 353 767 408 sed.
787 371 814 407 u.
836 358 1019 407 555-5555.

230 522 268 581 51
291 522 406 581 XXVII
424 543 452 581 5.
470 525 534 583 710
552 522 650 582 XXIX
669 542 698 581 u.
714 515 804 604 843),
826 521 933 581 deinde
952 524 1010 582 laci
1033 524 1154 597 effictae,
1177 525 1244 582 tum
1263 525 1394 584 cinaedo

231 615 262 672 et
283 615 418 673 sectatori
439 629 501 672 sco.
542 611 724 690 Appellatur
747 631 849 673 scurra
871 612 923 671 ille
943 610 1092 688 Scipionis
1114 613 1245 688 primum
1264 614 1394 674 (15115155

230 706 261 761 51
293 703 345 762 luc
376 704 454 777 eius,
490 705 556 762 tum
588 720 652 762 sese
683 701 780 778 ipsum
814 702 938 779 corrigit
969 703 1058 779 poeta
1090 701 1285 778 appellatque
1319 723 1390 762 eum

230 793 384 852 5155551555
415 796 446 851 51
477 796 644 852 sectatorem
675 793 752 867 eius,
783 811 842 868 quo
875 791 962 851 modo
989 792 1101 850 rectius
1129 790 1239 867 aliquis
1266 790 1391 852 Lucilio

230 881 326 941 iudice
347 882 498 941 homiuem
521 882 663 941 nominet.
709 886 795 954 51555
822 881 894 940 odeo
921 880 1053 957 positum
1082 883 1117 940 ut
1140 878 1199 940 Cic.
1218 899 1274 957 pro
1298 881 1389 941 Rosc.

229 970 296 1029 Am.
317 973 358 1031 29
393 966 459 1032 ‘hoc
492 972 616 1043 55551115
645 973 734 1048 51555
763 969 836 1030 adeo
863 970 919 1029 hac
950 971 1081 1030 amentia
1112 966 1247 1046 impulsi'
1276 990 1302 1029 e.
1318 991 1346 1047 q.
1364 990 1388 1031 5.

231 1058 386 1119 0511115
417 1055 509 1120 ‘intra
535 1060 654 1120 moenia
681 1062 773 1136 atque
801 1059 875 1119 adeo
902 1060 934 1119 iu
964 1055 1091 1119 senatu’.
1136 1060 1291 1128 5555155,
1319 1079 1390 1120 mea

229 1151 301 1219 aito,
324 1166 407 1209 meres
428 1150 490 1209 dias
512 1150 604 1222 festos
626 1151 715 1209 tritas
743 1148 902 1209 cottidiani
929 1147 1072 1210 sermonis
1094 1147 1257 1209 blanditias
1281 1168 1389 1211 omnes

229 1241 341 1300 norunt
363 1259 399 1298 ex
422 1239 574 1298 comoedia
598 1238 716 1298 Catullo
740 1238 822 1298 aliis:
845 1240 903 1298 laci
926 1257 996 1298 suae
1020 1237 1113 1317 igitur
1136 1238 1249 1297 dictum
1272 1240 1389 1298 51155

228 1346 294 1389 meo
327 1327 605 1403 051511,68,132.
631 1329 708 1403 160,
740 1332 792 1389 eea
823 1330 887 1387 5115
919 1328 995 1403 155,
1027 1346 1111 1387 meae
1143 1327 1225 1387 uitae
1255 1329 1387 1402 104,1.

232 1420 357 1494 109,1.
382 1419 514 1492 45,13;
541 1420 586 1478 115
615 1416 775 1478 Horatium
806 1418 941 1494 appellat
970 1435 1036 1476 meo
1067 1419 1131 1476 5115
1161 1417 1320 1477 Maecenas
1353 1420 1388 1477 in

229 1508 359 1567 carmine
381 1507 603 1584 eclipses,
624 1511 640 1567 1
666 1507 848 1567 Baehreusii.
872 1539 914 1548 -
938 1507 1052 1579 effictae
1074 1509 1191 1566 mutare
1214 1524 1305 1567 ausus
1324 1527 1388 1567 non

229 1616 310 1656 sum:
342 1596 461 1657 uidetur
491 1597 587 1657 dicere
619 1598 769 1656 hominem
801 1595 931 1656 nitidum
957 1596 1075 1655 lautum
1103 1600 1211 1655 tersum
1237 1595 1387 1673 Lucilius,

230 1687 319 1747 sicuti
343 1685 417 1747 (lato
441 1686 477 1746 de
500 1686 566 1764 agri
589 1687 660 1746 cult.
676 1688 727 1761 67,
748 1688 766 1745 2
792 1681 921 1746 ‘fiscinas
944 1686 1070 1763 spongia
1092 1680 1227 1763 effingat'
1248 1684 1308 1745 015.
1327 1706 1386 1763 pro

232 1775 306 1836 Sest.
332 1778 373 1834 77
403 1772 431 1836 ‘e
462 1776 527 1836 soro
560 1776 693 1854 spongiis
722 1775 826 1853 effingi
852 1769 1038 1854 sanguinem'
1068 1775 1140 1834 coni
1163 1774 1242 1834 Fest
1265 1796 1295 1852 p.
1317 1776 1384 1836 363

231 1860 367 1925 ‘Tereum
395 1865 474 1924 diem
500 1883 555 1941 pro
583 1882 686 1925 sereno
713 1864 827 1924 dictum
854 1864 891 1923 ab
919 1865 1051 1939 antiquis
1074 1882 1128 1923 nec
1152 1882 1182 1923 55
1204 1863 1315 1924 habere
1338 1868 1387 1925 rei

230 1957 382 2014 auctorem
414 1950 479 2013 ait'.
528 1954 636 2030 Itaque
668 1954 711 2013 ni]
741 1953 918 2013 mutandum
950 1953 1009 2012 nisi
1040 1956 1173 2014 51141
1206 1956 1269 2028 ipse
1302 1955 1387 2030 quod

229 2042 342 2102 dudum
378 2044 553 2103 restitutum
589 2045 642 2103 551.
701 2043 843 2103 Praesens
884 2045 1028 2118 intorquet
1062 2042 1176 2102 iudicat
1212 2041 1386 2120 Scipionem

231 2132 394 2192 etiamtunc
425 2132 541 2192 uiuere:
570 2135 673 2210 itaque
700 2132 770 2192 libri
798 2132 880 2191 XXX
912 2133 1112 2209 fragmentum
1145 2132 1303 2208 attribuas,
1333 2135 1385 2193 uel

229 2222 360 2281 XXVIII
392 2222 440 2280 uel
467 2222 578 2281 XXIX:
610 2242 626 2281 e
653 2222 736 2280 XXX
767 2221 844 2280 libro
877 2220 975 2280 adfert
1005 2221 1112 2280 Festus
1139 2240 1168 2279 u.
1195 2223 1278 2282 1031
1310 2241 1333 2281 5.
1353 2244 1383 2281 u.

229 2315 326 2386 15555.
364 2309 436 2380 Quis
450 2312 541 2370 fuerit
555 2330 657 2372 semro
669 2312 722 2370 1115
737 2310 894 2388 Scipionis,
912 2329 971 2370 non
990 2309 1136 2369 traditum
1154 2312 1212 2371 est:
1231 2310 1386 2371 Lucilium

229 2400 328 2477 ipsum
351 2400 409 2460 dici
437 2401 500 2461 noli
522 2401 654 2476 credere,
681 2400 782 2461 obstat
808 2399 988 2459 uocabulum
1016 2401 1163 2460 51555155.
1210 2399 1328 2460 0551511
1350 2401 1385 2460 15

229 2509 331 2550 uersus
354 2494 447 2568 poeta
467 2490 692 2551 altercationem
712 2490 859 2566 Scipionis
882 2492 913 2548 et
931 2508 1050 2549 scurrae
1067 2489 1149 2550 iliius
1168 2489 1258 2550 sicuti
1276 2489 1386 2551 Grauii

229 2581 383 2657 praeconis
407 2579 519 2639 dictum
541 2579 591 2639 lib.
606 2581 650 2639 XI
668 2600 696 2638 u.
712 2583 785 2638 411.
826 2578 932 2639 Datiui
950 2580 981 2638 in
1000 2579 1133 2639 membra
1151 2579 1210 2639 duo
1229 2579 1385 2655 dispertiti

230 2672 307 2743 sunt,
331 2668 449 2745 utrique
470 2674 496 2728 et
513 2671 708 2746 praeponitur
726 2668 872 2729 membro:
895 2670 927 2727 iu
944 2669 1045 2745 priore
1062 2667 1195 2728 membro
1214 2669 1385 2745 asyndeton

230 2758 364 2818 exhibuit
387 2761 417 2818 et
439 2763 524 2832 51555
546 2759 739 2836 particulam:
762 2759 834 2818 conf
854 2756 1196 2831 Caes.b.G.H18,1.

321 2840 426 2909 1143.
458 2847 600 2908 Isidorusv
623 2850 696 2927 orig.
716 2848 786 2907 XIX
802 2849 890 2923 30,1
927 2843 1055 2908 ‘Corona
1087 2846 1203 2925 insigne
1235 2848 1385 2910 uictoriae

231 2936 293 2996 siue
316 2938 392 3015 regii
414 2937 535 2997 honoris
558 2939 676 3016 siguum
766 2938 840 2997 haec
863 2956 881 2996 a
904 2936 1021 2996 Lucilio
1044 2937 1164 3013 corolla,
1188 2936 1226 2995 ab
1249 2935 1385 3000 Homero

230 3025 362 3104 στεφάνη
385 3025 466 3087 dicta
489 3023 555 3087 est'.

319 3106 425 3177 1144.
450 3114 576 3176 Crebrae
603 3119 807 3193 papaueratae
835 3117 939 3193 quales
967 3120 1065 3176 uestes
1093 3115 1206 3175 fuerint
1228 3134 1289 3174 non
1312 3135 1384 3177 con-

229 3206 298 3265 stat.
336 3204 495 3266 (lonsertur
508 3206 539 3264 in
553 3204 726 3266 Forcellinii
739 3206 833 3266 lexico
848 3209 878 3265 et
896 3205 1039 3283 Hesychii
1056 3207 1157 3284 glossa
1175 3203 1310 3283 μήκωνες
1330 3253 1336 3264 .
1353 3253 1359 3264 .
1377 3254 1383 3265 .

228 3293 352 3372 ὕφασμα
388 3294 532 3373 βύσσινον
564 3298 594 3355 51
626 3296 702 3354 Ρ115.
721 3294 740 3353 l.
755 3314 777 3354 5.
797 3295 867 3354 XIX
887 3297 925 3353 21
962 3290 1020 3355 ‘est
1055 3297 1086 3355 51
1117 3294 1196 3354 iuter
1226 3312 1384 3371 papauera

229 3402 321 3461 genus
341 3384 498 3461 quoddam,
518 3405 576 3461 quo
596 3384 754 3444 candorem
772 3385 866 3445 lintea
883 3386 1078 3462 praecipuum
1097 3378 1232 3443 trahunt'
1252 3404 1383 3460 quorum

228 3468 363 3533 locorum
385 3478 491 3533 neuter
513 3476 570 3533 huc
594 3476 734 3551 pertinet,
757 3493 824 3534 cum
842 3474 957 3533 Plinius
976 3473 1012 3532 de
1030 3473 1101 3532 lana
1120 3463 1205 3553 (conf
1220 3472 1294 3532 VHI
1316 3476 1382 3534 194

230 3557 355 3622 ‘Lanam
378 3564 411 3621 in
434 3564 500 3622 colu
519 3566 550 3623 51
568 3559 645 3623 iuso'
670 3584 693 3623 5.
709 3584 736 3640 q.
751 3556 788 3645 s.)
807 3564 861 3623 illo
879 3565 945 3623 loco
964 3562 999 3622 de
1019 3582 1078 3639 quo
1096 3563 1197 3640 agitur
1215 3565 1288 3641 agat
1305 3563 1383 3640 sola,

228 3671 289 3712 non
315 3652 352 3712 de
379 3651 450 3710 linc.
500 3651 604 3728 Neque
637 3672 655 3712 a
681 3653 785 3712 malua
812 3672 888 3729 5555
914 3652 1057 3711 maluella
1087 3653 1179 3712 uestis
1209 3651 1383 3727 appellatur

228 3739 344 3815 Latine,
368 3738 479 3800 Graece
502 3742 658 3817 molocina,
681 3742 793 3818 poterit
810 3744 977 3819 comparari
995 3741 1031 3801 de
1052 3760 1112 3818 qua
1131 3739 1199 3800 Isid.
1218 3742 1293 3819 orig.
1307 3741 1382 3802 XIX

230 3833 346 3904 22,12
375 3830 451 3889 Non.
471 3851 499 3908 p.
515 3832 589 3908 548,
610 3832 649 3890 16
674 3831 772 3890 Plaut.
791 3831 859 3891 Aul.
881 3833 953 3891 514.
1004 3832 1120 3891 crebrae
1149 3833 1246 3890 555155
1275 3833 1381 3906 quales

228 3919 290 3979 siut
312 3920 496 3998 intellegitur
519 3920 637 3980 Vitruu.
656 3921 682 3979 X
704 3922 754 3997 14,
774 3922 792 3980 3
816 3941 845 3997 p.
862 3923 935 3996 276,
955 3921 1033 3981 2311
1057 3915 1165 3980 ‘crates
1185 3939 1221 3979 ex
1238 3920 1381 3982 tenuibus

229 4010 323 4087 uirgis
347 4011 521 4070 creberrime
545 4005 655 4071 textae'
679 4009 756 4069 Plin.
775 4012 838 4070 nat.
856 4010 925 4069 hist.
944 4011 987 4069 XI
1006 4010 1046 4069 81
1073 4005 1238 4069 ‘crebratae
1261 4011 1381 4087 pexitas

228 4094 331 4158 telae’:
356 4101 506 4159 contraria
528 4102 574 4160 est
596 4099 698 4159 tunica
719 4118 794 4160 rora
818 4097 920 4159 Ouidii
943 4118 1000 4158 am
1018 4098 1034 4158 I
1054 4101 1082 4173 5,
1104 4100 1153 4157 13.
1181 4100 1236 4158 sab
1261 4099 1381 4160 15551115

287 4190 319 4246 in
344 4189 489 4262 Torquato
507 4193 623 4249 notatae
641 4192 720 4249 recte
739 4188 823 4264 codd,
841 4191 879 4249 ab
898 4189 1014 4248 Lucilio
1028 4187 1156 4248 editores
1170 4207 1238 4248 cum
1251 4188 1378 4250 Bouter·

228 4277 332 4336 wekio.
388 4275 474 4337 Ouid.
497 4297 531 4337 en
561 4278 646 4338 Ρο51.
665 4278 710 4337 IV
731 4280 781 4354 12,
802 4279 842 4338 25
878 4273 978 4355 ‘saepe
1014 4297 1068 4356 ego
1105 4277 1218 4337 correxi
1255 4278 1310 4338 sub
1348 4282 1381 4339 te

229 4384 348 4425 censore
371 4362 499 4426 libellos’
524 4367 636 4444 Vergit
655 4367 729 4427 Aen.
747 4367 823 4427 VIII
842 4368 905 4427 515
931 4363 997 4428 ‘sub
1026 4370 1057 4426 te
1080 4366 1208 4426 tolerare
1231 4369 1380 4445 magistro

227 4449 379 4514 militiam'
403 4454 502 4515 Valer.
521 4456 598 4516 Max.
616 4456 661 4515 IV
680 4459 710 4532 2,
731 4459 748 4516 7
775 4452 899 4518 ‘iactum
925 4459 1048 4534 propter
1072 4456 1212 4515 eximium
1238 4456 1380 4518 humaui·
