3030 5002
209 356 251 421 58
293 342 296 346 ’
648 353 686 408 111
705 371 730 408 u.
752 359 901 410 rar-ns.

301 517 382 587 121.
415 526 550 608 Donatus
593 524 630 584 ad
666 523 799 584 Terentii
835 522 1043 584 Phormionem
1066 522 1081 580 Ι
1106 524 1194 598 3,11
1235 517 1357 583 ‘Amore

210 615 343 676 abundas
365 614 507 691 Antipho.
544 614 706 674 Abundare
728 614 839 674 dicitur
862 614 914 689 qui
937 631 1072 673 successu
1090 630 1232 690 prospero
1250 612 1356 674 affluit.

209 704 342 766 Lucilius
373 703 450 764 libro
481 704 571 764 tertio
604 697 681 764 “ille
713 703 790 763 alter
822 696 937 785 (autem
966 694 1062 784 ROO)
1086 748 1093 761 .
1118 748 1124 760 .
1150 749 1155 760 .
1179 704 1293 778 septem
1325 704 1356 761 in

210 796 303 856 loom
325 795 372 854 bis
388 795 493 869 pinnis
514 814 537 852 r.
552 813 579 852 a.
593 814 616 852 r.
625 789 695 868 p”.'
742 792 910 853 Scholiasta
934 793 1088 853 quenalis
1107 791 1153 851 ΠΙ
1174 793 1237 851 158
1267 787 1357 851 ‘inter

210 885 366 962 Pinnirapi
389 884 484 942 cultos
506 879 649 943 iuuenes'.
696 878 771 941 ‘Aut
792 883 860 942 ideo
883 883 1070 959 pinnirapos,
1098 881 1170 958 quia
1194 882 1303 959 pinnas
1325 884 1357 940 in

210 974 304 1054 galeis
335 972 499 1047 habebant,
531 975 565 1031 ut
592 971 725 1033 Lucilius
754 967 846 1031 “cum
877 976 991 1049 septem
1014 1015 1020 1029 .
1042 1019 1047 1030 .
1068 1019 1074 1030 .
1098 967 1174 1032 se''.'
1221 970 1357 1031 Describi

209 1066 295 1142 patet
317 1082 419 1141 pugna
441 1061 622 1141 gladiatoria
644 1063 733 1121 116611
756 1062 807 1121 lib.
826 1061 871 1120 IV
888 1082 916 1120 u.
938 1063 1089 1137 149seqq.
1130 1061 1216 1120 Hanc
1240 1080 1357 1137 quoque

211 1151 331 1230 Capuae
354 1153 542 1212 commissam
565 1169 628 1211 6666
650 1151 796 1228 probatur
818 1151 860 1211 eis
884 1170 960 1227 quae
983 1148 1091 1210 Strabo
1109 1150 1137 1206 V
1160 1171 1188 1227 p.
1210 1151 1356 1210 2506111.

210 1243 246 1302 da
270 1241 430 1318 Campanis
456 1243 548 1300 refert
574 1238 621 1301 snt
649 1249 792 1301 τοσοῦτον
819 1238 874 1321 γὰρ
902 1237 1103 1320 ἕξετρύφησαν
1129 1231 1191 1300 ὥστ’
1222 1235 1271 1299 ἐπὶ
1298 1238 1356 1300 δεῖ-

209 1352 287 1392 πνον
310 1329 436 1392 ἐκάλουν
461 1327 535 1412 πρὸς
558 1329 644 1410 ζεύγη
669 1329 855 1409 μονομάχων,
883 1325 1027 1409 ὁρίζοντες
1050 1326 1183 1410 ἀριθμὸν
1205 1325 1280 1389 κατὰ
1302 1326 1357 1406 τὴν

210 1429 269 1481 τῶν
291 1415 520 1499 <συν>δείπνων
547 1417 635 1491 ἀξίαν
658 1412 931 1501 (Liu.1x40,17
957 1418 1009 1478 Sil.
1028 1419 1072 1478 XI
1090 1410 1250 1500 51-54):
1277 1418 1355 1478 idem

210 1511 246 1571 de
265 1511 467 1570 Romanorum
484 1509 616 1570 moribus
633 1509 729 1568 tradit
745 1510 889 1569 Nicolaus
908 1509 1110 1568 Damascenus
1129 1526 1176 1585 ap.
1191 1509 1299 1568 Athen.
1313 1507 1358 1566 IV

210 1623 238 1678 p.
260 1600 363 1660 153F.
400 1599 504 1659 Pinnis
527 1600 628 1678 galeas
652 1617 757 1658 ornare
781 1599 962 1658 Samnitium
984 1616 1097 1658 morem
1121 1596 1357 1658 uetustissimum

210 1709 273 1750 esse
286 1691 421 1765 picturae
434 1689 561 1748 trudunt
574 1691 711 1748 uetustae
720 1688 822 1748 Paesti
835 1690 970 1766 repertae
986 1680 1130 1768 (Menum.
1140 1687 1196 1746 del.
1206 1687 1358 1747 inst.VIII

210 1779 269 1839 tab.
289 1778 360 1839 XXI
379 1769 412 1859 1)
436 1777 488 1836 ubi
510 1777 593 1837 ducis
621 1777 708 1855 galea
736 1778 866 1853 quinque
893 1777 999 1854 pennis
1026 1778 1071 1836 est
1098 1780 1253 1852 exornata,
1281 1796 1357 1853 quae

209 1871 328 1946 pictura
354 1870 386 1927 in
413 1867 573 1926 ridiculum
601 1869 647 1926 est
673 1865 790 1927 (1616116
816 1869 849 1925 in
876 1867 998 1928 uasculo
1026 1866 1107 1943 apud
1135 1866 1357 1927 Tischbeinium

210 1958 303 2018 Vases
331 1959 365 2017 of
385 1957 542 2016 Hamilton
559 1956 590 2015 11
612 1957 674 2016 tab.
692 1956 777 2016 LVII
799 1955 1016 2017 Dieterichium
1040 1954 1208 2015 Puloinella
1230 1977 1258 2033 p.
1280 1957 1357 2031 2393

209 2048 306 2106 tribus
329 2048 434 2124 pennis
456 2045 594 2124 praedita
624 2049 669 2105 est
695 2047 783 2123 galea
809 2047 941 2106 militum
965 2044 1147 2106 Samnitium
1173 2047 1205 2104 in
1232 2046 1358 2122 pictuns

210 2137 365 2198 Paestanis
379 2136 489 2196 Bullet.
505 2136 630 2196 archeol.
644 2137 722 2213 Nap.
736 2157 764 2195 n.
779 2154 801 2195 6.
816 2136 860 2194 IV
873 2135 932 2195 tab.
943 2133 1076 2194 IV-VI
1095 2134 1256 2211 eodemque
1269 2134 1357 2195 modo

209 2227 412 2286 Romanorum
434 2225 566 2285 militum
588 2226 705 2304 galcam
732 2228 870 2286 ornatam
896 2226 988 2285 fuisse
1015 2227 1121 2285 auctor
1147 2225 1194 2284 est
1216 2223 1357 2300 Polybius

210 2315 400 2390 V123,1a;
428 2315 544 2375 duabus
570 2316 676 2392 pennis
704 2318 811 2375 ornata
838 2317 883 2375 661
909 2313 1016 2374 Martis
1044 2314 1132 2392 galea
1159 2316 1234 2373 teste
1256 2314 1357 2373 Valer.

209 2405 330 2464 Maxim.
348 2405 364 2463 Ι
383 2405 413 2479 8,
433 2407 535 2464 sexu.
559 2407 590 2464 et
611 2405 734 2481 Enyalii
756 2406 789 2463 in
810 2404 933 2464 nasculo
956 2403 1097 2464 Graecias
1123 2404 1255 2463 exoticas
1277 2403 1358 2480 apud

210 2495 449 2555 Baumeisterum
467 2494 597 2554 Menum.
621 2495 736 2570 antiqu.
759 2494 843 2554 class.
866 2495 960 2569 1828,
983 2494 1056 2553 item
1079 2493 1303 2553 uexillariorum
1325 2495 1358 2552 in

210 2586 327 2663 pictura
346 2583 494 2644 Paestana
511 2584 567 2643 illa
584 2584 724 2658 duorum3
741 2583 879 2643 Herculis
897 2583 1024 2644 furentis
1042 2584 1170 2660 denique
1187 2585 1220 2643 in
1232 2581 1357 2643 Aestaae

209 2675 332 2734 uasculo
355 2674 436 2752 apud
458 2673 697 2734 Baumeisterum
715 2674 734 2732 l.
753 2691 775 2733 6.
797 2675 869 2733 732.
915 2671 1053 2750 Quinque
1075 2673 1176 2750 pinnis
1199 2673 1287 2733 modo
1312 2674 1357 2732 ita

209 2763 427 2843 intellegendus
451 2764 492 2823 sit
514 2782 627 2838 uersus,
650 2763 753 2842 galeae
776 2762 977 2840 gladiatorum
996 2765 1118 2824 ornatae
1137 2761 1358 2823 esseuidentur

211 2855 303 2914 etiam
324 2855 374 2913 hic
396 2852 476 2930 apud
499 2852 656 2913 Lucilium.
702 2851 851 2912 Samnites
874 2852 993 2930 proprie
1016 2853 1060 2911 ita
1083 2854 1239 2912 exornatos
1267 2853 1357 2912 fuisse

210 2943 305 3003 tradit
327 2943 424 3002 Varro
447 2942 521 3001 del.
540 2940 573 3000 L.
592 2942 621 2999 V
640 2944 718 3001 142:
742 2937 761 2999 ‘.
778 2988 783 3000 .
800 2988 805 3000 .
824 2961 950 3002 moerus.
996 2942 1071 3001 Ilius
1096 2960 1212 3002 summa
1239 2941 1357 3017 pinnas,

211 3031 249 3092 ab
272 3033 327 3107 his,
351 3050 425 3107 quas
448 3032 585 3110 insigniti
607 3031 718 3090 milites
740 3031 772 3090 in
791 3031 885 3109 galeis
903 3031 1012 3091 habere
1031 3030 1127 3090 solent
1145 3032 1176 3089 et
1193 3032 1224 3089 in
1243 3030 1357 3108 gladia·

209 3119 325 3181 toribus
349 3116 518 3180 Samnites’.
556 3111 602 3200 (P.
616 3120 640 3179 I.
654 3119 758 3180 Meieri
781 3120 818 3180 de
841 3120 1012 3199 gladiatura
1035 3120 1269 3196 Romanap.8.
1291 3111 1356 3200 15.)

210 3211 312 3270 Monet
335 3207 508 3269 Gerlachius
531 3208 611 3285 apud
633 3208 795 3286 Apuleium
823 3210 859 3270 de
886 3212 987 3290 magia
1014 3228 1078 3286 cap.
1099 3211 1161 3268 103
1173 3210 1244 3268 extr.
1272 3209 1358 3287 tangi

210 3318 329 3359 uersum
342 3297 452 3358 Lucilii
469 3299 516 3358 his
534 3298 633 3359 uerbis
653 3293 691 3358 ‘si
709 3299 913 3377 philosophiae
932 3300 1083 3374 honorem,
1102 3299 1154 3374 qui
1172 3298 1248 3357 mihi
1261 3299 1358 3357 salute

209 3408 277 3449 mea
300 3388 455 3465 antiquior
477 3390 534 3464 est,
561 3408 709 3466 nusquam
731 3390 841 3464 minui,
867 3391 959 3449 immo
981 3391 1085 3449 sonna
1108 3386 1219 3465 ubique
1242 3389 1269 3448 si
1291 3406 1358 3448 oum

210 3480 325 3556 septem
352 3479 457 3554 pennis
485 3497 552 3537 eum
580 3475 683 3538 tenui’.
733 3478 906 3556 Rapiuntur
935 3480 1030 3555 igitur
1061 3477 1150 3537 alteri
1178 3476 1358 3537 Samnitium

210 3588 325 3646 pennae
348 3568 518 3643 nonnullae,
542 3568 618 3628 alter
639 3588 699 3628 non
722 3569 819 3628 solum
842 3586 911 3629 suas
934 3570 1036 3627 seruat
1057 3568 1225 3642 incolumis,
1250 3566 1302 3627 sed
1323 3568 1359 3625 ut

210 3658 387 3735 pinnirapus
409 3658 515 3734 pennis
538 3657 693 3718 abundans
716 3660 778 3717 exit
800 3677 816 3717 6
839 3676 953 3718 scaena.
994 3656 1159 3718 Abundans
1180 3659 1276 3736 igitur
1297 3675 1358 3716 non

211 3750 256 3810 661
278 3747 388 3828 gaudio
411 3745 565 3807 abundem
589 3750 620 3806 et
641 3748 805 3822 exsultans,
837 3747 889 3808 sed
912 3746 1065 3807 abundans
1087 3749 1207 3825 pennis:
1238 3747 1359 3806 namsi

211 3840 299 3899 alteri
316 3838 427 3915 rapuit,
445 3837 497 3897 ille
513 3839 611 3897 minus
625 3856 789 3914 pennarum
804 3839 933 3916 gestans,
952 3837 1001 3897 hic
1014 3836 1115 3914 plures
1129 3836 1197 3897 exit.
1221 3834 1358 3912 Quinque

209 3928 304 4006 igitur
326 3931 357 3987 et
379 3927 494 3986 uictum
517 3928 547 3987 et
568 3928 715 3987 uictorem
737 3945 850 4004 pennas
872 3928 1013 4004 primitus
1036 3926 1187 4001 habuisse,
1213 3925 1287 3985 duas
1310 3924 1358 3983 illi

211 4019 336 4094 ereptas,
354 4018 390 4076 ut
406 4016 504 4076 uictor
521 4017 678 4077 incolumis
698 4035 765 4076 cum
783 4019 897 4095 septem
914 4018 1019 4095 pennis
1039 4016 1142 4089 abiret,
1163 4013 1358 4093 probabiliter

211 4107 388 4180 statuemus3
416 4105 488 4166 conf
512 4104 778 4166 Gic.Verr.l]19
812 4102 879 4166 ‘hoc
911 4107 1051 4182 cuiquam
1083 4103 1237 4163 ferendum
1267 4105 1357 4179 putes

210 4211 286 4268 esse,
313 4214 366 4253 nos
389 4196 434 4254 ita
456 4196 558 4254 uiuere
585 4196 618 4254 in
647 4196 774 4271 pecunia
800 4196 884 4255 tenui
909 4241 914 4252 .
935 4241 940 4252 .
961 4240 966 4251 .
990 4196 1082 4253 istum
1104 4191 1192 4252 rebus
1219 4190 1357 4251 omnibus

210 4281 341 4359 undique
364 4285 474 4360 ereptis
497 4285 619 4362 impune
642 4285 811 4344 eludentem
834 4281 1035 4344 circinnfiuere
1058 4284 1148 4358 atquo
1171 4274 1355 4339 abundarei’

303 4363 383 4433 123.
407 4372 519 4432 Paulus
546 4392 581 4432 61
608 4373 697 4433 Festo
720 4395 749 4452 p.
770 4374 870 4434 12211
898 4367 1054 4430 ‘Minorem
1081 4370 1189 4430 Delum
1217 4368 1358 4430 Puteolos

211 4478 273 4521 esse
297 4460 448 4535 dixenmt,
475 4462 556 4539 quod
577 4462 668 4524 Delos
695 4461 856 4541 aliquando
882 4460 1046 4519 maximnm
1074 4459 1239 4536 emporium
1266 4457 1358 4518 luerit
