3000 5002
215 362 283 428 400
576 360 675 419 incest
693 360 752 419 sed
771 381 798 417 u.
819 367 1003 419 laea-wod

216 533 346 594 nomine.
391 531 475 603 Quod
505 531 623 593 Persius
650 534 751 592 ruben
779 536 848 593 ante
875 532 994 610 Lupum
1021 537 1052 594 et
1077 534 1211 593 Mucium
1240 552 1377 594 comme·

209 625 322 698 ‚morat
346 622 448 683 credas
471 621 547 681 libro
566 621 582 681 I
604 622 737 682 trIbuum
759 625 889 699 positam
913 624 1006 684 fuisse
1027 623 1255 702 castigationem
1279 643 1377 700 qnam

216 712 319 772 Ionam
346 713 508 772 exercuisse
536 711 691 789 probabile
719 716 765 772 est
791 714 823 771 in
851 713 973 772 deorum
1000 714 1125 773 concilio
1153 712 1189 771 de
1218 715 1376 790 corruptis

216 822 245 879 p.
260 803 294 860 lt.
313 801 445 860 moribus
464 819 532 860 oum
549 802 720 878 loqueretur
738 795 820 884 (uide
842 802 879 862 ad
898 801 948 861 lib.
964 802 979 860 Ι
996 823 1025 861 0.
1042 797 1198 884 100000).
1232 802 1375 862 Lucilius

217 892 249 950 in
272 892 328 950 bac
351 892 485 951 ciuitatis
507 894 601 951 totius
624 893 820 951 insectatione
843 893 974 952 ueterem
997 893 1128 970 aliquem
1150 895 1274 952 saturae
1304 912 1375 952 uer-

217 981 341 1041 naculae
365 985 483 1041 secutus
507 999 570 1040 esse
593 980 713 1040 uidetur
735 1000 859 1040 morem:
883 982 1008 1040 eundem
1031 985 1149 1042 secutus
1172 984 1218 1041 est
1240 980 1375 1041 Plautus

216 1071 248 1129 in
281 1072 384 1130 satura
415 1070 544 1130 Romani
575 1070 691 1146 saporis
723 1090 813 1147 quam
850 1089 869 1130 a
905 1071 1033 1149 chorago
1070 1071 1142 1130 fecit
1176 1074 1376 1148 pronuntiari

219 1159 336 1220 (luroul.
357 1160 541 1219 467-486.
578 1159 691 1230 Quibus
709 1159 846 1220 uersibus
862 1159 987 1221 Plautus
1005 1162 1129 1221 uicatim
1148 1160 1251 1221 urbem
1271 1161 1376 1222 secuit

218 1252 373 1326 tamquam
395 1249 523 1309 embolio
541 1250 627 1308 mimi
650 1268 740 1326 quam
762 1248 896 1311 Lucilius
916 1253 1022 1326 postea
1039 1251 1200 1329 castigauit
1218 1250 1372 1310 tributim.

219 1338 297 1399 (lons
316 1339 516 1399 Mommsenus
540 1339 576 1397 de
598 1340 663 1398 iure
686 1338 806 1415 publico
824 1360 853 1415 p.
873 1339 906 1398 ll.
926 1339 972 1399 llI
991 1334 1108 1423 (1887)
1128 1360 1156 1416 p.
1178 1342 1250 1414 197,
1273 1344 1303 1399 1.
1325 1372 1374 1382 -

221 1429 315 1488 1263.
339 1428 374 1488 de
397 1431 520 1489 uirtutis
543 1429 702 1505 praeconio
725 1428 795 1488 uide
818 1431 921 1489 incert.
940 1450 969 1488 u.
991 1430 1075 1489 1926
1086 1448 1166 1506 seqq.

310 1510 416 1580 1264.
445 1517 614 1578 Scholiasta
643 1518 796 1578 quenalis
814 1519 944 1579 111175
975 1514 1142 1579 ‘Exodium
1188 1517 1374 1579 llxodiarius

219 1608 298 1685 apud
325 1611 442 1668 ueteres
468 1610 501 1666 in
527 1607 586 1668 fine
615 1607 752 1667 ludorum
781 1607 927 1683 intrabat,
957 1611 1010 1686 qui
1041 1609 1183 1669 ridiculus
1212 1608 1306 1684 foret,
1336 1614 1375 1670 ut

220 1697 361 1774 quicquid
388 1697 580 1757 lacrimarum
607 1702 700 1773 atque
731 1699 874 1758 tristitiae
907 1717 983 1774 quae
1016 1700 1146 1758 exissent
1177 1717 1211 1756 ex
1243 1698 1374 1776 tragicis

219 1785 382 1862 affectibus,
405 1786 527 1846 huiusce
549 1789 713 1864 spectaculi
739 1789 816 1846 risus
843 1787 1017 1866 detergeret.
1062 1787 1152 1846 buius
1180 1791 1210 1847 et
1232 1786 1374 1848 Lucilius

218 1876 367 1952 meminit,
396 1871 568 1953 “priucipio
588 1923 594 1935 .
615 1924 621 1935 .
642 1924 647 1936 .
666 1872 841 1951 sequitur'’.'
888 1882 1022 1951 sequetur
1052 1876 1193 1938 editores:
1227 1882 1376 1951 sequatur

219 1966 332 2042 scripsi
378 1965 486 2025 Exodii
504 1968 524 2026 i
544 1986 568 2026 e.
591 1966 749 2026 Atellanae
776 1965 828 2025 hic‘
852 1984 955 2027 uersus
984 1970 1030 2027 est
1056 1965 1260 2028 testimonium
1289 1968 1374 2026 anti-

220 2057 402 2132 quissimum.
441 2055 569 2132 Sumpta
591 2074 654 2116 esse
676 2055 818 2116 uidentur
839 2074 874 2115 ex
898 2056 946 2116 dei
967 2059 1101 2117 oratione
1119 2057 1215 2116 ueluti
1232 2054 1375 2132 Neptuni

219 2144 329 2205 librol
356 2145 469 2222 posita:
496 2146 635 2205 similiter
662 2144 721 2205 (lic.
745 2145 776 2204 in
795 2145 878 2207 Verr.
896 2146 925 2202 V
946 2147 1007 2207 189
1040 2141 1099 2206 ‘uti
1126 2144 1156 2205 C.
1171 2145 1311 2221 Verrem,
1344 2149 1374 2207 si

220 2234 283 2294 eius
306 2235 407 2295 omnia
430 2237 500 2294 sunt
521 2235 659 2295 inaudita
680 2237 711 2295 et
728 2235 895 2314 singularia
912 2236 1047 2296 facinora
1064 2236 1191 2312 scolene,
1214 2234 1374 2310 audaciae,

219 2322 370 2400 perfidiae,
392 2324 534 2399 libidinis,
560 2325 715 2399 auaritiae,
738 2324 947 2404 crudelitatis,
960 2325 1069 2403 dignus
1097 2328 1193 2384 exitus
1221 2324 1374 2384 eiusmodi

219 2413 285 2472 uita
307 2416 398 2489 atque
421 2414 509 2474 factis
530 2417 631 2474 uestro
654 2413 766 2474 iudicio
794 2410 1003 2492 consequatur'
1028 2414 1059 2474 Π
1079 2415 1119 2475 99
1150 2409 1267 2490 ‘ltaque
1296 2416 1374 2474 fecit

219 2504 255 2562 ut
277 2504 375 2563 exitus
398 2503 545 2579 principio
573 2503 742 2563 simillimus
769 2506 962 2581 reperiretur:
990 2524 1078 2581 quem
1106 2503 1257 2564 absentem
1284 2523 1372 2563 reum

218 2592 343 2667 fecerat,
370 2612 439 2652 eum
466 2592 587 2653 absente
616 2597 787 2653 accusatore
814 2589 1001 2654 condemnat’
1040 2594 1152 2653 Seneca
1184 2595 1269 2670 epist.
1291 2595 1370 2670 9,9

221 2677 350 2741 ‘necesse
373 2685 419 2743 est
441 2682 529 2741 initia
551 2682 630 2741 inter
653 2701 683 2741 se
704 2686 735 2742 et
753 2683 848 2743 exitus
866 2678 1044 2762 congruant’
1065 2682 1123 2743 (lic.
1143 2685 1228 2759 epist.
1242 2681 1285 2741 XI
1301 2683 1369 2758 5,3
1472 2712 1475 2720 =

221 2766 424 2848 ‘quamobrem
451 2774 481 2831 te
509 2772 630 2833 obsecro
650 2819 656 2830 .
675 2818 682 2829 .
702 2818 708 2831 .
727 2776 764 2832 ut
794 2774 826 2831 in
858 2776 1034 2851 perpetuum
1065 2792 1129 2833 rem
1156 2792 1184 2849 p.
1213 2773 1373 2832 dominatu

220 2863 303 2939 regio
322 2860 437 2935 liberes,
456 2864 490 2920 ut
507 2861 663 2939 principiis
681 2864 869 2923 consentiant
887 2858 1004 2922 exItus':
1023 2863 1094 2923 conf
1109 2862 1213 2921 Afran.
1228 2855 1371 2942 304s5R.

313 2941 419 3011 1266.
443 2950 551 3010 Festus
573 2971 601 3027 p.
623 2952 735 3025 213,5
761 2947 907 3011 ‘Piscinae
929 2952 1066 3028 publicae
1088 2951 1236 3028 hodieque
1261 2971 1371 3012 nomen

221 3044 335 3114 manet,
363 3040 430 3115 ipsa
456 3058 516 3100 non
544 3043 634 3099 extat.
684 3039 722 3098 ad
751 3061 841 3117 quam
868 3044 899 3101 06
926 3045 1062 3101 natatum
1090 3044 1121 3101 et
1147 3041 1372 3102 exercitationis

221 3129 335 3204 alioqui
358 3146 447 3188 cansa
469 3128 609 3189 ueniebat
636 3130 772 3206 populus.
818 3131 896 3189 unde
918 3131 1051 3191 Lucilius
1078 3132 1123 3189 ait
1153 3126 1232 3207 “pro
1261 3129 1371 3191 obtuso

221 3236 271 3277 ore
303 3219 387 3296 pugil
413 3220 603 3292 06006πί0πεί0
634 3213 759 3279 reses”.'
804 3223 982 3295 piscincnsc's
1013 3219 1178 3280 Turnebus.
1230 3215 1372 3280 ‘residem

220 3304 353 3387 pugilem
380 3308 494 3366 factum
522 3307 595 3368 dicit
623 3312 713 3385 prout
740 3311 913 3370 conuenerit
939 3327 1002 3370 esse
1029 3328 1097 3369 eum
1124 3311 1174 3370 cui
1200 3328 1233 3370 os
1259 3313 1371 3389 pugnis

221 3396 360 3456 obtusum
374 3391 472 3457 esset’.
495 3396 578 3457 Haeo
591 3397 800 3459 Lachmannus
814 3392 901 3480 (conf
912 3402 1068 3460 comment.
1081 3399 1113 3459 in
1126 3399 1242 3461 Lucret
1256 3420 1285 3476 p.
1302 3392 1370 3481 20).

221 3486 342 3546 Rectius
365 3486 445 3546 dicae
469 3486 617 3547 Lucilium
639 3487 790 3549 hominem
813 3489 977 3550 describere
999 3491 1098 3568 plagis
1121 3492 1288 3566 pertusum,
1317 3491 1372 3566 qui

221 3576 360 3636 uideatur
381 3596 436 3653 pro
459 3576 566 3636 obtuso
590 3596 640 3638 ore
662 3580 748 3658 pugil
771 3579 946 3657 piscinensis
967 3598 1047 3640 reses
1070 3597 1141 3654 esse,
1163 3580 1196 3637 id
1219 3581 1266 3638 est
1282 3579 1371 3657 pugil

222 3667 275 3742 qui
305 3669 459 3742 tamqnam
491 3667 623 3727 emeritis
654 3668 811 3744 stipendiis
843 3670 905 3728 otio
937 3688 968 3730 ae
1000 3668 1124 3728 dederit.
1175 3666 1372 3745 comparauit

222 3754 324 3815 Dousa
356 3755 453 3816 Asinii
486 3754 568 3816 Galli
600 3759 785 3836 epigramma
816 3777 864 3836 ap.
897 3759 1017 3818 Sueten.
1046 3757 1083 3818 de
1105 3776 1229 3836 gramm.
1249 3759 1290 3816 99
1325 3752 1370 3819 ‘os

221 3845 346 3920 nullum,
369 3846 418 3905 uel
441 3845 542 3922 potius
565 3843 687 3927 pugilis'
712 3848 766 3908 ubi
788 3848 824 3908 de
847 3849 1043 3926 grammatico
1067 3850 1176 3926 agatur
1198 3849 1253 3924 qui
1279 3851 1371 3909 antea

222 3935 307 4014 pugil
329 3934 428 3994 fuerit.
465 3933 605 4013 Pugilum
628 3956 681 3996 ora
703 3937 810 3997 obtusa
831 3937 1001 3998 illuduntur
1019 3939 1243 4016 epigrammatis
1260 3936 1312 3996 ΑΡ
1326 3938 1372 3997 XI

224 4026 356 4101 Ibseqq.
380 4023 503 4084 Lucian.
522 4024 601 4086 deor.
621 4025 690 4085 dial.
712 4027 763 4103 26,
783 4031 810 4087 1-
826 4019 913 4100 οὗτος
937 4024 991 4106 μὲν
1019 4019 1042 4088 ob
1064 4022 1210 4088 ’Ἄπολλον
1238 4025 1293 4107 ἔχει
1321 4025 1371 4088 ἐπὶ

222 4122 275 4174 τοῦ
301 4112 462 4194 προσώπου
490 4112 524 4174 τὰ
551 4113 618 4195 ἴχνη
645 4123 705 4175 τῶν
732 4116 913 4195 τραυμάτων.
960 4135 1017 4191 pro
1045 4118 1145 4176 obtuso
1171 4134 1233 4187 ore,
1259 4120 1295 4175 ut
1317 4116 1370 4176 lib.

222 4202 353 4262 XXVIII
370 4206 483 4263 0794
510 4222 569 4278 pro
600 4206 685 4277 socie.
737 4205 834 4265 Plant.
855 4205 920 4266 (las.
940 4208 1004 4266 862
1039 4202 1177 4265 ‘obtunso
1209 4226 1260 4266 ore
1291 4226 1372 4267 nunc

222 4292 367 4369 peruelim
384 4293 536 4372 progediri
554 4312 653 4354 sonem
672 4314 731 4371 qno
749 4314 839 4356 senex
857 4297 983 4372 nequior
1000 4296 1100 4354 nullus
1119 4291 1218 4354 uiuit'.
1250 4295 1371 4355 Pisciua

222 4380 343 4457 publica
360 4387 543 4444 memoratur
556 4383 621 4443 Liu.
635 4384 737 4443 XXIII
751 4386 804 4461 32,
818 4385 838 4442 4
858 4384 917 4444 (lic.
932 4385 971 4444 ad
985 4383 1018 4455 Q.
1032 4386 1068 4444 fr.
1082 4383 1129 4443 III
1145 4386 1202 4458 7‚1
1219 4385 1371 4446 Ammian.

223 4470 313 4530 llere.
332 4470 419 4530 XVII
437 4475 467 4548 4,
488 4475 528 4532 14
547 4472 617 4533 Not
636 4492 697 4550 reg.
716 4473 787 4534 XII:
810 4474 883 4533 conf
901 4474 1069 4535 Hnelsenus
1090 4472 1250 4550 Kiepertus
1272 4475 1372 4534 forma
