3060 5010
598 357 669 414 νο.
689 364 838 413 are-aso.
1243 359 1286 426 89

139 523 266 591 nexit‘'.’
308 528 390 589 Idem
409 549 437 606 p.
454 529 532 605 536,
553 531 570 588 7
592 525 749 590 ‘Similiier
772 524 882 591 “neoto
906 523 1018 591 nexui''
1043 532 1074 590 et
1098 524 1224 591 “nexi'’.
1241 577 1247 588 .
1263 575 1293 590 ..

139 619 277 681 Lucilius
297 618 328 678 in
346 618 375 675 V
399 613 624 680 “h1c...miti
643 614 839 680 ...nexit'‘.’
882 618 1041 681 Diomedes
1060 618 1151 680 GLI
1173 640 1201 697 p.
1218 620 1293 696 369,

142 708 226 770 161(
254 704 360 769 ‘Necte
379 709 537 768 ...nexui
564 710 613 769 uel
640 711 717 770 nexi.
733 755 739 767 .
755 754 784 769 ..
811 709 945 770 Lucilius
973 711 1143 787 satyrarum
1171 700 1292 791 (satira-

139 820 207 860 rum
220 789 266 879 Μ)
280 816 422 859 orcarum
439 800 517 858 retia
534 793 639 859 aectii‘.
683 798 761 859 Doni
777 799 813 859 de
831 798 878 860 his
896 799 969 861 locis
992 800 1125 879 prolegg.
1144 819 1172 876 p.
1187 799 1291 860 LXXI.

142 888 292 950 Curarem
314 887 395 965 quod
418 890 464 948 est
486 888 567 965 apud
588 889 763 949 Diomedem
787 888 931 966 reliquiae
955 907 1018 950 esse
1040 889 1182 949 uidentur
1204 908 1293 950 uoca-

140 979 203 1038 buli
229 982 403 1038 sciurorum
427 977 461 1055 V,
489 995 556 1036 oum
584 978 820 1056 superscriptum
846 978 939 1038 fuerit
965 983 1144 1056 satyrarum.
1194 977 1293 1040 Homo

140 1069 214 1128 mihi
237 1066 397 1128 uidebatur
424 1085 538 1128 cessare
568 1070 599 1128 et
620 1070 741 1147 nugam,
769 1070 832 1130 otio
855 1087 977 1145 operam
1000 1067 1072 1129 dare
1094 1071 1126 1129 et
1147 1068 1294 1129 desidiae:

140 1162 241 1219 tamen
273 1157 323 1217 hic
355 1157 435 1218 solus
462 1157 606 1236 uigilamt
633 1157 779 1234 omnium,
802 1160 834 1219 et
864 1177 932 1219 oum
965 1157 997 1217 id
1028 1158 1104 1218 mihi
1138 1157 1221 1219 uisus
1249 1161 1295 1220 est

141 1250 248 1324 iacere,
266 1250 331 1308 uum
349 1248 427 1307 retia
444 1246 534 1307 nexit.
571 1246 695 1308 Aemilii
709 1247 796 1325 Pauli
810 1250 993 1326 stratagema
1006 1249 1128 1309 uidetur
1142 1268 1293 1310 enarrare:

143 1338 214 1399 coni
233 1335 368 1398 LiuXL
388 1336 478 1411 28,3
503 1339 535 1396 et
556 1337 595 1396 ad
617 1358 646 1397 u.
663 1340 735 1397 221.

232 1419 316 1488 218.
348 1424 516 1487 Macrobius
549 1425 668 1487 Satura.
687 1426 731 1487 VI
756 1430 790 1503 1,
814 1428 855 1488 35
895 1422 1020 1501 ‘Dicite,
1056 1427 1202 1504 Pierides,
1234 1447 1293 1488 non

143 1518 243 1580 omnia
270 1534 427 1594 possumus
456 1534 557 1576 omnes
588 1512 644 1593 (=
658 1515 749 1596 Verg.
768 1517 860 1596 eclog.
874 1516 950 1577 VIII
971 1509 1028 1598 63)
1055 1516 1188 1577 Lucilius
1210 1519 1243 1578 in
1265 1517 1294 1574 V

144 1603 263 1667 “maior
278 1652 284 1665 .
299 1652 306 1665 .
323 1653 329 1665 .
345 1600 491 1667 omnes''.’
526 1604 645 1667 Similes
664 1608 827 1668 sententias
846 1607 968 1685 collegit
981 1605 1054 1668 Otto
1074 1606 1110 1667 de
1128 1607 1294 1684 prouerbiis

142 1718 171 1776 p.
185 1697 219 1757 R.
234 1717 263 1774 p.
280 1696 359 1756 255:
381 1694 469 1755 Hom.
484 1694 520 1754 Il.
539 1698 568 1755 Δ
583 1696 648 1757 320
671 1690 730 1756 ἀλλ’
758 1693 796 1756 od
822 1717 886 1768 ποις
907 1694 970 1774 ἅμα
992 1695 1089 1756 πάντα
1111 1694 1179 1757 θεολ
1202 1696 1294 1759 δόσαν

142 1783 330 1867 ἀνθρώποισι
349 1780 421 1846 ‘non
440 1786 541 1846 omnia
558 1786 701 1845 nimirum
720 1785 815 1845 eidem
834 1786 866 1845 di
884 1781 1000 1846 dedere’
1020 1786 1086 1847 Liu.
1100 1785 1248 1863 miss,
1260 1788 1294 1847 4:

142 1876 213 1938 conf
237 1875 324 1936 Hom.
347 1874 383 1934 Il.
406 1874 436 1934 N
461 1876 645 1937 sss-734.
694 1874 779 1935 Adde
805 1875 893 1936 Hom.
916 1875 951 1935 Il.
979 1878 1014 1935 Ψ
1042 1878 1107 1937 670
1139 1868 1206 1936 οὐδ’
1236 1872 1295 1955 ἄρα

142 1988 206 2038 ποις
233 1956 272 2045 ἦν
298 1962 331 2026 έν
353 1956 488 2026 πάντεσσ
513 1961 624 2046 έργοισι
647 1963 783 2043 δαήμονα
811 1972 895 2042 φῶτα
921 1961 1062 2046 γενέσθαι
1085 1958 1233 2048 (Propsrt
1247 1966 1295 2027 ΠΙ

144 2057 211 2132 9,7
245 2056 346 2115 omnia
372 2073 434 2114 non
460 2054 574 2133 pariter
605 2072 704 2115 rerum
737 2057 809 2116 sunt
839 2055 976 2116 omnibus
1004 2057 1089 2133 apta:
1121 2055 1192 2116 uide
1219 2057 1293 2117 Bur·

142 2164 285 2206 mannum
308 2143 347 2204 ad
370 2142 457 2204 Ouid.
472 2164 499 2205 a.
514 2162 540 2205 a.
555 2144 602 2204 III
623 2146 685 2206 188
710 2148 742 2205 et
763 2163 818 2204 nos
841 2143 880 2205 ad
902 2146 1006 2206 insert.
1026 2165 1054 2206 u
1071 2145 1181 2223 1234).

232 2226 316 2297 219.
339 2233 457 2294 Nonius
483 2234 606 2311 poss,
627 2235 667 2295 18
693 2231 881 2311 ‘Catapulta,
908 2235 1039 2296 iserdum
1068 2236 1147 2297 celer
1175 2236 1224 2296 uel
1247 2227 1296 2318 (αλ

141 2325 165 2385 Ι.
180 2316 297 2405 Dousa)
320 2325 441 2401 sagitta
470 2322 672 2384 ...Lucilius
694 2327 864 2401 satyrarum
882 2325 933 2389 lib.
947 2324 976 2381 V
996 2320 1171 2386 “custodem
1190 2327 1295 2387 classis

143 2415 298 2493 catapulta
314 2413 384 2474 stela
404 2407 558 2474 sarisas’'.’
600 2412 712 2492 Agitur
729 2414 765 2473 de
783 2432 815 2474 re
833 2413 944 2474 nauali.
980 2414 1115 2476 Iusserat
1131 2416 1295 2492 imperator

143 2507 251 2582 parata
276 2504 386 2564 habere
413 2501 604 2562 duumuirum
631 2503 771 2564 naualem
798 2504 848 2563 uel
875 2504 1058 2580 praefectum
1086 2503 1188 2566 classis
1211 2525 1294 2565 arma

144 2597 175 2655 et
197 2594 266 2654 tela.
311 2593 381 2653 Pila
403 2592 621 2668 Lachmaunus,
643 2595 738 2653 recte:
765 2593 836 2653 cond
856 2592 954 2653 Plaut
975 2592 1059 2654 (lure.
1080 2594 1143 2654 689
1169 2589 1235 2673 ‘ego
1259 2615 1294 2654 ex

143 2686 174 2744 ts
195 2682 284 2744 hodie
307 2682 416 2744 faciam
443 2683 539 2761 pilum
567 2676 825 2760 catapultarium':
853 2683 910 2742 tels
937 2681 1017 2759 quod
1039 2682 1166 2744 liothiue
1193 2686 1295 2760 posuit

143 2774 233 2833 nimis
265 2791 419 2833 commune
451 2774 497 2832 est
528 2770 715 2831 uocabulum.
772 2770 925 2832 Οιιιλοσαιι
958 2772 1061 2833 classis
1093 2772 1172 2848 quod
1204 2776 1295 2850 poeta

143 2864 328 2942 praefectum
365 2861 512 2939 appellat,
550 2879 639 2938 aegre
670 2860 812 2921 Latinum
848 2859 1043 2937 uocabulum,
1080 2861 1159 2937 quod
1194 2865 1294 2924 uersui

144 2953 317 3013 conueniret
352 2951 443 3030 uulgo
480 2949 586 3010 tritum
623 2969 691 3011 eum
726 2949 891 3028 repperisse
931 2950 1101 3030 intellegas:
1137 2951 1295 3029 ναυφθλοξ

144 3041 297 3102 custodem
320 3042 407 3101 nauis
429 3039 645 3117 Aristophanes
669 3043 833 3101 uocauerat
850 3038 982 3102 Lemniis
1002 3038 1086 3101 OAF
1105 3041 1120 3100 I
1137 3061 1167 3119 p.
1182 3042 1246 3102 489
1256 3042 1293 3102 Κ.

146 3129 322 3209 Catapultas
346 3132 378 3190 in
401 3132 475 3190 naui
496 3131 569 3207 poni
586 3129 679 3190 refert
696 3129 783 3190 Diod.
798 3129 853 3190 XX
872 3132 925 3206 49,
944 3131 963 3190 4
983 3125 1000 3190 d
1019 3126 1051 3192 δὲ
1069 3129 1294 3211 Δημήτριος...

144 3218 196 3294 τὰς
222 3228 297 3294 νοῦς
323 3216 440 3293 ἁπάσας
467 3217 624 3300 πληρώσας
650 3216 701 3280 καλ
727 3227 786 3281 τῶν
815 3227 999 3300 στρατιωτῶν
1025 3218 1096 3294 τοὺς
1121 3221 1295 3301 κρατίστους

144 3307 306 3390 ἐμβιβάσας
342 3304 413 3388 βέλη
449 3306 500 3370 καλ
535 3307 732 3388 πετροβόλους
768 3305 886 3371 ἐνέθετο
918 3307 968 3370 καλ
999 3318 1059 3372 τῶν
1087 3311 1295 3391 τρισπιθάμων

145 3395 293 3479 ὀξυβελῶν
319 3396 389 3472 τοὺς
417 3396 539 3471 ἱκανοὺς
562 3402 625 3472 ταῖς
647 3394 779 3482 πρῴραις
801 3395 939 3478 ἐπέστησε
968 3390 1054 3482 (coni
1075 3401 1117 3461 83
1136 3401 1223 3461 XVII
1243 3403 1294 3478 24,

147 3491 174 3548 1.
196 3486 238 3568 6).
280 3488 399 3549 Titulus
421 3487 644 3569 Dittenbsrgeri
666 3489 735 3566 syll.
755 3487 799 3549 cd.
818 3488 850 3548 11
869 3491 943 3563 221,
964 3492 1005 3551 10
1024 3486 1208 3552 ἀποστέλλων
1225 3488 1295 3565 τοὺς

146 3577 385 3656 διαφυλάξοντας
408 3576 507 3650 ἱππεῖς
529 3598 558 3639 τε
581 3576 632 3639 καλ
649 3575 755 3651 πεζοὺς
774 3577 950 3659 στρατιώτας
971 3576 1021 3639 καλ
1039 3575 1110 3658 βέλη
1133 3576 1183 3640 καλ
1205 3601 1294 3640 πατα-

146 3667 257 3741 ποὶλτας
284 3664 334 3727 καλ
361 3665 431 3740 τοὺς
457 3664 658 3746 χρησομένους
685 3666 808 3741 τούτοις.
854 3668 919 3728 Liu.
933 3667 987 3728 XL
1007 3669 1102 3745 26,8
1132 3665 1294 3729 ‘duumuiri

145 3758 268 3820 nauales
296 3757 389 3818 creati
418 3755 448 3818 G.
467 3756 617 3818 Matienus
644 3759 676 3817 et
699 3755 729 3818 0.
744 3757 900 3819 Lucretius
928 3776 1078 3834 nauesque
1105 3759 1142 3820 iis
1170 3760 1294 3819 ornatae

145 3850 215 3908 sunt
241 3846 434 3924 Matienoque
457 3891 464 3906 .
484 3892 490 3904 .
511 3893 517 3904 .
541 3847 722 3924 imperatum
751 3850 797 3908 est
830 3848 865 3908 ut
894 3847 1019 3910 classem
1048 3847 1145 3925 primo
1175 3866 1295 3924 quoque

145 3940 279 4016 tempore
302 3937 422 3997 duceret
451 3937 483 3997 in
505 3936 651 4015 Ligurum
674 3954 770 4013 oram,
798 3939 824 3998 si
852 3956 911 4013 quo
938 3938 1008 3998 usui
1031 3953 1094 3997 esse
1116 3936 1150 3997 L.
1163 3935 1294 3998 Aemilio

147 4030 238 4104 atque
261 4028 405 4088 exercitui
422 4025 486 4086 eius
504 4020 616 4103 posset'
641 4026 713 4087 coni
729 4026 781 4102 28,
801 4029 833 4086 7:
856 4026 926 4087 uide
949 4025 987 4085 ad
1010 4045 1039 4085 u.
1059 4028 1132 4086 221.

236 4108 320 4176 220.
343 4115 458 4176 Nonius
481 4135 510 4192 p.
526 4116 600 4189 261,
619 4116 639 4174 4
664 4109 802 4175 ‘Cernere
820 4133 938 4176 rursum
956 4114 1119 4192 disponere.
1160 4114 1294 4176 Lucilius

146 4208 317 4282 satyramm
340 4205 391 4265 lib.
406 4204 435 4261 V
453 4200 638 4282 “postquam
657 4250 663 4262 .
680 4249 685 4261 .
702 4250 708 4261 .
727 4206 854 4266 dccsuit
876 4196 963 4286 (olim
983 4206 1120 4281 impressi
1142 4195 1292 4284 creuit)”.'

146 4295 313 4373 Imperator
348 4295 400 4354 diu
437 4293 510 4371 quid
544 4294 657 4354 iaceret
692 4294 918 4354 commeditatus
949 4292 1082 4354 decernit
1111 4294 1294 4372 praesidium

147 4386 251 4446 castris
274 4384 397 4445 educere
421 4386 452 4443 et
474 4385 537 4443 acie
564 4383 720 4444 decernere
750 4401 817 4443 cum
843 4382 986 4445 hostibus.
1034 4382 1146 4446 Castris
1169 4383 1294 4445 educere

148 4472 229 4535 Caes.
248 4472 275 4534 b.
296 4472 533 4551 (s.151,21v
554 4473 647 4550 13,6
671 4471 699 4533 b.
713 4472 847 4551 clod,
869 4478 895 4534 1.
920 4474 972 4550 68,
993 4478 1021 4535 1.
1065 4474 1189 4536 Aemilii
1207 4473 1294 4537 Pauli
