3060 5010
609 336 648 392 IX
665 355 693 394 u.
712 342 867 400 aee-8³8.
1248 338 1312 405 129

160 496 323 590 F.{Dousa,
347 524 414 567 cum
436 505 571 567 Lucilius
594 510 717 586 propter
738 507 1033 585 homoeoprophoron
1064 509 1162 569 deum
1188 510 1311 571 dhudio

158 615 268 673 ponere
288 597 443 657 maluerit:
461 597 588 657 Trebell.
604 597 706 657 Claud.
724 599 774 671 13,
793 600 812 657 5
833 593 950 677 ‘digitis
967 616 1062 675 usque
1080 598 1154 658 adeo
1173 599 1310 678 fortibus,

159 689 196 746 ut
218 704 306 763 saepe
329 688 415 763 equis
439 688 470 746 et
492 686 582 746 mulis
609 688 674 747 ictu
700 688 796 767 pugni
818 686 921 748 dentes
944 682 1118 748 excusserit'
1143 690 1161 747 7
1196 685 1310 750 ‘omnes

159 774 262 835 dentes
281 794 343 836 uno
361 795 463 854 pugno
482 771 621 837 excussit’
641 776 795 853 Aristoph.
814 777 889 836 Rau.
905 777 968 836 547
987 764 1053 861 κᾷτ’
1071 774 1104 838 ἐκ
1121 785 1174 858 τῆς
1191 777 1310 859 γνάθου

158 863 215 937 πὺξ
239 864 370 938 nordico
393 861 560 943 μούξέκοψε
582 863 652 935 τοὺς
673 864 780 946 χοροὺς
802 865 872 939 τοὺς
894 866 1069 948 προσθίους.

249 947 332 1015 338.
369 955 485 1015 Nonius
522 975 550 1033 p.
571 956 692 1030 428,9
728 950 840 1016 ‘Poenis
877 960 909 1016 et
943 974 1050 1034 poema
1085 956 1163 1016 hanc
1198 956 1310 1019 habent

158 1043 342 1103 distantiam.
463 1044 597 1105 Lucilius
629 1048 801 1122 satyrarum
832 1044 884 1105 lib.
902 1045 993 1105 VIIII
1026 1041 1097 1106 ‘non
1131 1046 1204 1106 haec
1235 1047 1309 1124 quid

158 1133 260 1193 ualeat
289 1133 401 1210 quidue
422 1134 480 1195 hoc
500 1136 641 1195 intersiet
661 1134 738 1194 illud
758 1153 924 1213 ...parua
946 1154 1053 1213 poema
1079 1135 1157 1196 idere
1179 1136 1310 1213 epistula

157 1221 285 1297 itemque
307 1223 353 1282 uis
444 1242 518 1300 opus
541 1227 639 1284 totum
665 1228 779 1300 wicque
801 1225 855 1285 illo
878 1241 994 1285 summo
1021 1228 1067 1285 est
1088 1243 1149 1285 uua
1171 1222 1256 1298 θέσις
1277 1231 1311 1285 ut

159 1313 280 1372 annales
313 1314 383 1372 enni
416 1316 506 1390 atque
537 1317 596 1373 otoo
622 1334 715 1373 unum
742 1318 788 1375 est
814 1313 910 1374 maius
937 1314 1033 1375 multo
1060 1317 1107 1375 est
1204 1317 1309 1392 poesin

157 1404 310 1462 inausum
340 1421 433 1462 unum
457 1405 712 1478 ...entymema
742 1400 942 1465 amnem&
995 1403 1092 1464 Varro
1123 1403 1308 1465 Parmenone

159 1484 238 1572 (398
250 1484 290 1574 Β)
315 1487 449 1552 “Poema
472 1495 518 1552 est
539 1492 613 1552 lexis
636 1493 819 1571 enrythmos,
841 1493 873 1553 id
896 1498 942 1554 est
968 1493 1060 1553 uerba
1082 1494 1172 1571 plura
1193 1494 1309 1555 modice

158 1580 190 1638 in
211 1580 362 1657 quandam
380 1583 515 1642 coniecta
534 1583 669 1643 formam.
709 1586 814 1660 itaque
832 1585 925 1643 etiam
942 1581 1092 1643 distichon
1110 1585 1309 1662 epigramma·

157 1670 222 1730 tion
262 1674 373 1731 uocant
412 1690 527 1748 poema
577 1672 692 1750 poesis,
716 1676 763 1733 est
802 1675 979 1750 perpetuum
1020 1677 1230 1753 argumentum
1273 1694 1308 1732 er

156 1759 319 1837 rhythmis,
351 1762 386 1820 ut
417 1761 501 1821 Iliae
527 1760 652 1822 Homeri
683 1765 715 1821 et
746 1762 869 1822 annulos
901 1761 988 1822 Enni.
1037 1764 1155 1840 poetice
1187 1766 1234 1824 est
1260 1781 1308 1823 ars

158 1868 261 1909 earum
283 1845 428 1910 rerum”.’
470 1851 636 1911 Verborum
654 1851 829 1913 differentiis
848 1854 927 1912 recte
945 1851 1154 1931 intellegendis
1171 1852 1308 1929 inprimis

157 1938 319 1999 studebunt
338 1940 399 1999 uiri
420 1938 502 2000 docti
525 1940 635 2001 saeculi
658 1960 685 2000 a
705 1941 757 2001 (lh.
781 1941 905 2002 alterius
923 1941 1018 2001 ueluti
1038 1941 1112 2003 (lato
1135 1935 1179 2024 (p.
1194 1944 1246 2019 47,
1267 1944 1308 2001 14

156 2020 259 2109 lond),
289 2028 431 2090 Afranius
455 2022 522 2111 (23.
548 2032 610 2090 221
631 2023 686 2113 R),
713 2031 821 2092 Accius
845 2024 889 2112 (4.
915 2032 978 2091 296
998 2023 1053 2113 R),
1080 2033 1152 2092 conf
1176 2031 1308 2092 Lucilius

156 2118 259 2178 incert.
278 2137 306 2177 u.
324 2119 424 2179 1215:
451 2120 504 2196 qui
533 2119 677 2180 hocloco
700 2123 963 2199 grammaticorum
987 2118 1167 2182 Graecorum
1190 2124 1307 2182 secutus

157 2210 203 2267 est
225 2207 399 2267 doctrinam.
447 2207 537 2268 (luins
560 2208 713 2270 doctrinae
735 2211 783 2270 hic
809 2210 893 2271 locus
915 2211 1152 2272 uetustissimum
1175 2210 1307 2271 omnium

156 2300 202 2357 est
219 2298 438 2358 testimonium:
457 2298 579 2359 eandem
598 2300 733 2359 referunt
755 2301 890 2378 regulam
910 2297 1017 2360 Graeci
1034 2300 1205 2378 Apthonius
1224 2299 1308 2360 RGI

155 2406 185 2464 p.
201 2386 292 2447 60W
310 2387 342 2447 11
359 2406 387 2464 p.
404 2389 456 2463 22,
475 2390 494 2448 3
511 2385 562 2466 Sp.
581 2388 700 2466 ποίησις
718 2385 773 2467 μὲν
794 2387 850 2471 γὰρ
873 2397 954 2449 πᾶσα
975 2381 1116 2467 ἡἨιάς,
1138 2389 1252 2469 ποίημα
1275 2386 1307 2450 dl

156 2471 249 2553 ἡτῶν
269 2468 420 2555 Ἀχιλλέως
441 2475 541 2538 ὅπλων
558 2476 723 2556 κατασκευή
742 2497 830 2555 quem
848 2479 946 2539 locum
966 2475 1000 2539 G.
1014 2477 1037 2539 I.
1052 2479 1151 2539 vossii
1171 2478 1308 2540 doctrina

155 2584 226 2626 usus
244 2568 400 2643 comparat
419 2566 573 2644 Corpetus,
595 2566 715 2627 uberius
733 2567 935 2647 Hermogenes
954 2569 973 2626 l.
988 2586 1010 2628 s.
1025 2588 1054 2644 p.
1071 2569 1111 2628 16
1122 2567 1162 2626 W
1176 2588 1204 2646 p.
1220 2570 1240 2626 4
1256 2567 1306 2645 Sp.

155 2654 274 2734 ποίησις
296 2647 415 2733 ἡἸλιὰς
437 2653 629 2735 reincipere
651 2649 853 2736 ἡὈδυοοεία,
876 2655 1026 2734 ποιήματα
1048 2653 1080 2716 δὲ
1104 2654 1307 2736 terremotu,

155 2744 377 2824 νοκυομοιντεία,
397 2745 642 2825 μνηστηροφονία
660 2746 879 2807 Ammoneo.
897 2744 1037 2827 διήγησις
1059 2766 1087 2822 p.
1103 2747 1146 2805 43
1157 2746 1185 2804 V
1203 2745 1307 2827 διήγη-

157 2850 203 2905 σις
235 2830 289 2912 μὲν
325 2832 381 2914 γὰρ
412 2832 463 2895 καλ
494 2834 616 2914 ποίησίς
647 2831 726 2895 ἔστιν
756 2831 777 2913 ἡ
800 2833 833 2896 ἐν
865 2834 951 2914 μήκει
983 2832 1015 2896 τὸ
1045 2832 1155 2896 τέλειον
1186 2832 1306 2915 ἔχουσα·

156 2921 288 3003 διήγημα
314 2920 347 2983 δὲ
374 2922 424 2985 καλ
450 2923 566 3003 ποίημα
587 2923 619 2985 τὸ
643 2924 822 3005 βραχύτερον
843 2925 895 2985 nbi
919 2925 995 2984 editt
1018 2926 1146 2984 afferunt
1168 2924 1306 2984 Lustath.

156 3015 250 3090 praef.
273 3013 313 3072 ad
335 3013 370 3072 II.
385 3014 412 3073 A
426 3034 455 3091 p.
471 3015 500 3089 6,
516 3016 557 3073 22
577 3015 621 3074 ed.
636 3014 721 3074 Rom.
739 3014 859 3094 ποίησις
878 3010 932 3092 μὲν
949 3009 969 3091 οἱ
989 3012 1042 3093 ὅλη
1061 3014 1175 3094 βίβλος,
1192 3014 1307 3094 ποίημα

156 3097 189 3161 di
211 3100 277 3164 τόδε
299 3100 332 3162 τὸ
355 3102 474 3183 γράμμα
496 3100 591 3184 ἤγουν
614 3102 668 3183 ἥδε
690 3099 711 3181 ἡ
733 3103 874 3189 βοψφδία
899 3101 932 3164 τὸ
954 3100 1036 3181 ἄλφα
1058 3107 1116 3163 κτλ.
1163 3104 1306 3165 Varronis

157 3190 292 3251 doctrina
321 3195 351 3252 et
377 3192 408 3251 in
432 3192 626 3253 Parmenonis
652 3193 719 3254 loco
741 3212 764 3255 s.
778 3212 800 3254 s.
820 3193 1002 3271 conspicitur
1030 3194 1216 3254 consentiens
1239 3212 1306 3253 cum

156 3279 265 3341 Lucilii
292 3281 426 3342 uersibus
456 3285 487 3342 et
516 3282 595 3360 apud
623 3283 697 3343 Mar.
720 3283 832 3343 Victor.
856 3282 912 3344 GL
930 3283 974 3342 VI
996 3304 1025 3361 p.
1041 3284 1097 3358 56,
1123 3285 1163 3343 18
1182 3283 1306 3360 seqq.K

158 3364 284 3447 ‘poetice
317 3375 363 3431 est
394 3389 443 3431 ars
469 3372 544 3449 ipsa.
593 3372 670 3433 Nam
698 3373 797 3449 poesis
824 3377 855 3433 et
881 3391 988 3451 poema
1017 3372 1133 3434 dietam
1153 3392 1204 3450 eo,
1226 3373 1306 3450 quod

156 3478 263 3536 poema
289 3455 391 3540 <uno>
416 3461 624 3521 tantummodo
651 3461 802 3523 clauditur
829 3464 973 3538 carmine,
1003 3466 1040 3523 nt
1069 3462 1226 3542 tragoedia
1256 3464 1306 3523 uel

156 3548 325 3627 rhapsodia,
348 3550 446 3628 poesis
469 3555 569 3611 autem
593 3570 628 3610 er
650 3551 786 3629 pluribus
808 3548 872 3630 <est
891 3556 1038 3612 wateetee
1054 3548 1257 3631 comunibus>
1274 3552 1306 3612 id

156 3640 203 3698 est
229 3658 335 3717 corpus
369 3642 465 3719 operis
493 3640 621 3701 confecti
647 3644 683 3701 ut
709 3641 782 3703 Ilias
809 3641 932 3702 Homeri
961 3644 992 3702 et
1017 3641 1128 3701 Aeneis
1156 3637 1306 3720 Vergilii,

156 3728 253 3806 magis
285 3727 323 3788 ad
354 3729 464 3789 Lucilii
495 3730 588 3789 uerba
620 3730 735 3791 accedit
765 3730 926 3790 Diomedes
953 3729 1008 3790 GL
1031 3730 1048 3790 Ῑ
1073 3751 1102 3808 p.
1122 3732 1202 3805 473,
1227 3729 1306 3789 17Κ

158 3811 264 3878 ‘distat
286 3822 386 3878 autem
415 3821 534 3897 poetica
556 3838 575 3878 a
598 3823 735 3897 poemate
757 3824 789 3880 et
809 3821 903 3898 poesi,
925 3819 1005 3896 quod
1026 3820 1145 3896 poetica
1168 3837 1217 3878 ars
1239 3818 1307 3895 ipsa

156 3907 355 3988 intellegitur,
381 3927 489 3985 poema
512 3912 612 3969 autem
634 3928 705 3987 pars
729 3910 840 3987 operis,
866 3913 901 3969 ut
927 3909 1093 3987 tragoedia,
1115 3909 1214 3986 poesis
1237 3926 1306 3968 oon·

156 3998 255 4057 textus
283 4001 314 4058 et
340 4016 446 4075 corpus
473 3999 567 4060 totius
595 4000 693 4076 operis
720 4000 831 4075 effecti,
858 4002 893 4058 ut
919 3999 992 4059 Ilias
1020 3997 1148 4074 Odyssia
1169 3993 1305 4057 Aeneis':

157 4087 228 4146 conf
247 4086 284 4146 A.
298 4087 514 4149 Wilmannsius
533 4089 569 4148 de
591 4088 630 4147 M.
645 4088 766 4148 Terenti
786 4087 871 4147 Varr.
886 4087 954 4148 libr.
973 4106 1096 4167 gramm.
1116 4107 1144 4165 p.
1161 4088 1234 4163 200,
1254 4089 1305 4146 70.

158 4175 269 4237 Contra
295 4177 570 4256 Isid.orig.138,
594 4180 633 4237 21
665 4173 775 4254 ‘poesis
803 4177 912 4237 dicitnr
939 4175 1053 4237 Graeco
1085 4178 1204 4237 nomine
1231 4194 1306 4253 opus

156 4266 319 4327 multorum
349 4267 507 4343 librorum,
538 4285 645 4344 poema
676 4262 775 4327 unius’
807 4268 905 4344 magis
938 4267 976 4327 ad
1005 4265 1158 4326 rhetorum
1184 4265 1306 4326 illorum

157 4355 270 4415 accedit
297 4355 493 4419 definitiones.
538 4356 627 4417 Illam
654 4376 746 4435 quam
772 4355 906 4416 Lucilius
933 4359 965 4416 et
990 4355 1088 4416 Varro
1114 4355 1210 4416 secuti
1237 4359 1307 4416 snut

156 4443 359 4506 definitionem
395 4448 569 4507 immutauit
599 4447 736 4507 nonnihil
768 4444 944 4507 Posidonius
975 4442 1009 4507 ἐν
1039 4450 1076 4532 τῇ
1106 4443 1173 4526 περὶ
1204 4441 1307 4518 λέξεως

210 4553 297 4596 nuum
309 4555 359 4595 nn
374 4555 409 4596 eu
423 4555 506 4598 mu.
529 4556 560 4597 n
1074 4551 1091 4600 9
