3036 5004
546 363 621 420 xxx
643 385 670 422 u.
692 369 876 422 1osr-1oeo.
1222 367 1287 432 331

139 536 196 595 erit
224 537 322 595 textor
349 531 490 616 gerdius’.
539 536 726 596 Vocabulum
755 539 875 612 perdius
901 555 949 613 ap.
977 536 1127 597 Lucilium
1158 540 1288 614 primum

136 627 302 686 inuenitur:
335 630 487 703 sumptum
523 645 586 686 esse
622 626 742 686 uidetur
777 646 812 686 ex
850 625 978 686 diulecto
1015 627 1144 702 quadam
1179 627 1287 688 Italiae

138 712 260 775 Graeca.
279 714 406 792 Hesych.
425 714 547 796 γερδιός·
567 713 713 794 boemiis,
732 718 805 776 item
831 714 915 775 ndu
929 715 961 775 H
979 736 1007 792 p.
1024 718 1097 790 262,
1113 718 1153 776 55
1173 714 1288 798 γερδιὸς

136 799 203 881 ἤτοι
231 802 367 884 ὑφαντὴς
394 808 507 878 textor,
538 804 639 885 γερδιά
668 807 787 865 textrix.
828 806 981 866 Peculiare
1014 806 1163 882 quoddam
1195 825 1288 884 genus

137 895 261 953 textrini
284 897 447 955 exercuisse
470 895 606 973 gerdium
625 915 640 953 e
658 894 769 954 Lucilii
787 897 817 953 et
834 894 958 954 Firmici
976 894 1075 955 uerbis
1093 896 1287 975 intellegitur.

137 982 222 1053 Quod
245 1002 312 1043 cum
334 987 367 1043 in
389 986 513 1061 papyris
536 985 730 1063 Aegyptiacis
754 985 926 1061 saepissime
954 988 1156 1044 memorentur
1177 985 1291 1066 yepdacl

137 1075 201 1132 sine
224 1071 345 1152 γὲρὸιοι,
368 1072 534 1154 γερδιακὸν,
557 1076 716 1150 suspiceris
738 1077 869 1134 textores
888 1075 979 1134 finisse
1002 1076 1121 1151 proprie
1144 1074 1289 1150 lanificos,

137 1161 255 1242 gerdios
278 1162 405 1223 linificos
429 1183 503 1239 quos
525 1183 585 1223 nno
608 1165 706 1241 capite
724 1163 795 1222 XXI
813 1162 879 1243 περὶ
897 1163 1046 1242 λαναρίων
1065 1163 1289 1240 comprehendit

137 1252 268 1312 edictum
283 1252 472 1312 Diocletiani.
510 1251 698 1330 Oxyrhynch.
713 1252 822 1330 Pupyr.
836 1252 851 1312 1
869 1274 897 1330 p.
914 1254 954 1314 83
978 1252 1107 1331 Τρύφων
1125 1252 1288 1314 Διονυσίου

137 1338 252 1421 γέρὸιος
270 1341 301 1400 Π
324 1362 353 1419 p.
369 1343 434 1402 280
453 1361 548 1418 seqqa
575 1342 663 1418 plura
694 1342 829 1419 exempla
851 1342 966 1402 dabunt
987 1342 1100 1403 indices
1123 1342 1288 1402 editionum

138 1450 319 1507 papyromm
334 1429 439 1492 Graeci
458 1435 488 1490 et
502 1451 561 1492 vau
575 1431 767 1492 Herwerdeni
781 1433 896 1492 lexicon
911 1430 1056 1492 Graecum
1071 1433 1289 1508 suppletorium

137 1539 159 1579 s.
174 1540 202 1579 u.
226 1520 262 1578 V.
283 1520 408 1591 Quartio
435 1524 534 1581 textor
561 1524 743 1581 memoratur
765 1523 797 1581 in
819 1522 1014 1599 inscriptione
1039 1521 1122 1580 urbis
1146 1540 1192 1598 ap.
1212 1521 1287 1580 Wil-

138 1611 307 1669 maunsium
322 1610 455 1687 Exempl.
469 1613 540 1670 179.
557 1611 700 1671 Zonarius
714 1615 896 1671 memoratur
905 1630 953 1688 ap.
964 1610 1023 1671 Cic.
1034 1630 1088 1688 pro
1102 1611 1199 1671 Flacc.
1212 1613 1286 1685 7,17

138 1695 264 1759 ‘sutores
280 1703 310 1760 et
324 1702 437 1759 zonarii
451 1696 685 1760 conclamarunt’
706 1699 741 1759 de
760 1703 844 1760 cuius
864 1703 928 1760 arte
943 1702 1079 1777 exposuit
1093 1701 1287 1760 Bluemnerus

138 1789 175 1848 ad
199 1788 285 1848 edict.
304 1789 430 1849 Dioclet.
446 1791 473 1849 X
492 1791 610 1849 8-12,
656 1791 734 1849 'lota
760 1791 876 1850 indoles
903 1789 962 1850 loci
989 1790 1095 1851 similis
1123 1793 1169 1849 est
1198 1793 1288 1866 atque

103 1888 105 1894 ’
138 1878 237 1938 Ρ1551.
252 1878 406 1938 Τ115.251
427 1875 495 1940 ‘nox
510 1880 608 1955 detur,
622 1880 743 1938 ducitur
761 1880 878 1939 familia
897 1882 975 1940 tota:
995 1881 1160 1956 uestiplica,
1173 1882 1289 1954 unctor,

137 1970 203 2027 euri
226 1972 339 2043 eustos,
370 1969 577 2044 flabellilerae,
610 1969 862 2047 sandaligerulae,
894 1972 1053 2043 cantrices,
1083 1968 1288 2029 cistellatriees

137 2050 251 2138 (555155
284 2059 413 2117 alitent
442 2063 628 2118 momenta
660 2061 835 2134 sepulcralia
872 2063 1077 2119 matronarum
1107 2052 1288 2141 Aticurum)

138 2149 237 2206 nuntii
255 2144 407 2206 renuntii'.

229 2226 336 2297 1058.
358 2237 473 2297 Nouius
500 2257 529 2313 p.
545 2239 623 2312 493,
642 2239 684 2299 26
714 2233 846 2296 ‘Inuerbi
873 2257 927 2314 pro
956 2236 1087 2297 inuerbis
1117 2229 1285 2319 (inberbes).

139 2324 273 2385 Lucilius
309 2324 360 2383 lib.
380 2325 462 2384 XXX
495 2321 681 2401 “[maximus
718 2329 743 2387 si
780 2320 918 2406 argento]
962 2327 1078 2385 1555561
1115 2327 1289 2405 androgyni,

137 2412 257 2473 barbati
284 2410 548 2474 moechocinedi''.'
599 2415 700 2476 Verba
732 2416 847 2476 seclusa
878 2416 967 2474 eiecit
995 2413 1132 2475 Ouiacius
1165 2435 1240 2491 quae
1273 2437 1289 2475 e

137 2503 272 2580 proximo
308 2503 401 2563 Nonii
440 2505 580 2563 lemmate
616 2505 791 2580 irrepserint
827 2497 869 2586 (u.
891 2497 1000 2585 1053).
1045 2536 1088 2544 —
1125 2506 1290 2580 androgyni

137 2592 316 2652 uocabulum
348 2593 379 2651 in
411 2593 615 2672 prodigiorum
644 2595 730 2654 lastis
758 2597 805 2655 est
831 2595 952 2667 tritum,
981 2594 1222 2662 moecleccinaedi,
1255 2597 1290 2653 ut

137 2681 373 2759 spatalocinaedi
391 2701 438 2759 ap.
458 2683 575 2745 Petron.
597 2685 646 2741 23.
685 2683 870 2743 Sententiam
890 2702 1028 2743 enarrare
1042 2685 1161 2759 oportet
1179 2684 1288 2743 collato

138 2772 241 2832 eodem
274 2773 479 2847 Theophrasto
511 2773 530 2832 l.
546 2791 568 2832 s.
582 2793 605 2834 s.
629 2764 683 2853 (ad
705 2793 733 2831 u.
749 2766 828 2854 991)
852 2793 880 2850 p.
897 2774 937 2832 62
972 2766 1157 2833 ‘honoranda
1189 2773 1289 2831 nutrix

138 2864 201 2921 eius
233 2864 264 2920 et
294 2862 410 2940 gemla,
443 2881 545 2922 seruus
577 2865 719 2938 paternus
751 2867 782 2922 et
816 2865 978 2937 maternus,
1015 2862 1227 2937 et·alumnus,
1259 2865 1290 2922 et

138 2953 285 3011 formosus
322 2952 447 3026 assecla,
484 2954 515 3010 et
550 2955 726 3029 procurator
761 2952 996 3026 cuamutrstus,
1032 2954 1063 3010 et
1098 2953 1129 3009 in
1167 2952 1288 3031 longam

138 3059 330 3117 securamque
344 3040 498 3100 libidinem
513 3044 646 3102 exsectus
660 3042 762 3118 spado,
782 3042 836 3101 sub
851 3041 958 3119 quibus
972 3041 1142 3101 nominibus
1158 3041 1290 3101 adulteri

139 3130 325 3190 delitescunt.
367 3149 568 3213 quoscumque
596 3131 651 3190 illa
680 3130 825 3206 dilexerit,
848 3131 871 3190 ii
893 3130 1032 3208 ingratiis
1056 3126 1198 3190 amandi'.
1244 3131 1288 3190 nd

139 3221 254 3279 barbati
276 3220 348 3281 conf
371 3219 501 3280 Martial.
517 3220 575 3279 Vll
596 3222 636 3280 58
665 3216 741 3280 Ἱι55
764 3241 814 3281 sex
837 3224 891 3280 aut
913 3222 1025 3297 septem
1045 3221 1181 3298 nupsisti,
1201 3218 1289 3280 Galla

139 3309 280 3385 cinaedis,
303 3310 375 3369 dum
398 3329 483 3371 corna
505 3315 534 3369 te
558 3312 684 3370 nimium
707 3329 841 3387 pexaque
864 3309 956 3370 barba
979 3305 1075 3369 iuuat’
1101 3330 1125 3370 e.
1141 3330 1168 3387 q.
1183 3330 1205 3370 s.

231 3391 337 3462 1059.
365 3399 480 3460 Nonius
507 3421 535 3477 p.
552 3402 629 3475 348,
650 3403 688 3460 21
725 3396 869 3474 blittero,
901 3401 1047 3460 omittere.
1155 3399 1288 3460 Lucilius

138 3487 190 3548 lib.
209 3488 292 3547 XXX
325 3484 403 3548 “hoc
502 3485 666 3549 libenter'’.’
717 3491 830 3549 lubente
861 3490 974 3549 Iunius.
1028 3488 1094 3549 Hoc
1126 3488 1204 3566 quod
1234 3508 1289 3566 ego

139 3580 242 3637 satura
269 3597 336 3637 mea
362 3581 397 3638 ut
424 3598 515 3656 graue
543 3581 654 3639 uitium
680 3579 870 3656 reprehendi,
897 3582 930 3639 tu
958 3580 1082 3639 missum
1104 3580 1204 3654 facies,
1227 3579 1289 3653 illo,

139 3667 219 3743 quod
242 3671 435 3744 praeceptum
457 3671 601 3745 proposui
619 3668 728 3728 ibidem
752 3672 783 3729 et
804 3669 915 3729 bouum
934 3672 964 3729 et
982 3668 1109 3742 salubre,
1132 3667 1288 3743 tuquidem

139 3756 227 3815 facile
250 3759 363 3832 poteris
386 3758 433 3816 uti
456 3762 576 3817 auctore
599 3757 768 3834 plaudente.

231 3837 338 3906 1060.
360 3845 475 3906 Nonius
498 3867 526 3923 p.
544 3848 620 3920 235,
641 3851 680 3907 16
707 3843 833 3924 ‘Aptum
859 3865 976 3906 rursum
999 3865 1142 3906 conexum
1164 3848 1195 3905 et
1219 3864 1287 3905 oon-

138 3935 268 4011 ligatum
295 3934 451 4012 significa
481 3936 682 3996 ...Lucilius
709 3936 760 3998 lib.
774 3937 857 3995 XXX
885 3932 985 3995 “unus
1018 3937 1173 3994 manmit
1202 3938 1289 3994 acuis

139 4026 226 4083 uetus
253 4024 382 4084 restibus
409 4017 556 4105 (pestibus
579 4018 623 4106 L)
652 4020 786 4101 aptus''.’
837 4026 919 4084 55515
947 4023 1114 4099 Turnebus,
1145 4027 1288 4084 cerotem

139 4115 219 4173 recte
237 4113 453 4174 Lacmnnus.
491 4114 677 4174 Sententiam
694 4114 739 4173 ita
757 4115 818 4173 fere
832 4114 986 4191 suppleas:
1007 4108 1082 4174 ‘sero
1102 4117 1147 4172 est
1161 4113 1288 4189 denique

140 4206 262 4279 coeptus
294 4221 370 4262 unus
403 4206 552 4263 consterni
583 4203 669 4264 nobis
701 4204 857 4281 grabatus,
889 4206 989 4276 uetus,
1022 4202 1150 4262 restibus
1178 4198 1288 4279 aptus'.

140 4291 277 4352 Contulit
302 4291 511 4352 Lachmannus
542 4293 593 4352 lib.
608 4292 652 4351 VI
669 4313 698 4352 u.
714 4295 775 4353 251
812 4287 884 4352 ‘tres
912 4310 930 4350 a
957 4290 1139 4351 Deucalione
1170 4291 1290 4369 grabati

139 4382 267 4442 restibus
290 4378 387 4442 tenti'.
429 4382 615 4442 Describitur
637 4401 710 4442 cena
732 4381 845 4444 sordidi
867 4381 1009 4440 hominis:
1033 4381 1165 4458 hospites
1184 4382 1291 4458 stipati

142 4471 301 4548 pluresque
324 4474 357 4531 in
379 4491 438 4533 uno
461 4471 538 4533 lecto
557 4473 751 4547 collocantur,
775 4490 865 4548 quam
887 4472 979 4531 moris
998 4473 1062 4532 erat
1080 4472 1170 4531 sicuti
1187 4476 1291 4531 narrat

194 4581 280 4622 55551
293 4582 343 4622 nu
358 4582 391 4623 su
406 4582 488 4622 niu.
511 4583 542 4623 11.
1043 4576 1076 4625 29
