3036 5004
679 349 791 403 XXVIII
811 368 837 404 u.
858 355 917 405 742.

699 596 887 682 XXVIII.

307 754 394 812 Nona
417 756 513 812 metra
537 757 655 813 saturae
683 756 806 813 conatus
835 755 881 812 est
907 755 997 829 poeta
1023 750 1191 831 iniungere,
1219 752 1370 811 senarium

218 843 380 902 iambicum
403 846 433 902 et
455 843 659 901 hexametrum
682 843 868 918 dactylicum.
906 842 1013 901 Tribus
1037 843 1147 901 saturis
1170 841 1280 899 librum
1298 860 1369 899 con-

220 932 331 992 stitisse
360 933 549 1008 exposuimus
579 932 710 1010 prolegg.
734 953 762 1009 p.
783 929 856 989 CXI.
908 931 1048 990 Saturam
1080 931 1256 1007 septenariis
1289 950 1369 988 com·

218 1024 348 1099 positam
367 1023 558 1080 antecessisse
578 1023 708 1081 senarios
727 1021 871 1097 probatur
885 1022 987 1080 ordine
1002 1041 1050 1079 un.
1068 1022 1140 1079 747.
1157 1022 1229 1079 762.
1253 1019 1369 1079 Heroos

218 1113 325 1171 ultimo
348 1111 413 1170 Ioco
436 1114 523 1187 posui
546 1130 628 1170 mera
651 1112 821 1170 coniectura
843 1129 922 1170 usus.
969 1111 1081 1170 Tamen
1104 1110 1182 1169 idem
1207 1112 1271 1168 erat
1294 1108 1368 1169 ordo

217 1203 248 1259 in
272 1201 348 1261 libro
368 1201 478 1273 XXIX,
504 1203 536 1258 in
561 1221 619 1277 quo
642 1203 738 1260 metra
761 1201 815 1259 hoc
839 1200 941 1260 ordine
972 1202 1057 1259 erant
1085 1200 1243 1276 disposita:
1271 1201 1368 1274 septe·

219 1293 297 1349 narii
321 1290 430 1350 senarii
452 1291 630 1364 hexametri,
658 1291 820 1367 septenarii
844 1291 953 1349 senarii
979 1308 1053 1365 quos
1079 1291 1189 1349 iterum
1217 1289 1370 1365 excipiant

217 1380 383 1440 hexametri
405 1380 475 1439 libri
494 1380 584 1438 XXX.
634 1380 735 1456 Atque
759 1381 872 1456 primae
896 1384 1015 1438 saturae
1043 1371 1249 1459 (roa-750)
1279 1397 1369 1455 argu-

218 1472 352 1529 mentum
376 1470 464 1546 quale
488 1470 588 1543 fuerit,
611 1489 670 1528 non
694 1469 789 1527 uideo.
826 1469 861 1527 Iu
886 1471 1020 1544 sequenti
1039 1473 1141 1527 satura
1161 1460 1369 1550 (sal—793)

217 1560 313 1636 primo
332 1551 539 1640 (751-756)
563 1558 736 1618 conuiqum
759 1557 936 1618 describitur
958 1559 1071 1618 factum
1095 1557 1229 1629 Athenis,
1252 1557 1282 1615 in
1307 1576 1368 1632 quo

217 1649 253 1706 de
277 1648 468 1724 philosophia
491 1651 577 1707 erant
599 1667 747 1708 sermones
772 1650 802 1706 et
825 1648 861 1706 de
885 1647 1069 1724 philosophis
1092 1647 1212 1719 AtticIs,
1236 1646 1271 1705 de
1290 1646 1368 1706 Aca·

217 1738 332 1797 demine
360 1738 529 1797 doctoribus
557 1741 587 1796 et
615 1737 650 1795 de
678 1737 816 1812 Epicuro.
868 1736 978 1795 Satura
1011 1738 1156 1812 epistulae
1187 1738 1295 1795 missae
1327 1736 1369 1794 ad

217 1827 345 1886 amicum
374 1828 466 1886 fnisse
493 1827 613 1886 uidetur
641 1826 748 1887 simiIIs
776 1817 991 1908 (sss-763).
1043 1826 1120 1884 Tum
1151 1826 1183 1883 in
1215 1828 1257 1886 eis
1290 1845 1368 1901 quae

218 1919 353 1992 proxima
376 1919 447 1976 sunt
470 1907 677 1997 (rus-793)
702 1918 801 1995 agItur
829 1917 864 1975 ds
892 1916 996 1975 domus
1024 1916 1242 1994 expugnatione
1270 1914 1369 1974 cnius-

217 2006 301 2079 dam,
333 2004 369 2064 de
396 2004 507 2064 iudicio
535 2005 571 2064 de
599 2007 631 2064 ui
660 2007 739 2082 qnod
766 2006 921 2065 immineat
949 2007 980 2064 ni
1007 2005 1143 2064 fallimur
1169 2007 1275 2081 poetae
1306 2005 1368 2081 ipsi

218 2097 341 2171 eiusque
370 2097 499 2168 asseeIIs,
527 2095 563 2154 de
582 2095 660 2172 Lupi
679 2097 857 2171 quaesitoris
875 2095 1009 2154 saeuilia.
1048 2092 1106 2164 Qui
1124 2097 1238 2154 restant
1256 2095 1369 2153 senarii

217 2178 436 2267 (sss—772),
465 2184 587 2244 dubium
616 2186 661 2244 est
689 2204 748 2262 quo
777 2187 955 2262 pertineant.
1006 2183 1117 2243 Satura
1143 2184 1236 2243 tertia
1267 2183 1367 2244 herois

215 2273 350 2334 uersibus
374 2294 451 2351 quae
475 2278 540 2335 erat
562 2276 728 2353 composita
751 2267 956 2356 (rel-sol)
979 2274 1089 2334 Accius
1112 2272 1297 2350 carpebatur.

774 2476 790 2532 1

307 2571 389 2642 742.
413 2581 529 2642 Nonius
552 2602 580 2658 p.
602 2582 712 2656 237,6
743 2575 919 2639 ‘Autumare
950 2582 995 2639 est
1026 2579 1122 2639 dibere
1147 2625 1153 2636 .
1174 2624 1180 2636 .
1201 2623 1207 2635 .
1231 2577 1367 2639 LuciIIns

216 2669 266 2729 lib.
281 2671 410 2730 XXVIII
430 2666 611 2732 “socratium
629 2670 701 2746 quid
714 2675 780 2729 autc
795 2661 854 2749 (ita
868 2668 893 2728 G
908 2690 946 2728 m.
964 2673 991 2742 1,
1010 2670 1081 2743 quid
1094 2671 1182 2728 dame
1196 2668 1220 2727 L
1235 2666 1260 2726 G
1274 2688 1313 2726 m.
1330 2661 1366 2749 2)

217 2763 344 2836 tyranno
379 2762 493 2821 υολολεοο
530 2752 674 2839 (mississe
695 2753 736 2842 G)
764 2758 953 2837 Aristippum
989 2752 1192 2817 autumant”.’
1239 2755 1367 2823 Versum

217 2852 342 2926 apparet
378 2868 440 2909 esse
473 2849 665 2926 quadratum:
698 2850 828 2908 senarios
860 2848 1068 2908 Lachmnnus
1101 2849 1173 2908 lectt
1209 2849 1366 2906 comment.

215 2939 331 2998 Lueret.
351 2959 379 3015 p.
402 2940 473 2998 170.
519 2939 699 2998 Socraticum
730 2940 809 2997 reete
840 2938 958 2997 Iunius:
989 2939 1046 2996 hoc
1079 2939 1157 2996 enim
1190 2937 1367 3013 cognomine

216 3030 316 3087 ornari
349 3028 425 3087 solet
456 3027 630 3105 Aristippus
663 3028 759 3086 ueluti
787 3025 846 3086 Cic.
870 3028 955 3087 Tusc.
975 3027 1006 3086 H
1028 3027 1066 3086 15
1097 3028 1182 3103 epist
1201 3026 1244 3084 IX
1264 3027 1315 3099 26,
1335 3029 1365 3084 2.

214 3119 302 3175 νιλοοο
325 3114 463 3175 Guietus:
486 3117 537 3176 lib.
557 3117 588 3176 Π
606 3138 633 3175 u.
655 3118 694 3175 57
720 3119 846 3176 λνινοοοο.
889 3115 1000 3176 Contra
1023 3116 1164 3175 traditam
1186 3116 1366 3192 scripturam

216 3204 349 3264 defendit
377 3205 553 3265 Skutschius
580 3206 654 3265 Mus.
674 3206 766 3264 Rhen.
787 3205 914 3265 XLVIII
934 3208 1018 3265 1893
1043 3227 1070 3283 p.
1093 3205 1155 3265 305
1191 3224 1257 3264 eum
1289 3205 1367 3282 legit

215 3277 404 3369 Aristippum
427 3302 564 3372 correpta
587 3298 695 3356 altera:
720 3296 770 3355 sed
792 3296 868 3355 tulta
890 3297 1025 3372 exempla
1048 3314 1157 3373 augere
1180 3294 1272 3354 nolim
1296 3312 1366 3353 cum

215 3384 374 3444 admodum
398 3388 458 3446 sint
481 3405 550 3445 rara
570 3405 623 3445 nec
642 3386 705 3445 ulla
723 3386 771 3444 hie
790 3384 921 3444 adfuerit
938 3386 1045 3462 poetae
1063 3386 1151 3445 huius
1170 3385 1366 3461 correptionis

215 3475 384 3548 necessitas,
406 3476 498 3535 fuerit
520 3475 616 3536 omnis
639 3476 766 3534 facultas
789 3474 914 3534 uitandi.
952 3473 1029 3544 Quid
1052 3475 1225 3551 Aristippus
1248 3474 1366 3532 miserit

214 3567 343 3640 tyranno
362 3564 490 3624 traditur
508 3564 596 3644 Diog.
615 3564 714 3624 Laert.
732 3565 763 3623 II
782 3565 823 3624 83
847 3567 905 3624 Τοῦ
930 3560 961 3623 δὲ
979 3566 1174 3643 Κυρηναικοῦ
1193 3561 1365 3640 φιλοσόφου

215 3649 333 3733 φέρεται
360 3654 468 3732 βυβλία
495 3654 560 3733 τρία
588 3651 642 3732 μὲν
670 3653 799 3734 ἱστορίας
825 3662 884 3713 τῶν
911 3651 984 3713 κατὰ
1011 3653 1134 3732 Λιβύην
1162 3649 1365 3730 ἀπεσταλμένα

215 3742 376 3827 Διονυσίῳ,
395 3743 432 3803 ’ἐν
455 3739 487 3803 δὲ
505 3747 576 3802 τιτλε
599 3764 687 3821 porro
711 3747 894 3804 memoratur
916 3742 996 3823 χρεία
1013 3741 1087 3823 πρὸς
1106 3742 1268 3803 Διονύσιον
1286 3743 1364 3802 eius·

215 3832 282 3892 dem
304 3833 474 3910 philosophi
492 3833 511 3892 l.
531 3852 552 3893 s.
573 3835 623 3892 84.
674 3834 817 3893 Attamen
849 3833 1007 3893 uerborum
1040 3832 1204 3893 similitudo
1237 3837 1364 3908 tyranno

214 3924 327 3983 misisse
354 3927 384 3983 et
411 3919 611 4001 ἀπεσταλμένα
634 3924 785 4008 Διονυσίῳ
815 3926 974 4000 utrumque
997 3924 1171 4001 scriptorem
1196 3922 1232 3982 de
1259 3922 1364 3981 eadem

214 4031 245 4070 re
269 4012 394 4072 eundem
417 4014 501 4089 sequi
524 4015 675 4073 auctorem
698 4013 819 4073 indicat.
865 4013 971 4090 Itaque
999 4013 1034 4072 de
1062 4012 1195 4073 historiis
1222 4011 1283 4070 illis
1312 4014 1364 4089 agi

214 4100 406 4178 probabilius.
451 4101 497 4161 De
521 4102 628 4178 quibus
651 4103 731 4178 quod
758 4102 892 4162 Lucilius
921 4102 1024 4162 scribIt
1051 4103 1171 4175 quidam
1199 4105 1364 4170 autument,

214 4189 245 4248 id
268 4210 329 4249 rem
349 4190 470 4250 dubIam
490 4196 521 4250 et
539 4192 710 4270 ambiguam
728 4191 860 4252 indicare
879 4192 1010 4252 uidetur:
1034 4194 1064 4250 et
1081 4210 1186 4251 reuera
1204 4191 1255 4250 ille
1274 4210 1363 4266 quem

214 4278 363 4356 Diogenes
381 4280 400 4338 l.
420 4299 441 4339 s.
462 4281 503 4339 85
531 4282 626 4340 tradit
652 4280 741 4340 index
769 4279 842 4341 κατὰ
870 4278 901 4341 δὲ
930 4280 1073 4341 Σωτίωνα
1100 4278 1133 4341 ἕν
1160 4276 1284 4364 δευτέρῳ
1312 4277 1364 4340 καὶ

99 4424 101 4427 .
215 4367 381 4428 Παναίτιον
404 4367 481 4429 ἔστιν
505 4368 584 4431 αὐτῶ
608 4368 818 4450 συγγράμματα
836 4369 903 4430 τάδε
922 4373 981 4430 κτλ.
1005 4370 1120 4430 omittit
1137 4370 1287 4444 historiae,
1311 4369 1364 4428 sed

215 4457 333 4517 exhibet
351 4467 454 4538 χρειῶν
472 4459 537 4540 τρία
557 4432 693 4540 (Panaet.
708 4459 814 4538 fragm.
831 4462 870 4519 51
887 4460 1028 4520 Fowleri:
1048 4460 1119 4520 conf
1130 4459 1239 4519 Zelleri
1255 4458 1363 4536 philos.
