3030 5002
624 336 637 392 1
654 354 681 392 u.
703 341 817 395 :s-is.
1253 338 1291 403 ll

143 507 233 566 huius
262 508 363 566 autem
390 507 556 585 principale
584 526 692 567 nomen
718 511 764 566 est
791 525 883 584 aqua:
912 507 991 584 quod
1018 525 1089 569 uero
1115 508 1233 584 patitur
1259 525 1295 568 ec

143 598 227 656 tenet
254 614 378 673 aquam,
410 595 518 673 equale
550 588 636 677 (conf
660 596 757 656 Varro
784 596 820 656 de
844 598 863 656 l.
881 597 915 656 L.
934 597 962 653 V
983 588 1070 678 119).
1108 592 1168 657 “ut
1195 598 1294 674 equile

144 684 236 745 sedile
262 679 408 758 monile'’‚
435 687 480 744 ait
506 685 586 744 idem
614 685 737 746 Plinius.
782 680 925 766 [aquale].
1025 687 1137 747 animal
1165 688 1294 747 animale

143 775 243 848 faciet,
264 777 300 834 ut
318 774 473 834 autumnal
493 776 674 850 autumnale,
693 777 805 852 capital
824 775 1295 854 capitale,tribunalt1ibunsle;

144 882 221 941 quae
233 863 369 942 patiendi
383 883 443 923 non
456 867 536 939 sunt
553 867 589 924 ut
603 883 694 941 supra
712 861 852 926 diximus'
876 859 963 948 (conl
973 867 1106 944 prolegg.
1120 886 1149 943 p.
1161 860 1293 946 LXXV).

144 953 374 1014 Hemistichium
393 955 481 1015 iustis
501 954 580 1030 quod
599 957 659 1015 stet
676 957 807 1016 numeris
826 956 921 1016 satius
935 957 981 1015 est
997 957 1191 1032 interpretari
1204 975 1294 1032 quam

144 1046 269 1105 mutare.
320 1043 416 1103 Varro
440 1043 459 1102 l.
479 1062 501 1104 s.
521 1063 543 1103 s.
567 1043 604 1104 de
626 1045 645 1102 l.
664 1042 698 1103 L.
717 1044 759 1103 IX
780 1046 835 1104 21:
865 1040 981 1104 ‘Nonne
1011 1044 1164 1106 inusitatis
1191 1045 1295 1105 formis

144 1152 284 1194 uasorum
316 1131 484 1193 recentibus
517 1152 533 1192 e
566 1131 691 1192 Graecia
723 1133 832 1194 adlatis
864 1134 1024 1193 obliterata
1056 1135 1199 1210 antiquae
1226 1153 1294 1194 con·

144 1221 309 1282 suetudinis
332 1224 465 1282 sincrum
488 1225 519 1281 et
542 1223 716 1299 capulamm
740 1219 883 1299 species?'
919 1224 1032 1283 Narrat
1055 1223 1126 1284 deus
1144 1223 1296 1284 hominem

142 1312 263 1372 Albucii
277 1312 406 1371 similem
419 1329 482 1372 esse
496 1314 637 1391 rogatum
652 1331 744 1389 quare
757 1313 865 1388 patriis
879 1314 1082 1372 intermiscere
1096 1313 1194 1389 petita
1202 1312 1295 1373 uerba

145 1402 218 1462 foris
249 1401 339 1460 malit
370 1399 513 1462 Canusini
540 1419 622 1461 more
649 1402 793 1480 bilinguis
820 1421 916 1479 neque
938 1399 994 1479 τὴν
1021 1400 1143 1480 σκάφην
1175 1400 1296 1481 σκάφην

144 1487 231 1571 λέγεις
246 1492 298 1566 qui
312 1486 357 1550 ‘at
370 1490 486 1551 doctius
500 1510 567 1551 mea
581 1493 729 1552 sententia
743 1491 842 1552 mollis
858 1487 1001 1552 ‘hetaera’
1017 1491 1133 1551 dicetur
1145 1493 1295 1564 meretrix,

146 1575 397 1656 ‘arutaenae'que‚
420 1581 527 1657 inquit,
546 1576 690 1658 aquales’.
722 1580 829 1657 Itaque
852 1582 972 1656 aquales
992 1583 1046 1657 qui
1065 1581 1192 1642 audiunt
1215 1582 1295 1658 apud

147 1667 291 1730 Catonem
314 1661 357 1747 (p.
378 1670 430 1744 62,
447 1664 568 1751 lIord.)
596 1673 627 1730 et
651 1669 792 1731 Plautum
817 1663 917 1752 (Cure.
937 1663 1030 1745 312),
1059 1690 1108 1731 eos
1136 1673 1297 1731 arctamus

146 1758 256 1819 Lucilii
282 1761 417 1836 tempore
440 1759 580 1819 dixemnt
604 1761 833 1837 graecissantes:
865 1758 939 1819 Poll.
958 1760 985 1819 X
1005 1761 1046 1819 63
1075 1768 1134 1819 τῶν
1161 1757 1193 1819 ἐν
1221 1758 1299 1842 αὐτῷ

145 1852 184 1931 τῷ
205 1848 352 1933 βαλανείῳ
375 1856 490 1908 σκευῶν
517 1845 646 1926 ὀνόματα
670 1895 676 1909 .
697 1895 703 1909 .
724 1895 730 1907 .
754 1848 875 1925 πύελος,
898 1847 1040 1929 κροανός,
1067 1845 1211 1929 ἀρύταινα
1234 1891 1241 1906 .
1261 1894 1296 1909 ..

144 1931 378 2016 Ἀριστοφάνους
405 1934 459 2015 μὲν
486 1936 622 2010 εἰπόντος
645 1931 737 2016 (clu
756 1938 771 1997 Ι
789 1959 817 2015 p.
839 1940 913 2012 504,
932 1930 1062 2020 435K):
1091 1935 1238 2016 βαλανεὺς
1265 1930 1294 1996 δ’

146 2023 225 2087 ὠθεῖ
259 2031 322 2098 ταῖς
362 2023 548 2106 ἆραταίναιςε
590 2028 661 2087 conf
694 2027 1296 2104 Antiphan.l.s.11p.19‚25‚3K

145 2116 291 2193 Theopbr.
315 2116 445 2176 charact.
465 2119 494 2192 9,
514 2118 533 2177 8
558 2138 586 2194 p.
608 2119 648 2177 79
673 2117 717 2177 ed.
741 2116 821 2194 Lips.
844 2118 928 2177 1897
952 2117 1030 2178 Fest.
1055 2137 1083 2194 p.
1105 2119 1156 2190 21,
1177 2117 1240 2177 311.

238 2198 296 2267 18.
318 2205 435 2266 Nonius
457 2226 485 2282 p.
508 2207 615 2281 ltus
641 2202 751 2267 ‘Pausa
774 2210 819 2267 est
842 2208 926 2283 quies
949 2208 1077 2267 alicuius
1095 2207 1146 2266 rei.
1167 2205 1295 2264 ..Lu-

146 2296 232 2356 cilius
264 2297 434 2372 satyrarum
466 2294 552 2354 lib.I
585 2292 683 2356 “haec
706 2341 712 2353 .
734 2342 739 2353 .
760 2341 767 2354 .
790 2292 978 2372 loquendi''.'
1029 2296 1119 2356 Recte
1153 2294 1297 2373 Gorpetus

147 2385 221 2445 haec
244 2403 321 2461 quae
343 2387 388 2444 ita
410 2384 525 2446 tradita
547 2385 671 2445 suntin
695 2385 769 2445 codd
792 2388 926 2447 seruauit
948 2405 1008 2445 nou
1030 2388 1147 2447 secutus
1171 2404 1220 2446 ecs
1246 2386 1298 2461 qui

145 2476 308 2534 inserentes
335 2476 409 2548 facit
434 2474 615 2534 uocabulum
643 2493 762 2535 uersum
788 2476 939 2554 integrum
966 2474 1167 2534 reddiderunt.
1213 2476 1298 2534 Haec

145 2565 197 2624 obi
224 2563 303 2623 dicio
329 2565 438 2624 omisso
465 2568 534 2623 sunl
560 2564 650 2640 plane
677 2564 838 2624 secundum
860 2565 969 2624 Lucilii
998 2583 1083 2624 usum
1110 2564 1223 2624 dictum
1252 2566 1298 2624 est

146 2673 241 2731 neque
265 2653 353 2713 aliter
370 2653 522 2730 Vergilius
540 2654 614 2714 Aen.
633 2654 649 2713 I
668 2655 708 2713 81
730 2647 823 2713 ‘Haec
841 2653 895 2712 ubi
915 2655 1005 2729 dicta,
1028 2673 1136 2713 cauum
1154 2672 1299 2713 conuersa

147 2742 268 2819 cuspide
299 2745 431 2802 montem
459 2739 604 2819 impulit’.
653 2744 787 2803 Possum
813 2743 885 2802 dore
917 2746 963 2803 est
994 2742 1074 2818 apud
1102 2742 1234 2801 Ennium
1264 2744 1296 2801 in

147 2832 286 2909 Scipione
305 2824 364 2912 (10
373 2825 429 2910 V):
453 2828 506 2891 ‘Et
523 2832 681 2911 Neptunus
699 2852 807 2893 saeuus
826 2832 913 2891 undis
932 2831 1045 2907 asperis
1063 2850 1189 2908 pausam
1203 2825 1297 2890 dedit'

147 2921 227 2998 apud
254 2920 379 2980 Accium
407 2921 553 2999 Epigonis
580 2914 672 3003 (TRF
696 2921 740 2981 ed.
759 2921 806 2980 ΙΠ
827 2914 936 3002 2903)
966 2916 1071 2981 ‘Nobis
1104 2920 1194 2980 datur
1219 2921 1299 2980 bona

147 3029 242 3088 pausa
264 3004 428 3086 loquendi’.
474 3010 600 3070 Locutio
624 3012 690 3087 ipsa
713 3011 863 3072 historicis
887 3009 1007 3071 Graecis
1034 3009 1131 3088 magis
1158 3011 1203 3070 est
1229 3029 1298 3086 pro·

147 3101 214 3177 pria
238 3118 329 3176 quam
351 3101 455 3176 epicis:
479 3119 550 3159 nam
567 3100 714 3160 Homerus
733 3102 761 3160 A
780 3101 836 3160 68:
860 3090 879 3178 ἦ
902 3120 947 3159 τοι
970 3098 987 3160 ὅ
1009 3091 1033 3179 γ’
1060 3095 1100 3171 ὣς
1122 3095 1215 3160 εἰπὼν
1235 3091 1295 3158 κατ’

146 3181 189 3269 ἄρ’
221 3186 311 3265 ἕζετο,
339 3188 510 3249 Herodotus
528 3188 627 3248 Vns
656 3194 725 3250 eutr.
753 3197 845 3249 ταῦτα
872 3188 956 3261 εἴπας
982 3186 1106 3249 ἐπαύετο
1133 3188 1298 3266 Xenophon

148 3278 373 3354 anab.13,13
398 3271 475 3338 ταῦτ’
500 3275 591 3338 εἰπὼν
614 3275 769 3340 ἐπαύσατο.
815 3279 921 3338 Verbis
944 3297 993 3338 ore
1016 3278 1151 3352 loquendi
1173 3280 1299 3355 apparet

147 3368 297 3428 Lucilium
323 3368 440 3444 epicum
467 3369 582 3427 imitari
604 3368 747 3428 Latinum
775 3388 863 3444 quem
890 3370 962 3429 item
990 3369 1127 3429 imitatus
1155 3371 1200 3428 est
1224 3367 1298 3426 Ver-

148 3458 239 3535 gilius
261 3457 335 3517 Aen.
354 3457 398 3515 VI
419 3458 459 3517 76
485 3453 601 3518 ‘Finem
624 3456 707 3518 dedit
730 3476 779 3518 ore
802 3452 956 3534 loquendi'
976 3450 1038 3539 (orc
1056 3457 1207 3517 ablatiuus
1226 3457 1299 3535 legi·

148 3551 199 3606 tur
220 3549 294 3606 item
312 3547 343 3606 Π
362 3539 441 3628 475)
467 3542 560 3623 ‘quod
582 3547 733 3625 significat
754 3547 843 3607 tinem
867 3547 949 3607 dedit
977 3566 1027 3606 ore
1055 3547 1125 3606 dum
1152 3540 1298 3623 loquitur'

150 3639 270 3696 auctore
292 3635 436 3696 Diomede
459 3635 510 3696 GL
529 3636 544 3695 I
566 3657 595 3714 p.
615 3638 690 3711 342,
705 3636 790 3696 2311.
827 3637 997 3696 Ennianum
1019 3639 1116 3697 totam
1137 3654 1201 3696 esse
1222 3636 1300 3695 hanc

150 3725 330 3786 locutionem
366 3727 431 3785 ueri
467 3725 564 3786 simile
600 3728 647 3787 est
714 3724 860 3786 Similiter
895 3726 1035 3785 Martium
1073 3724 1195 3802 (lapella
1218 3724 1233 3782 I
1257 3726 1297 3784 94

149 3835 178 3890 p.
199 3816 250 3890 26,
270 3816 312 3876 20
322 3815 464 3892 Eyssenh.
530 3811 600 3874 ‘Sed
643 3818 804 3892 postquam
845 3816 981 3893 Iuppiter
1026 3814 1114 3874 linem
1158 3813 1299 3889 loquendi

150 3898 232 3963 iecit'
252 3925 276 3964 e.
292 3925 320 3981 q.
335 3922 357 3963 s.

241 3985 300 4054 13.
322 3993 499 4054 Lactantius
522 3994 614 4053 diuin.
639 3995 732 4053 instit.
752 3994 795 4054 IV
815 3996 844 4068 3,
866 3995 904 4053 12
932 3989 1051 4069 ‘Itaque
1074 3994 1105 4051 et
1126 3991 1263 4068 Iuppiter
1281 4011 1300 4050 a

151 4083 340 4157 precantibus
363 4086 450 4159 pater
472 4087 598 4143 uocatur
620 4085 651 4142 et
669 4083 817 4143 Saturnus
840 4086 871 4143 et
888 4083 978 4143 Ianus
1001 4085 1032 4141 et
1049 4081 1139 4141 Liber
1162 4084 1192 4141 et
1210 4083 1300 4141 ceteri

152 4172 299 4248 deinceps,
328 4172 407 4248 quod
429 4172 562 4232 Lucilius
584 4175 616 4232 in
640 4172 761 4233 deorum
785 4172 910 4233 concilio
932 4172 1056 4231 inridet:
1084 4167 1143 4231 “ut
1166 4215 1173 4230 .
1195 4215 1202 4228 .
1226 4216 1233 4230 .
1261 4171 1300 4229 ad

152 4255 291 4321 unum’'.'
337 4261 420 4321 Haec
442 4261 537 4321 uerba
558 4261 708 4322 Lactantii
734 4262 940 4322 demonstrant
961 4261 1137 4338 inscriptum
1168 4260 1258 4321 fuisse
1282 4278 1301 4319 a

153 4351 355 4429 grammaticis
379 4347 512 4411 ‘deorum
536 4346 707 4412 concilium'
730 4351 841 4410 librum
858 4350 874 4408 1
894 4350 1004 4410 Lucilii
1026 4350 1114 4410 sicuti
1136 4349 1212 4408 liber
1229 4348 1301 4408 XVI

153 4439 369 4501 inscribebatur
392 4439 522 4519 Collyra,
544 4440 667 4501 Homeri
688 4439 838 4519 Odysseae
861 4440 931 4500 libri
949 4438 964 4497 I
985 4458 1055 4516 pars
1078 4440 1176 4516 prima
1197 4439 1301 4497 inscri-
