3060 5010
594 391 645 444 vu
664 410 690 446 u.
711 397 859 445 ase-aes.
1238 395 1300 460 107

150 559 221 618 dial.
249 563 364 619 meretr.
380 560 408 616 V
428 553 477 641 4),
505 561 555 637 qui
585 562 712 621 multum
741 561 872 638 suspirat
898 565 929 622 et
956 563 1056 622 anima
1087 564 1188 624 crebra
1215 586 1300 626 nares

151 652 252 708 mouet
284 652 314 709 et
345 649 461 710 diducit
492 654 526 708 ut
558 670 635 727 equa
666 653 815 729 pruriens:
848 653 920 712 conf
943 652 1029 711 Lucr.
1048 652 1092 711 IV
1114 656 1197 713 1192
1228 650 1301 714 ‘Nec
1419 683 1425 694 ·

151 739 258 798 mulier
290 758 405 816 semper
435 740 505 799 ficto
532 741 664 817 suspirat
691 760 791 801 amore
819 742 901 812 Quae
929 743 1082 819 complexa
1109 744 1167 803 uiri
1194 762 1301 821 corpus

153 847 220 887 cum
252 847 374 905 corpore
406 825 525 908 iungit’.
576 829 672 890 Versu
704 833 804 891 autem
837 833 891 907 qui
923 832 1001 892 hunc
1033 833 1212 908 sequebatur
1237 836 1301 893 sine

153 918 243 978 dubio
266 917 339 978 haec
362 919 423 978 fere
447 918 528 978 diota
551 922 650 979 erant:
677 918 835 996 delphinus
858 923 895 979 ut
917 920 989 979 olim
1013 941 1028 979 e
1051 923 1129 980 mari
1150 923 1300 997 proiectus

153 1007 184 1066 in
207 1006 296 1066 litore
319 1008 441 1068 anhelat
464 1008 553 1069 sicuti
576 1008 634 1067 AP
651 1009 694 1068 XI
714 1011 754 1068 52
780 1008 911 1094 Παιδείηι
933 1009 1134 1088 Θρασύβουλε,
1157 1028 1300 1090 σαγηνευ-

151 1093 217 1170 θελς
235 1090 283 1155 ὑπ’
304 1094 388 1174 ἔρωτι
406 1094 622 1174 ἀσθμαίνεις
641 1096 766 1174 δελφλς
785 1097 830 1170 ὥς
848 1121 900 1173 τις
919 1091 965 1158 ἐπ’
987 1098 1156 1179 αἰγιαλοῦ
1172 1098 1301 1178 κύματος

152 1180 287 1293 ι’χῦίρων.
312 1183 460 1265 δρέπανον
482 1183 515 1247 δέ
537 1203 584 1248 σοι
602 1184 672 1247 ούδέ
691 1186 722 1249 τὸ
742 1185 878 1268 Περσέως
897 1186 984 1265 ἀρκεῖ
997 1185 1162 1267 ἀποτμῆξαι
1180 1188 1301 1250 δίκτυον

152 1297 175 1355 ῳ
198 1272 315 1335 δέδεσαι
338 1308 380 1317 -
405 1276 481 1335 alias
504 1277 582 1335 enim
610 1276 743 1355 delphini
766 1279 926 1355 suspiritus
949 1277 1023 1337 nihil
1047 1277 1158 1339 habent
1176 1280 1301 1356 insigne.

152 1364 319 1441 Delphinus
338 1367 368 1424 in
389 1365 473 1425 arida
492 1368 648 1442 praeterea
666 1370 874 1444 argumentum
888 1370 980 1426 trium
994 1370 1040 1428 est
1053 1370 1301 1447 epigrammatum

152 1453 209 1512 ΑΡ
227 1453 286 1512 VII
307 1456 379 1514 214.
400 1457 474 1514 215.
495 1458 568 1531 216,
585 1455 724 1532 δελφῖνος
743 1453 775 1516 έν
788 1454 879 1539 χέρσῳ
894 1457 945 1535 βία
960 1457 1118 1518 Plutarcho
1133 1450 1300 1537 (Demosth.

153 1562 215 1619 cap.
228 1535 262 1624 3)
282 1547 402 1603 anctore
425 1543 542 1604 dixerat
564 1545 618 1605 Ion
642 1547 773 1624 tragicus
797 1538 855 1628 (58
874 1539 926 1627 N).
968 1547 1047 1625 Apte
1066 1547 1235 1607 illustratur
1252 1548 1301 1607 bic

151 1633 261 1692 Lucilii
285 1654 312 1692 a.
332 1633 530 1711 descriptione
554 1635 676 1695 Tatiani
699 1635 737 1694 ad
756 1634 805 1696 Gr.
825 1654 889 1712 cap.
910 1638 950 1694 22
974 1656 1003 1712 p.
1025 1637 1079 1712 25,
1099 1637 1118 1695 8
1142 1636 1300 1698 Schwartz.

151 1722 367 1802 ριναυλοῦσι
385 1719 439 1801 μὲν
457 1721 512 1803 γὰρ
526 1721 575 1783 καὶ
589 1727 710 1785 λαλοῦσι
724 1722 758 1784 τὰ
772 1723 885 1804 αἰσχρά,
903 1733 1057 1786 κινοῦνται
1075 1721 1108 1785 δὲ
1121 1725 1252 1803 κινήσεις
1265 1723 1301 1798 ἃς

151 1809 207 1871 οῦκ
230 1808 328 1891 ἐχρῆν,
356 1810 406 1872 καλ
429 1811 498 1885 τοὺς
521 1811 602 1887 ὅπως
625 1812 674 1873 δεῖ
692 1814 837 1894 μοιχεύειν
860 1812 907 1875 ἐπὶ
930 1823 982 1894 τῆς
1009 1823 1122 1893 σκηνῆς
1145 1815 1300 1892 σοφιστεύ-

153 1922 241 1973 οντας
268 1901 302 1960 αἱ
328 1898 489 1982 θυγατέρες
517 1901 602 1981 ύμῶν
630 1901 680 1963 καὶ
703 1904 735 1964 οί
754 1902 858 1978 παῖδες
880 1909 1030 1985 θεωροῦσι
1053 1908 1085 1965 et
1107 1903 1196 1965 clem.
1216 1905 1300 1964 Alex.

151 1990 275 2069 paedag.
295 1990 341 2049 ΠΙ
361 1994 395 2066 4,
415 1993 456 2051 29
486 1989 709 2072 παρεισρέουσιν
736 1989 768 2053 δὲ
792 1990 880 2053 ένδον
902 1993 1046 2055 κιναίδων
1068 1990 1147 2073 όχλοι
1165 2039 1172 2053 .
1188 2040 1216 2055 ..
1236 2016 1300 2072 μοι·

152 2079 231 2158 χείας
268 2078 417 2157 διάκονοι,
457 2082 630 2159 κιχλίζοντες
671 2079 720 2141 καλ
760 2082 972 2162 ψιθυρίζοντες
1007 2080 1057 2142 καλ
1088 2081 1120 2143 τὸ
1156 2082 1301 2163 πορνικὸν

151 2165 263 2246 ἀνέδην
285 2167 328 2243 είς
345 2166 498 2250 ἀσέλγειαν
516 2167 574 2231 διὰ
593 2170 702 2250 ῥινῶν
719 2169 991 2248 ἐπιψοφοῦντες
1009 2170 1301 2251 έπικιναίδισμα,

151 2254 324 2332 ἀκολάστοις
351 2257 461 2339 ῥήμασι
488 2256 539 2319 καί
567 2258 690 2339 σχήμασι
721 2258 836 2341 τέρπειν
858 2260 1033 2342 πειρώμενοι
1055 2258 1105 2321 καὶ
1128 2261 1170 2335 εἰς
1191 2259 1301 2342 γέλωτα

151 2345 361 2426 ἐκκαλούμενοι
392 2348 533 2428 πορνείας
563 2348 746 2428 πρόδρομον·
778 2348 838 2411 ἐστι
870 2345 898 2411 δ’
919 2349 966 2411 ὅτε
998 2348 1048 2410 καλ
1075 2348 1302 2429 ῦπεκκαιόμενοι

153 2435 201 2496 διά
229 2436 284 2515 τὴν
306 2445 454 2517 τυχοῦσαν
482 2433 574 2519 ὀργῆν
600 2435 666 2516 ἤτοι
692 2436 799 2520 πόρνοι
827 2436 912 2500 αὐτοὶ
934 2435 954 2518 i)
977 2437 1027 2499 καλ
1049 2440 1192 2500 κιναίδων
1215 2437 1301 2519 ὄχλον

151 2525 194 2598 είς
216 2523 343 2606 ὄλεθρον
372 2524 546 2605 ἐζηλωκότες
575 2524 807 2608 ἐπικροτοῦσι
829 2533 870 2614 τῆ
892 2527 966 2609 dcvi
988 2529 1173 2608 βατράχων
1196 2528 1301 2607 δίκην

153 2614 292 2695 καθάπερ
314 2613 431 2676 ε”νοικον
453 2621 516 2690 τοῖς
537 2625 681 2697 μυκτῆρσι
703 2615 759 2695 τῆν
781 2615 872 2697 χολῆν
889 2615 1068 2697 κεκτημένοι.
1110 2619 1155 2677 De
1178 2618 1301 2679 naribus

151 2724 316 2782 anonymus
344 2706 472 2783 scriptor
498 2708 529 2766 in
558 2706 706 2766 Foersten'
734 2707 1031 2786 Physiogncmonicis
1058 2707 1251 2783 scriptoribus
1269 2708 1301 2767 11

151 2816 180 2872 p.
202 2797 280 2868 227,
309 2798 347 2854 21
383 2793 566 2876 εύρνρώθων
597 2792 760 2875 ἄνθρωπος
793 2793 919 2876 ὀκνηρὸς
953 2799 1010 2856 κτλ.
1110 2794 1138 2856 εί
1164 2792 1196 2855 δέ
1223 2794 1300 2875 γυνὴ

152 2875 226 2943 τοῦτ’
256 2881 323 2963 έχει,
347 2882 444 2963 πόρνη
471 2882 551 2946 ἐστὶν
579 2883 677 2964 ἔξοχος
699 2882 749 2945 καλ
771 2882 916 2966 κλέπτρια.
963 2885 1036 2945 011111
1060 2884 1301 2946 antecedentibus

32 3050 35 3056 .
154 2975 217 3033 arte
241 2974 430 3034 coniunctum
454 2974 547 3035 fnisse
570 2976 648 3034 hunc
671 2995 792 3035 uersum
814 2975 968 3053 probabile
991 2978 1044 3035 est.
1086 2974 1129 3034 De
1153 2977 1301 3053 scriptura

152 3064 272 3122 oximori
301 3064 479 3125 conferenda
510 3065 620 3142 εξαμου
652 3066 796 3142 scriptum
823 3084 878 3141 pro
900 3063 933 3125 ἐκ
960 3064 1067 3142 Σάμου
1094 3064 1125 3122 in
1152 3063 1300 3141 Lysandri

92 3175 100 3187 ·
152 3153 368 3230 epigrammate
400 3153 524 3230 Delphis
556 3155 679 3214 inuento
712 3147 829 3234 (Jahrb.
853 3154 880 3212 d.
904 3154 991 3214 Arch.
1015 3153 1088 3214 Inst.
1107 3153 1193 3212 XVII
1214 3156 1299 3214 1902

151 3240 298 3320 Anzciger
325 3263 352 3319 p.
371 3234 426 3324 18)
455 3240 571 3322 ἐξυρίας
598 3261 654 3319 pro
682 3240 715 3302 ἐκ
742 3243 857 3321 Συρίας
885 3262 931 3320 ap.
955 3243 1069 3303 Philod.
1093 3239 1159 3320 περὶ
1187 3259 1254 3322 σημ.
1274 3265 1300 3302 κ.

152 3330 287 3408 σημειώσ.
307 3351 335 3407 p.
351 3334 381 3406 4,
402 3333 441 3391 18
462 3331 567 3410 Gomp.
587 3326 774 3414 (Hoffmanni
794 3333 867 3409 Syll.
881 3333 968 3392 inscr.
983 3331 1032 3391 Gr.
1049 3333 1123 3407 329,
1143 3336 1159 3392 1
1181 3333 1299 3394 Ditten·

152 3419 267 3498 bergeri
290 3421 335 3479 ed.
354 3420 385 3478 Π
405 3423 478 3498 930,
498 3415 564 3502 62).
611 3422 655 3482 De
678 3423 747 3482 olim
770 3422 838 3482 uide
861 3421 899 3481 ad
918 3422 968 3480 lib.
983 3422 1029 3480 ΠΙ
1048 3442 1075 3480 u.
1093 3423 1164 3481 146.

243 3501 324 3572 285.
348 3509 465 3570 Nonius
492 3529 528 3570 ex
555 3511 750 3590 grammatico
778 3513 901 3588 p.450,
923 3514 962 3570 12
993 3507 1135 3570 ‘Gennire
1165 3530 1233 3570 cum
1261 3514 1302 3571 sit

151 3599 271 3676 proprie
299 3617 418 3674 canum,
446 3647 452 3658 .
477 3646 483 3658 .
509 3647 514 3658 .
539 3601 630 3660 etiam
657 3602 817 3661 humanam
844 3620 947 3660 uocem
975 3601 1111 3660 nonnulli
1142 3603 1300 3678 gannitum

153 3691 344 3748 uocauerunt.
439 3689 572 3751 Lucilius
596 3691 646 3749 lib.
661 3690 720 3748 VII
745 3686 872 3750 “eodem
896 3691 1013 3764 pactolo
1035 3685 1187 3768 gannis’'.’
1229 3690 1301 3748 lmi-

152 3779 233 3837 tatus
252 3780 298 3838 est
315 3778 441 3838 fortasse
459 3779 610 3839 quenalis
624 3779 669 3837 VI
688 3781 730 3839 64
751 3775 863 3856 ‘Apula
880 3780 995 3858 gannit,
1017 3779 1094 3838 sicut
1112 3778 1143 3837 in
1162 3779 1300 3855 amplexu

152 3866 250 3927 subito
275 3870 305 3927 et
326 3867 495 3927 miserabile
519 3863 661 3947 longum’.

243 3949 326 4018 286.
349 3957 465 4017 Nonius
483 3977 512 4034 p.
530 3959 603 4030 102,
623 3959 663 4016 22
685 3953 862 4036 ‘Exculpere
879 3960 925 4018 est
943 3960 1126 4033 extorquere.
1151 4001 1201 4013 ...
1220 3954 1301 4015 idem

152 4046 195 4104 aa
227 4037 301 4126 (VII
331 4047 487 4114 Vscucrus,
521 4046 583 4105 IIII
606 4043 832 4129 Lacinienses)
864 4043 1013 4106 ἰἐιιικῗαιύί
1112 4041 1299 4123 praedam'’.’

152 4132 231 4210 Apte
264 4136 450 4213 comparauit
481 4135 649 4195 Fridericus
681 4135 800 4195 Neueus
836 4134 872 4195 de
904 4136 1007 4195 formis
1039 4134 1059 4193 l.
1077 4135 1111 4194 L.
1134 4127 1164 4193 1⁸
1186 4155 1214 4212 p.
1235 4137 1300 4196 300

153 4222 228 4281 Plin.
248 4227 309 4284 nat.
328 4224 397 4284 hist.
412 4224 471 4283 VH
493 4225 532 4283 15
558 4220 658 4301 ‘idque
681 4225 809 4284 mammo
839 4225 962 4283 humani
984 4225 1077 4284 ieiuni
1099 4220 1170 4285 cris’
1195 4224 1299 4285 Horat.

154 4313 289 4389 epistss
309 4315 337 4387 2,
358 4316 399 4373 29
425 4309 544 4374 ‘ieiunis
567 4313 704 4374 dentibus
732 4309 809 4373 acer’
834 4311 913 4374 Ouid
935 4316 1054 4373 metam.
1073 4315 1117 4374 XI
1138 4317 1200 4375 123
1226 4311 1301 4375 ‘siue

154 4400 243 4478 dapes
262 4402 352 4463 auido
371 4403 537 4463 conuellere
556 4403 644 4463 dente
662 4399 816 4481 parabat’:
839 4423 931 4481 quare
954 4423 1029 4481 opus
1047 4424 1106 4465 non
1125 4406 1183 4464 erit
1205 4424 1300 4480 neque

153 4488 288 4550 datiuum
325 4494 356 4552 in
393 4511 409 4551 e
441 4494 574 4553 litteram
607 4495 686 4554 exire
719 4496 887 4572 correptam
919 4497 1050 4556 statuere
1083 4514 1177 4570 neque
1209 4494 1301 4552 uerba
