3036 5004
281 378 396 432 XXVIII
414 382 465 434 aut
482 378 570 433 XXIX
590 398 616 432 u.
637 386 696 435 942.
735 380 950 434 XXVI—XXIX
968 399 994 435 ιι.
1016 388 1165 438 sel-see.
1245 385 1311 450 309

162 567 239 606 nom.
259 546 327 607 dub.
347 567 412 628 gen.
431 569 459 609 u.
473 545 592 608 ncseon’
608 540 674 630 (GL
688 549 716 606 V
735 570 763 626 p.
780 551 854 624 684,
869 551 961 610 24Κι
981 553 1052 611 conf
1065 551 1115 610 lib.
1130 551 1189 610 VH
1203 573 1231 611 ιι.
1248 555 1310 613 267

162 636 248 695 XXII
267 658 295 696 u.
315 639 378 697 582
398 639 501 697 incert
520 658 549 696 ιι.
570 631 657 719 935).
704 638 802 709 Quare
824 641 902 698 nihil
927 640 1110 716 probabilius
1139 661 1230 718 quam
1252 643 1310 702 Lu·

161 726 224 784 cilii
252 745 315 786 esse
342 726 434 786 uerba
461 727 527 802 illa,
560 727 612 787 sed
644 732 792 804 corrupta.
844 729 1037 790 Scribendum
1069 734 1115 791 est
1146 732 1311 792 deductius:

162 816 226 874 Ael.
249 816 401 892 Lamprid.
424 816 563 876 Diadum.
585 819 659 892 3,2
694 813 781 894 ‘puer
812 819 872 878 fuit
903 822 1034 879 omnium
1066 821 1312 896 speciosissimus,

161 908 279 964 statura
297 906 493 983 longiuscula,
511 906 591 966 crine
608 907 695 981 flauo,
714 909 808 985 nigris
828 909 930 983 oculis,
949 927 1022 969 naso
1036 905 1173 971 deducto’
1190 909 1310 970 Sueten.

160 994 288 1073 August.
309 997 433 1055 79extr.
458 989 575 1055 ‘nasum
598 998 629 1055 et
652 1017 670 1056 a
692 1015 809 1056 summo
832 1000 1056 1058 eminentiorem
1077 1002 1108 1058 et
1125 999 1163 1058 ab
1182 1000 1243 1059 imo
1262 1000 1310 1060 de-

161 1081 335 1145 ductiorem'
355 1077 659 1166 (lmhcof-Blnmerus
676 1086 922 1163 Pcrtraetlroepfe
940 1089 997 1147 auf
1011 1107 1101 1148 roem.
1119 1089 1263 1148 Muenzen
1282 1090 1309 1149 d.

160 1173 664 1251 Rep.n.KaiserzeitedIILips.
687 1176 770 1235 1892
791 1175 885 1235 tabl
906 1169 948 1257 7).
995 1176 1131 1238 Deducta
1156 1197 1229 1239 naso
1257 1181 1310 1255 qui

47 1255 48 1259 ’
160 1263 284 1341 pulcher
305 1263 433 1323 habetur
455 1266 622 1324 contrarius
645 1267 692 1324 est
713 1284 804 1325 nasus
827 1266 942 1342 pandus
963 1266 1012 1325 uel
1030 1270 1160 1327 rostrum
1178 1268 1310 1344 pandum

161 1353 282 1429 qualem
305 1352 416 1412 habent
434 1352 568 1429 delphini
587 1355 617 1412 et
635 1355 703 1430 apri
721 1346 822 1436 (Ouid.
842 1357 961 1414 metam.
979 1356 1027 1414 ΙΠ
1046 1358 1109 1415 674
1130 1353 1198 1417 ‘lati
1215 1359 1310 1418 rictus

159 1444 191 1502 et
216 1442 318 1518 panda
344 1442 479 1518 loquenti
506 1444 587 1502 naris
615 1438 691 1502 erat'
715 1444 743 1502 X
763 1446 825 1504 713
856 1440 998 1504 ‘excussit
1029 1446 1127 1522 pando
1159 1446 1310 1507 uenabula

158 1527 267 1592 rostro’
292 1531 360 1591 uide
388 1532 426 1590 ad
452 1531 502 1589 lib.
521 1531 549 1588 V
568 1552 596 1590 u.
617 1523 705 1614 212).
750 1534 874 1592 Pandae
902 1534 1082 1594 uocabulum
1109 1536 1189 1611 quod
1217 1537 1309 1596 etiam

159 1620 318 1680 Vitruuius
336 1620 459 1680 adhibet
477 1640 511 1679 ex
529 1621 649 1700 uulgari
668 1641 801 1682 sermone
819 1627 971 1699 sumptum
986 1624 1017 1682 11
1036 1626 1065 1700 9,
1086 1626 1126 1683 12
1146 1626 1242 1702 p.58,
1259 1629 1309 1701 13,

159 1713 229 1769 ante
256 1709 407 1770 Lucilium
435 1711 503 1786 quis
531 1714 735 1790 usurpauerit,
767 1714 875 1771 neseio.
925 1714 1049 1772 Numeri
1077 1716 1147 1774 sunt
1174 1715 1308 1774 iambici:

157 1799 249 1858 uerba
278 1795 395 1859 ‘nasum
422 1794 589 1860 deductius’
617 1803 729 1860 exitum
757 1803 868 1860 senarii
894 1802 1034 1862 exhibent
1059 1803 1194 1881 legitime
1226 1805 1307 1865 facti.

159 1884 276 1949 ‘nasum
298 1885 420 1949 rectius'
440 1888 573 1949 Lucilius
592 1889 669 1950 dixit
686 1890 772 1949 XXII
790 1910 818 1949 ιι.
839 1892 912 1951 582.
931 1924 973 1933 -
993 1895 1020 1951 si
1042 1894 1220 1956 inseruimus
1240 1898 1308 1972 post

152 1980 293 2053 paradius.
343 1978 469 2038 Insanus
497 1998 604 2054 essem,
636 1982 663 2039 si
690 1980 799 2039 uellem
826 2000 962 2057 eaquae
985 1984 1096 2041 natura
1121 1983 1197 2042 mihi
1224 1984 1308 2043 dedit

157 2087 253 2144 neque
276 2071 402 2145 possunt
424 2070 542 2146 corrigi,
564 2071 684 2129 mutari.

584 2459 880 2532 XXVI—XXIX.

245 2596 329 2667 944.
352 2605 525 2664 Priscianus
544 2605 594 2663 GL
613 2605 645 2663 11
662 2625 690 2681 p.
711 2606 785 2678 379,
806 2604 885 2663 16Κ
910 2600 1053 2665 ‘Lucilius
1078 2601 1121 2664 “a
1148 2625 1195 2665 me
1223 2608 1305 2666 auxi-

156 2693 248 2754 liatus
275 2697 302 2754 si
330 2688 393 2753 cst”
426 2695 558 2770 passive,
591 2689 781 2771 βοηθηθείς’.
827 2694 910 2754 Idem
933 2716 961 2772 p.
982 2695 1056 2771 667,
1077 2697 1117 2754 17
1147 2690 1305 2769 ἋιιιιιΙίοι,

157 2784 331 2858 auxiliatus,
359 2780 517 2861 βοηθήσας
544 2781 593 2842 καὶ
622 2782 799 2861 pontecclo.
849 2782 983 2843 Lucilius
1012 2779 1042 2844 ‘a
1069 2803 1115 2843 me
1144 2786 1305 2844 auxiliatus

157 2867 202 2931 et’.
239 2874 282 2933 sic
305 2877 335 2931 et
358 2872 523 2948 amplector
546 2873 698 2948 amplexus
725 2869 775 2931 aul
797 2869 984 2949 περιπλακεὶς
1007 2870 1056 2933 καὶ
1078 2869 1301 2953 περιπλεχθείς’.

156 2962 204 3021 Ita
227 2961 302 3022 codd
323 2961 416 3035 GLK,
444 2961 552 3039 reliqui
581 2963 724 3022 omittunt
752 2966 784 3021 et.
831 2961 1038 3031 Qnicheratius
1066 2984 1113 3040 ap.
1143 2963 1303 3040 Corpetum

155 3072 184 3128 p.
206 3053 268 3111 263
292 3054 354 3127 siet,
375 3053 432 3110 sies
456 3070 522 3110 nos:
546 3051 670 3127 quodsi
692 3070 798 3110 uerum
818 3054 871 3120 est
894 3051 1115 3112 hemistichium
1134 3059 1188 3112 aut
1206 3057 1302 3131 septe·

156 3141 233 3201 narii
257 3145 310 3201 aut
332 3141 441 3202 senarii
466 3143 511 3200 est
533 3159 603 3218 pars
626 3143 695 3217 post
718 3159 872 3200 caesuram
894 3141 1069 3220 legitimam.

244 3222 328 3290 945.
351 3231 467 3291 Nonius
488 3251 523 3289 ex
542 3231 738 3308 grammatico
756 3250 784 3306 p.
807 3233 918 3306 195,’4
939 3226 1036 3290 Ὃιιιιιι
1054 3235 1169 3307 neutro,
1192 3237 1226 3292 ut
1243 3233 1302 3293 Lu-

155 3320 242 3379 cilius
266 3316 430 3398 “asparagi
453 3322 538 3380 eicite
555 3325 596 3380 set
614 3312 680 3402 (sed
700 3312 742 3400 G)
762 3319 847 3380 uirde
865 3312 921 3399 (ita
939 3320 1019 3379 solus
1037 3321 1192 3382 Leidensis
1209 3341 1247 3381 m.
1268 3329 1303 3383 1:

155 3409 251 3469 uiride
282 3403 400 3491 reliqui)
434 3405 544 3469 cima''.
591 3409 733 3470 feminino
763 3408 916 3469 Cornelius
945 3408 1060 3485 celsus,
1092 3412 1148 3471 etsi
1179 3415 1303 3473 minoris

155 3501 357 3575 auctoritatis,
389 3501 490 3576 posuit
518 3494 654 3559 “laetam
680 3500 900 3575 formosamquc
928 3495 1090 3576 cymam’'.'
1142 3501 1302 3562 CodicisL

153 3590 357 3648 testimonium
381 3592 435 3665 qui
462 3591 547 3648 uirde
574 3588 712 3648 exhibeat
739 3588 889 3648 noluimus
916 3589 1084 3667 neglegere:
1112 3591 1221 3650 ardum
1243 3591 1301 3651 Lu-

154 3678 240 3737 cilius
263 3677 314 3738 lib.
334 3678 448 3737 XXVII
466 3698 496 3737 ιι.
517 3680 590 3752 733,
612 3679 698 3738 uirdc
720 3671 850 3758 (uirilem
872 3670 941 3759 cod)
969 3679 1067 3739 oleum
1092 3679 1155 3739 eac
1179 3680 1215 3738 de
1239 3699 1301 3758 agr.

154 3767 224 3827 cult.
247 3768 319 3841 146,
339 3769 358 3826 3
387 3787 475 3843 quem
503 3768 600 3828 locum
628 3767 726 3826 adfert
748 3767 881 3828 Heraeus
909 3768 947 3826 ad
971 3768 1106 3844 Append.
1129 3768 1216 3828 Proh.
1237 3772 1298 3830 201

155 3851 271 3915 ‘uiridis
299 3874 359 3915 non
381 3851 487 3915 uirdis’
513 3857 624 3916 archiu.
643 3855 781 3933 lexicogr.
800 3856 866 3916 Lat.
886 3856 929 3916 XI
949 3859 1036 3918 1900
1054 3878 1082 3934 p.
1103 3859 1180 3932 329,
1208 3863 1301 3918 reuir—

153 3946 267 4004 descent
298 3948 375 4004 auct.
401 3945 440 4005 ad
462 3945 531 4005 Her.
550 3945 594 4005 IV
614 3947 670 4020 34,
690 3947 731 4004 45
748 3949 834 4005 extr.:
866 3947 937 4004 conf
960 3946 1049 4005 indic.
1078 3965 1202 4023 gramm.
1226 3965 1248 4006 a.
1272 3969 1300 4007 u.

152 4053 282 4109 syncope.
302 4067 346 4075 —
365 4052 451 4093 cuma
478 4037 588 4108 optima
614 4036 783 4095 recensetur
809 4037 841 4094 in
868 4035 965 4095 edicte
987 4035 1114 4095 Dioclet.
1135 4037 1222 4110 6,11
1249 4036 1301 4096 ubi
1392 4035 1394 4057 ⁴

153 4125 222 4184 uide
244 4123 415 4183 Bluemneri
439 4123 538 4185 adnot.
558 4144 586 4200 p.
606 4125 657 4198 84,
682 4121 792 4182 Graece
814 4123 857 4182 ibi
881 4124 991 4184 dicitur
1013 4121 1144 4201 ὄρμενος.

242 4205 326 4275 946.
359 4214 474 4272 Nonius
506 4233 541 4272 ex
571 4212 767 4291 grammatico
796 4233 824 4290 p.
846 4215 956 4288 17,16
991 4209 1215 4288 ‘Mandueonea
1248 4218 1300 4291 qui

153 4304 292 4363 manduci
315 4303 389 4362 dicti
414 4307 484 4362 sunt
511 4306 541 4362 et
568 4302 743 4377 mandenes,
771 4302 883 4362 edaces.
928 4302 1110 4379 Pomponius
1133 4303 1300 4365 Pictoribus

153 4385 283 4475 (11213)
308 4388 459 4470 “Magnus
477 4393 640 4453 manducas
658 4393 795 4452 camillus
814 4386 996 4452 canterius''.
1033 4391 1165 4452 Lucilius
1185 4388 1299 4470 “atque

153 4500 253 4541 omnes
281 4482 464 4542 mandonum
491 4478 613 4563 gulae'’.
659 4482 755 4541 Varro
783 4482 921 4541 Bimarco
949 4473 1007 4562 (63
1018 4475 1058 4563 Β)
1089 4477 1223 4561 “magna
1255 4488 1300 4543 uti
