3000 5002
515 331 612 388 moero.
634 333 683 387 mu
710 350 738 387 u.
760 337 944 393 racc-12⁷0.
1234 331 1297 397 401

150 500 231 561 urbis
254 523 283 579 p.
303 502 354 562 50.
392 499 474 572 Quae
496 502 597 578 posita
620 505 685 561 erat
708 505 791 561 extra
813 504 933 578 portam
957 499 1108 577 Capenam
1131 500 1182 560 uia
1200 501 1301 578 Appia

151 610 242 668 prope
279 610 346 650 eum
382 590 481 650 locum
514 591 567 651 ubi
598 592 706 651 balnea
736 591 942 650 Antoniniana
974 593 1078 666 postea
1110 590 1199 649 fuere.
1254 590 1301 649 lbi

150 681 355 758 gymnasticae
382 681 494 739 multos
521 679 631 739 Lucilii
658 682 757 740 661616
785 698 906 755 operam
934 678 1048 738 dedisse
1076 697 1163 738 uersu
1191 678 1301 738 Lucilii

30 792 33 796 ·
151 771 311 829 euincitur:
338 769 448 829 Aletrii
476 765 585 829 ‘lacum
612 769 650 828 ad
670 763 801 846 portam'
829 772 947 845 praeter
973 768 1074 828 lacum
1103 768 1301 828 balinearium

150 859 241 919 fuisse
263 859 367 918 edocet
388 859 496 919 titulus
519 858 672 918 Aletriuas
696 857 794 917 CILI
815 858 909 917 1166,

242 940 348 1009 1267.
368 948 535 1025 Porphyrio
554 947 591 1008 ad
612 948 730 1009 Horatii
749 950 914 1007 carminum
933 946 1074 1006 librumI
1094 949 1178 1022 27,1
1201 942 1301 1007 ‘Natis

151 1039 182 1096 in
205 1057 292 1098 usum
319 1037 454 1098 laetitiae
482 1038 610 1114 scyphis.
655 1038 744 1098 Natis
772 1056 826 1114 pro
854 1037 956 1115 factis3
986 1039 1022 1097 ut
1048 1036 1128 1113 apud
1151 1037 1301 1102 Lucilium

151 1130 197 1187 eet
220 1122 359 1201 “peedieis
382 1127 524 1187 Hortensi
548 1127 655 1187 estad
677 1146 744 1186 eam
767 1147 829 1185 rem
853 1130 925 1186 6616
951 1119 1148 1202 palaestra’'.’
1195 1128 1301 1186 iudicis

151 1215 280 1276 editores
316 1221 444 1293 ueteres,
475 1217 592 1292 podicis
627 1220 707 1276 recte
743 1216 888 1292 Meyerus.
946 1214 1031 1285 Quod
1066 1218 1168 1274 tamen
1205 1235 1300 1292 66666

151 1324 314 1384 cognomen
337 1305 490 1365 Hortensii
518 1306 609 1366 fuisse
636 1306 790 1382 probabile
819 1308 864 1365 est
891 1324 987 1381 neque
1015 1307 1150 1364 conuicio
1180 1307 1301 1364 omnino

151 1396 249 1454 locum
273 1412 336 1455 esse
359 1396 390 1453 in
415 1395 471 1454 hoc
499 1414 587 1455 uersu
616 1413 733 1456 censeo:
759 1397 863 1471 itaque
887 1395 1029 1454 Hortensi
1056 1413 1114 1453 non
1142 1395 1301 1480 genetiuus

152 1487 197 1545 est
215 1483 364 1544 diciturne
378 1484 520 1545 Hortensi
535 1486 685 1561 palaestra
698 1489 733 1544 ut
747 1484 874 1544 Athenis
888 1484 1021 1543 Taureae
1041 1483 1169 1560 Sibyrtii
1180 1483 1301 1561 ⁴Hippo-

151 1576 242 1635 cratis
251 1574 403 1650 paleestra
414 1567 463 1655 (ll
474 1573 595 1634 Curtius
606 1573 862 1654 Stadtgeschiehte
877 1592 935 1632 von
946 1573 1045 1633 Athen
1055 1594 1084 1650 p.
1094 1565 1302 1654 LXXXVIH),

151 1664 203 1724 sed
225 1664 395 1723 uocatiuus:
419 1665 459 1722 od
482 1682 546 1724 eom
568 1682 630 1723 rem
649 1663 796 1740 quomodo
815 1662 945 1739 accipias
964 1663 1185 1722 demonstratur
1203 1663 1301 1723 Plaut.

150 1752 251 1812 Vidul.
271 1754 312 1811 36
328 1753 390 1813 Leo
419 1748 474 1816 ‘eol
503 1755 549 1813 est
575 1753 614 1813 ad
647 1771 712 1812 eam
740 1773 803 1812 rem
830 1754 941 1829 pictor,
968 1756 1069 1818 616616
1098 1747 1212 1812 iecerit'
1242 1751 1301 1812 Cic.

151 1842 234 1903 Verr.
249 1841 293 1901 IV
309 1845 360 1918 24,
376 1844 417 1902 54
438 1837 486 1902 ‘ut
504 1861 540 1907 ea
558 1842 597 1902 66
619 1843 702 1901 illam
725 1863 789 1903 rem
807 1846 881 1902 nata
899 1859 962 1901 esse
980 1837 1113 1910 diceres,
1146 1840 1302 1922 Palaestra

151 1951 210 1991 non
237 1932 320 1992 locus
348 1936 393 1992 est
420 1931 471 1992 sed
499 1933 590 2000 sicuti
614 1935 802 2007 gymnasium
830 1931 880 1996 lib.
899 1931 999 2000 XXVI
1017 1951 1045 1990 u.
1066 1932 1128 1990 641
1159 1933 1301 1991 exercita·

149 2023 263 2081 tionem
287 2023 384 2098 ipsam
411 2021 562 2099 significat
589 2025 624 2082 61
650 2021 729 2099 apud
755 2021 813 2082 Cic.
834 2018 883 2087 Or,
905 2021 977 2082 186.
997 2022 1075 2080 228:
1104 2022 1186 2098 turpi
1213 2039 1302 2083 sensu

150 2110 230 2170 idem
253 2110 434 2170 uocabulum
457 2114 580 2188 ponitur
602 2130 649 2187 ap.
669 2112 799 2171 Martial.
818 2111 844 2168 X
865 2111 916 2184 55,
936 2112 956 2169 4
981 2106 1072 2170 ‘idem
1091 2114 1160 2187 post
1178 2129 1252 2188 opus
1272 2114 1303 2175 et

151 2218 220 2260 suas
246 2200 412 2276 palaestras
440 2200 504 2260 loro
533 2219 599 2260 cum
630 2202 738 2261 similis
769 2203 848 2261 iacet
879 2196 1014 2260 remisso’
1048 2201 1120 2259 coni
1136 2199 1208 2258 XIV
1228 2202 1301 2260 201.

151 2287 218 2348 Non
243 2289 281 2347 ad
303 2308 430 2366 puerum
453 2290 504 2349 sed
533 2290 571 2349 ad
594 2289 749 2349 mulierem
776 2290 896 2366 qualem
918 2289 1023 2348 Dauus
1050 2288 1156 2352 laudat
1180 2289 1302 2348 Horatii

151 2377 398 2451 serm.117,50
421 2396 524 2439 uersus
546 2377 667 2437 uidetur
689 2381 831 2454 spectare.

243 2459 349 2528 1268.
372 2467 543 2526 Macrobius
566 2467 602 2526 66
626 2467 801 2528 differentiis
824 2471 855 2526 et
877 2466 1068 2528 societatibus
1092 2465 1198 2526 Graeci
1219 2466 1300 2526 Leti-
1379 2522 1386 2539 ‚

151 2559 241 2632 nique
264 2556 349 2616 uerbi
372 2555 423 2615 GL
442 2557 470 2614 V
488 2577 516 2633 p.
537 2558 611 2631 618,
632 2556 710 2615 14K
740 2552 898 2616 ‘Similiter
923 2557 1003 2632 apud
1026 2555 1150 2621 Latinos
1173 2557 1301 2631 impera-

151 2647 233 2706 tiuus
255 2646 389 2706 nascitur
412 2645 450 2707 ab
474 2645 593 2706 infinito
621 2645 738 2706 abiecta
765 2646 873 2706 ultima
894 2692 900 2704 .
920 2693 926 2704 .
947 2692 953 2704 .
973 2649 1003 2705 et
1030 2644 1101 2705 ades
1127 2649 1159 2705 et
1186 2645 1301 2722 prodes.

151 2735 284 2796 Lucilius
304 2730 434 2813 “prodes
453 2731 592 2812 amicis’',
610 2734 761 2815 Vergilius
781 2732 864 2796 “huc
883 2734 962 2809 ades,
981 2753 998 2794 o
1017 2729 1178 2794 Lenaee''.’
1211 2734 1302 2794 Prac-

151 2828 239 2901 capta
260 2828 402 2902 posuerat
424 2825 556 2886 Lucilius
579 2825 690 2886 similia
713 2828 803 2902 atque
827 2825 954 2901 scriptor
981 2824 1019 2883 66
1042 2823 1112 2883 Her.
1130 2823 1176 2883 IV
1191 2824 1243 2899 30,
1259 2826 1298 2884 41

151 2915 239 2974 initio
263 2910 344 2992 ‘gere
367 2935 479 2974 morem
501 2915 633 2992 parenti,
660 2935 732 2992 pare
755 2917 904 2994 cognatis,
929 2914 1083 2988 obsequere
1105 2916 1222 2989 amicis,
1241 2914 1304 2975 ‚ob-

151 3006 285 3081 tempera
311 3000 449 3082 legibus',
486 3004 565 3064 idem
584 3004 627 3063 IV
650 3008 699 3080 19,
719 3005 850 3072 261666,
885 2999 950 3064 ‘nec
981 3002 1163 3079 reipublicae
1199 3021 1302 3081 consur

151 3093 236 3153 luisti
257 3111 310 3153 nec
332 3096 435 3154 amicis
452 3096 596 3168 pressisti
618 3113 672 3153 nec
695 3093 825 3155 inimicis
847 3088 1008 3154 restitisti’.
1054 3091 1196 3168 Sequitur
1215 3094 1302 3173 Ilocu-

151 3185 264 3242 tionem
287 3181 432 3243 Graecam
459 3184 579 3260 qualem
607 3182 726 3244 exhibet
748 3182 854 3261 Lysias
873 3183 944 3242 XIX
963 3184 1004 3242 59
1034 3177 1199 3261 ἡγούμενος
1226 3173 1302 3243 εἶναι

151 3269 261 3351 ἀνδρὸς
283 3269 403 3353 ἀγαθοῦ
421 3269 546 3350 ὠφελεῖν
564 3271 633 3346 τοὺς
652 3273 760 3350 φίλους
781 3273 914 3350 Xenoph.
934 3271 1042 3348 Gymp.
1061 3270 1077 3329 Ι
1096 3273 1126 3346 4,
1146 3273 1186 3331 26
1206 3268 1303 3351 66666

150 3360 272 3423 ἔσεσθαι
294 3361 399 3423 ἱκανὸν
422 3360 471 3422 καὶ
494 3362 602 3440 φίλους
624 3357 749 3440 ὠφελεῖν
772 3360 822 3422 καὶ
844 3358 971 3441 ἐχθροὺς
993 3358 1091 3421 ἀνιᾶν.
1238 3409 1239 3413 ,

243 3443 350 3513 1269.
372 3452 489 3513 Nonius
512 3474 540 3530 p.
560 3454 634 3527 321,
654 3454 696 3512 20
720 3472 755 3512 er
773 3452 969 3531 grammatico
989 3445 1134 3510 ‘Inuitare
1153 3450 1303 3529 significat

150 3541 268 3617 repleri.
289 3587 317 3603 ..
334 3588 340 3600 .
354 3540 488 3602 Lucilius
503 3536 651 3617 “pulchre
668 3542 793 3602 inuitati
811 3534 985 3619 acceptique
1003 3535 1176 3618 benigne'’.’
1201 3557 1304 3599 sumas

150 3634 220 3706 post
246 3633 365 3691 inuitati
392 3631 510 3691 addidit
538 3631 653 3707 Dousa,
680 3634 754 3693 solis
780 3630 1002 3704 Lachmannus,
1029 3632 1125 3690 666611
1151 3630 1183 3687 16
1210 3629 1304 3695 Nonii

152 3719 281 3779 editione
299 3720 460 3780 Muellerus
482 3723 514 3780 in
537 3720 730 3781 adnotatione
756 3723 809 3797 qui
826 3721 897 3780 libri
911 3719 993 3779 XXX
1011 3737 1073 3779 esse
1092 3738 1212 3778 uersum
1234 3718 1303 3777 inde

151 3808 334 3885 suspicatur,
363 3808 442 3886 quod
466 3812 602 3889 sequitur
625 3810 703 3886 apud
727 3809 858 3871 Nonium
881 3809 932 3868 lib.
952 3808 1080 3867 XXXu.
1102 3809 1197 3882 1073,
1220 3811 1303 3866 6616·

152 3897 232 3957 cedit
244 3898 327 3957 XXX
341 3898 686 3979 6.1068.,Ρ661)61)11166
700 3901 801 3959 tamen
818 3917 920 3979 uersus
934 3898 1055 3957 initium
1069 3897 1193 3973 periisse
1207 3915 1302 3972 neque

151 3985 342 4046 librariorum
366 3987 453 4064 culpa
476 4007 570 4064 neque
593 3988 686 4048 Nonii
709 3988 760 4049 sed
790 3988 1019 4067 grammaticum
1043 4004 1102 4062 666
1132 3987 1228 4045 utitur
1250 3985 1303 4043 ille

151 4075 239 4152 plura
253 4097 311 4136 non
326 4076 502 4137 exhibuisse.
535 4078 659 4156 Signum
671 4097 685 4131 e
697 4077 898 4137 *tollendum
930 4070 1304 4151 Doueaesupplementum

151 4168 213 4225 iam
232 4165 377 4242 Oorpetus
395 4169 550 4242 spreuerat
566 4167 706 4227 lacunam
725 4168 776 4243 qui
793 4166 925 4245 posuerit
938 4164 1026 4225 initio
1040 4182 1152 4223 uersus.
1187 4163 1245 4223 Cic.
1265 4163 1304 4234 ad

152 4254 277 4315 Attii]
297 4258 317 4315 4
337 4251 445 4316 ‘adhuc
463 4257 630 4316 1661166166
648 4256 784 4334 benigne,
803 4255 863 4329 sed,
883 4253 962 4331 quod
980 4256 1123 4330 superest,
1140 4249 1303 4331 timemus’.

244 4337 349 4407 1270.
369 4344 528 4406 Gledcniue
543 4343 595 4406 GL
610 4345 637 4402 V
655 4366 683 4422 p.
700 4348 752 4422 40,
769 4345 848 4405 151(
868 4338 1041 4420 ‘Pampinus
1061 4344 1093 4401 et
1109 4341 1173 4402 dies
1187 4344 1304 4421 generis

151 4438 223 4494 sunt
245 4435 418 4496 communie.
455 4436 505 4495 hic
523 4435 683 4513 pampinus
701 4434 809 4495 Accius
830 4480 880 4494 ...
899 4432 972 4493 haec
992 4433 1151 4510 pampinus
1169 4430 1304 4508 Lucilius

205 4543 292 4584 Lucilli
305 4545 355 4585 rell
369 4544 404 4585 ed.
419 4545 502 4586 Maur.
524 4545 556 4584 n.
1055 4535 1089 4584 26
