<?xml version="1.0" encoding="UTF-8"?>
<!DOCTYPE html PUBLIC "-//W3C//DTD XHTML 1.0 Transitional//EN"
    "http://www.w3.org/TR/xhtml1/DTD/xhtml1-transitional.dtd">
<html xmlns="http://www.w3.org/1999/xhtml" xml:lang="en" lang="en">
 <head>
  <title>
</title>
<meta http-equiv="Content-Type" content="text/html;charset=utf-8" />
  <meta name='ocr-system' content='tesseract 3.04.00' />
  <meta name='ocr-capabilities' content='ocr_page ocr_carea ocr_par ocr_line ocrx_word'/>
</head>
<body>
  <div class='ocr_page' id='page_1' title='image "./cluciliicarminu00lucigoog_0246.png"; bbox 0 0 3060 5010; ppageno 0'>
   <div class='ocr_carea' id='block_1_1' title="bbox 592 374 1300 440">
    <p class='ocr_par' dir='ltr' id='par_1_1' title="bbox 592 374 1300 440">
     <span class='ocr_line' id='line_1_1' title="bbox 592 374 1300 440; baseline 0.001 -12"><span class='ocrx_word' id='word_1_1' title='bbox 592 374 643 429; x_wconf 87' lang='lat' dir='ltr'><strong>XX</strong></span> <span class='ocrx_word' id='word_1_2' title='bbox 662 393 689 429; x_wconf 88' lang='lat' dir='ltr'><strong>u.</strong></span> <span class='ocrx_word' id='word_1_3' title='bbox 709 379 859 430; x_wconf 74' lang='lat' dir='ltr'><strong>olo-5⁷8.</strong></span> <span class='ocrx_word' id='word_1_4' title='bbox 1234 374 1300 440; x_wconf 80' lang='grc'><strong>213</strong></span> 
     </span>
    </p>
   </div>
   <div class='ocr_carea' id='block_1_2' title="bbox 143 539 1301 4562">
    <p class='ocr_par' dir='ltr' id='par_1_2' title="bbox 144 539 1301 3023">
     <span class='ocr_line' id='line_1_2' title="bbox 151 539 1301 624; baseline 0 -21"><span class='ocrx_word' id='word_1_5' title='bbox 151 546 231 624; x_wconf 78' lang='lat' dir='ltr'><strong>fugit</strong></span> <span class='ocrx_word' id='word_1_6' title='bbox 257 545 308 607; x_wconf 87' lang='lat' dir='ltr'><strong>sad</strong></span> <span class='ocrx_word' id='word_1_7' title='bbox 338 566 393 622; x_wconf 89' lang='lat' dir='ltr'><strong>pro</strong></span> <span class='ocrx_word' id='word_1_8' title='bbox 426 540 599 606; x_wconf 82' lang='lat' dir='ltr'><strong>“dimidia&#39;’</strong></span> <span class='ocrx_word' id='word_1_9' title='bbox 634 539 839 605; x_wconf 86' lang='lat' dir='ltr'><strong>“dimidium&#39;&#39;</strong></span> <span class='ocrx_word' id='word_1_10' title='bbox 872 546 959 623; x_wconf 90' lang='lat' dir='ltr'><strong>ponit</strong></span> <span class='ocrx_word' id='word_1_11' title='bbox 983 545 1022 606; x_wconf 85' lang='lat' dir='ltr'><strong>in</strong></span> <span class='ocrx_word' id='word_1_12' title='bbox 1052 545 1133 606; x_wconf 85' lang='lat' dir='ltr'><strong>hisce</strong></span> <span class='ocrx_word' id='word_1_13' title='bbox 1164 544 1301 606; x_wconf 87' lang='lat' dir='ltr'><strong>uersibus</strong></span> 
     </span>
     <span class='ocr_line' id='line_1_3' title="bbox 151 630 1301 712; baseline 0.002 -19"><span class='ocrx_word' id='word_1_14' title='bbox 151 630 352 711; x_wconf 72' lang='lat' dir='ltr'><strong>“tempestate</strong></span> <span class='ocrx_word' id='word_1_15' title='bbox 368 683 374 694; x_wconf 92' lang='lat'><strong>.</strong></span> <span class='ocrx_word' id='word_1_16' title='bbox 390 682 396 693; x_wconf 94' lang='lat'><strong>.</strong></span> <span class='ocrx_word' id='word_1_17' title='bbox 413 683 418 695; x_wconf 94' lang='lat'><strong>.</strong></span> <span class='ocrx_word' id='word_1_18' title='bbox 433 637 505 696; x_wconf 82' lang='lat' dir='ltr'><strong>horu</strong></span> <span class='ocrx_word' id='word_1_19' title='bbox 578 630 750 712; x_wconf 88' lang='lat' dir='ltr'><strong>quartam&#39;’.</strong></span> <span class='ocrx_word' id='word_1_20' title='bbox 774 652 922 694; x_wconf 86' lang='lat' dir='ltr'><strong>namcum</strong></span> <span class='ocrx_word' id='word_1_21' title='bbox 936 634 1057 694; x_wconf 89' lang='lat' dir='ltr'><strong>obuium</strong></span> <span class='ocrx_word' id='word_1_22' title='bbox 1073 635 1301 712; x_wconf 87' lang='lat' dir='ltr'><strong>proximumque</strong></span> 
     </span>
     <span class='ocr_line' id='line_1_4' title="bbox 150 720 1299 802; baseline -0.001 -18"><span class='ocrx_word' id='word_1_23' title='bbox 150 728 227 784; x_wconf 86' lang='lat' dir='ltr'><strong>esset</strong></span> <span class='ocrx_word' id='word_1_24' title='bbox 249 724 346 784; x_wconf 87' lang='lat' dir='ltr'><strong>dicere</strong></span> <span class='ocrx_word' id='word_1_25' title='bbox 370 720 520 785; x_wconf 83' lang='lat' dir='ltr'><strong>“dimidie</strong></span> <span class='ocrx_word' id='word_1_26' title='bbox 544 729 574 783; x_wconf 89' lang='grc'><strong>61</strong></span> <span class='ocrx_word' id='word_1_27' title='bbox 596 724 691 784; x_wconf 89' lang='lat' dir='ltr'><strong>tribus</strong></span> <span class='ocrx_word' id='word_1_28' title='bbox 715 720 892 799; x_wconf 83' lang='lat' dir='ltr'><strong>confectis”,</strong></span> <span class='ocrx_word' id='word_1_29' title='bbox 919 722 1045 802; x_wconf 81' lang='lat' dir='ltr'><strong>uigilate</strong></span> <span class='ocrx_word' id='word_1_30' title='bbox 1068 725 1160 800; x_wconf 87' lang='lat' dir='ltr'><strong>atque</strong></span> <span class='ocrx_word' id='word_1_31' title='bbox 1185 725 1299 784; x_wconf 85' lang='lat' dir='ltr'><strong>attente</strong></span> 
     </span>
     <span class='ocr_line' id='line_1_5' title="bbox 151 810 1300 892; baseline 0.001 -20"><span class='ocrx_word' id='word_1_32' title='bbox 151 814 275 873; x_wconf 87' lang='lat' dir='ltr'><strong>uerbum</strong></span> <span class='ocrx_word' id='word_1_33' title='bbox 298 833 356 875; x_wconf 91' lang='lat' dir='ltr'><strong>non</strong></span> <span class='ocrx_word' id='word_1_34' title='bbox 381 813 506 892; x_wconf 89' lang='lat' dir='ltr'><strong>probum</strong></span> <span class='ocrx_word' id='word_1_35' title='bbox 530 810 662 874; x_wconf 85' lang='lat' dir='ltr'><strong>uitauit’.</strong></span> <span class='ocrx_word' id='word_1_36' title='bbox 704 814 816 892; x_wconf 80' lang='lat' dir='ltr'><strong>Agitur</strong></span> <span class='ocrx_word' id='word_1_37' title='bbox 837 815 944 890; x_wconf 87' lang='lat' dir='ltr'>opinor</span> <span class='ocrx_word' id='word_1_38' title='bbox 966 813 1003 873; x_wconf 89' lang='lat' dir='ltr'><strong>de</strong></span> <span class='ocrx_word' id='word_1_39' title='bbox 1025 813 1102 873; x_wconf 87' lang='lat' dir='ltr'><strong>febri</strong></span> <span class='ocrx_word' id='word_1_40' title='bbox 1125 812 1300 888; x_wconf 88' lang='lat' dir='ltr'><strong>cottidiana,</strong></span> 
     </span>
     <span class='ocr_line' id='line_1_6' title="bbox 149 901 1299 981; baseline -0.001 -19"><span class='ocrx_word' id='word_1_41' title='bbox 149 923 226 980; x_wconf 86' lang='lat' dir='ltr'><strong>quae</strong></span> <span class='ocrx_word' id='word_1_42' title='bbox 247 906 425 981; x_wconf 87' lang='lat' dir='ltr'><strong>tempestate</strong></span> <span class='ocrx_word' id='word_1_43' title='bbox 444 924 498 965; x_wconf 88' lang='lat' dir='ltr'><strong>sua</strong></span> <span class='ocrx_word' id='word_1_44' title='bbox 517 907 606 980; x_wconf 87' lang='lat' dir='ltr'><strong>atque</strong></span> <span class='ocrx_word' id='word_1_45' title='bbox 625 902 730 964; x_wconf 88' lang='lat' dir='ltr'><strong>codem</strong></span> <span class='ocrx_word' id='word_1_46' title='bbox 747 921 806 962; x_wconf 89' lang='lat' dir='ltr'><strong>uno</strong></span> <span class='ocrx_word' id='word_1_47' title='bbox 825 905 960 981; x_wconf 85' lang='lat' dir='ltr'><strong>tempore</strong></span> <span class='ocrx_word' id='word_1_48' title='bbox 977 901 1121 977; x_wconf 85' lang='lat' dir='ltr'><strong>remittat,</strong></span> <span class='ocrx_word' id='word_1_49' title='bbox 1139 905 1299 980; x_wconf 87' lang='lat' dir='ltr'><strong>postquam</strong></span> 
     </span>
     <span class='ocr_line' id='line_1_7' title="bbox 150 993 1300 1068; baseline 0 -17"><span class='ocrx_word' id='word_1_50' title='bbox 150 997 181 1053; x_wconf 90' lang='lat' dir='ltr'><strong>ct</strong></span> <span class='ocrx_word' id='word_1_51' title='bbox 203 994 294 1053; x_wconf 84' lang='lat' dir='ltr'><strong>horae</strong></span> <span class='ocrx_word' id='word_1_52' title='bbox 318 993 475 1053; x_wconf 88' lang='lat' dir='ltr'><strong>dimidium</strong></span> <span class='ocrx_word' id='word_1_53' title='bbox 499 996 530 1054; x_wconf 89' lang='lat' dir='ltr'><strong>et</strong></span> <span class='ocrx_word' id='word_1_54' title='bbox 547 997 608 1054; x_wconf 87' lang='lat' dir='ltr'><strong>tres</strong></span> <span class='ocrx_word' id='word_1_55' title='bbox 626 994 718 1053; x_wconf 90' lang='lat' dir='ltr'><strong>horae</strong></span> <span class='ocrx_word' id='word_1_56' title='bbox 736 994 893 1054; x_wconf 90' lang='lat' dir='ltr'><strong>minimum</strong></span> <span class='ocrx_word' id='word_1_57' title='bbox 912 993 1063 1053; x_wconf 72' lang='lat' dir='ltr'><strong>contentae</strong></span> <span class='ocrx_word' id='word_1_58' title='bbox 1083 997 1161 1067; x_wconf 87' lang='lat' dir='ltr'><strong>sunt,</strong></span> <span class='ocrx_word' id='word_1_59' title='bbox 1184 1010 1300 1068; x_wconf 87' lang='lat' dir='ltr'><strong>semper</strong></span> 
     </span>
     <span class='ocr_line' id='line_1_8' title="bbox 149 1080 1299 1160; baseline -0.001 -18"><span class='ocrx_word' id='word_1_60' title='bbox 149 1082 273 1142; x_wconf 90' lang='lat' dir='ltr'><strong>eandem</strong></span> <span class='ocrx_word' id='word_1_61' title='bbox 296 1083 335 1143; x_wconf 92' lang='lat' dir='ltr'><strong>ad</strong></span> <span class='ocrx_word' id='word_1_62' title='bbox 358 1086 497 1160; x_wconf 89' lang='lat' dir='ltr'><strong>quartam</strong></span> <span class='ocrx_word' id='word_1_63' title='bbox 516 1083 633 1144; x_wconf 91' lang='lat' dir='ltr'><strong>horam:</strong></span> <span class='ocrx_word' id='word_1_64' title='bbox 657 1102 717 1142; x_wconf 91' lang='lat' dir='ltr'><strong>uon</strong></span> <span class='ocrx_word' id='word_1_65' title='bbox 736 1082 795 1143; x_wconf 88' lang='lat' dir='ltr'><strong>diei</strong></span> <span class='ocrx_word' id='word_1_66' title='bbox 813 1082 917 1142; x_wconf 90' lang='lat' dir='ltr'><strong>horam</strong></span> <span class='ocrx_word' id='word_1_67' title='bbox 936 1083 1019 1158; x_wconf 85' lang='lat' dir='ltr'><strong>dicit,</strong></span> <span class='ocrx_word' id='word_1_68' title='bbox 1042 1080 1092 1143; x_wconf 86' lang='lat' dir='ltr'><strong>sad</strong></span> <span class='ocrx_word' id='word_1_69' title='bbox 1112 1083 1206 1143; x_wconf 84' lang='lat' dir='ltr'><strong>totius</strong></span> <span class='ocrx_word' id='word_1_70' title='bbox 1224 1084 1299 1141; x_wconf 87' lang='lat' dir='ltr'><strong>tern-</strong></span> 
     </span>
     <span class='ocr_line' id='line_1_9' title="bbox 148 1170 1298 1252; baseline -0.002 -20"><span class='ocrx_word' id='word_1_71' title='bbox 148 1171 229 1249; x_wconf 84' lang='lat' dir='ltr'><strong>poris</strong></span> <span class='ocrx_word' id='word_1_72' title='bbox 253 1174 344 1250; x_wconf 89' lang='lat' dir='ltr'><strong>spatii</strong></span> <span class='ocrx_word' id='word_1_73' title='bbox 377 1192 435 1249; x_wconf 93' lang='lat' dir='ltr'><strong>quo</strong></span> <span class='ocrx_word' id='word_1_74' title='bbox 464 1176 602 1252; x_wconf 82' lang='lat' dir='ltr'><strong>aegrotus</strong></span> <span class='ocrx_word' id='word_1_75' title='bbox 630 1172 720 1233; x_wconf 85' lang='lat' dir='ltr'><strong>cubat</strong></span> <span class='ocrx_word' id='word_1_76' title='bbox 746 1172 823 1232; x_wconf 81' lang='lat' dir='ltr'><strong>febri</strong></span> <span class='ocrx_word' id='word_1_77' title='bbox 850 1174 1011 1249; x_wconf 72' lang='lat' dir='ltr'><strong>correptis.</strong></span> <span class='ocrx_word' id='word_1_78' title='bbox 1053 1170 1129 1231; x_wconf 90' lang='lat' dir='ltr'><strong>Plin.</strong></span> <span class='ocrx_word' id='word_1_79' title='bbox 1149 1174 1210 1230; x_wconf 88' lang='lat' dir='ltr'><strong>nat.</strong></span> <span class='ocrx_word' id='word_1_80' title='bbox 1228 1171 1298 1232; x_wconf 90' lang='lat' dir='ltr'><strong>hist.</strong></span> 
     </span>
     <span class='ocr_line' id='line_1_10' title="bbox 148 1257 1299 1340; baseline 0.002 -22"><span class='ocrx_word' id='word_1_81' title='bbox 148 1261 208 1321; x_wconf 90' lang='lat' dir='ltr'><strong>VH</strong></span> <span class='ocrx_word' id='word_1_82' title='bbox 228 1263 290 1322; x_wconf 88' lang='grc'><strong>169</strong></span> <span class='ocrx_word' id='word_1_83' title='bbox 321 1257 366 1321; x_wconf 83' lang='lat' dir='ltr'><strong>‘at</strong></span> <span class='ocrx_word' id='word_1_84' title='bbox 392 1262 511 1323; x_wconf 85' lang='lat' dir='ltr'><strong>hercule</strong></span> <span class='ocrx_word' id='word_1_85' title='bbox 539 1263 662 1340; x_wconf 87' lang='lat' dir='ltr'><strong>reliquis</strong></span> <span class='ocrx_word' id='word_1_86' title='bbox 692 1261 828 1322; x_wconf 89' lang='lat' dir='ltr'><strong>omnibus</strong></span> <span class='ocrx_word' id='word_1_87' title='bbox 856 1281 909 1338; x_wconf 89' lang='lat' dir='ltr'><strong>per</strong></span> <span class='ocrx_word' id='word_1_88' title='bbox 936 1263 1070 1340; x_wconf 81' lang='lat' dir='ltr'><strong>singulas</strong></span> <span class='ocrx_word' id='word_1_89' title='bbox 1099 1261 1299 1321; x_wconf 89' lang='lat' dir='ltr'><strong>membrorum</strong></span> 
     </span>
     <span class='ocr_line' id='line_1_11' title="bbox 148 1351 1299 1429; baseline 0 -18"><span class='ocrx_word' id='word_1_90' title='bbox 148 1354 257 1426; x_wconf 82' lang='lat' dir='ltr'><strong>partae,</strong></span> <span class='ocrx_word' id='word_1_91' title='bbox 280 1353 411 1428; x_wconf 78' lang='lat' dir='ltr'><strong>qualiter</strong></span> <span class='ocrx_word' id='word_1_92' title='bbox 428 1353 519 1412; x_wconf 90' lang='lat' dir='ltr'><strong>nullis</strong></span> <span class='ocrx_word' id='word_1_93' title='bbox 539 1351 607 1412; x_wconf 77' lang='lat' dir='ltr'><strong>aliIs</strong></span> <span class='ocrx_word' id='word_1_94' title='bbox 626 1351 814 1426; x_wconf 73' lang='lat' dir='ltr'><strong>animalibus,</strong></span> <span class='ocrx_word' id='word_1_95' title='bbox 837 1353 926 1412; x_wconf 86' lang='lat' dir='ltr'><strong>certis</strong></span> <span class='ocrx_word' id='word_1_96' title='bbox 945 1351 1069 1429; x_wconf 79' lang='lat' dir='ltr'><strong>pestifer</strong></span> <span class='ocrx_word' id='word_1_97' title='bbox 1087 1351 1169 1411; x_wconf 84' lang='lat' dir='ltr'><strong>calor</strong></span> <span class='ocrx_word' id='word_1_98' title='bbox 1185 1354 1299 1411; x_wconf 87' lang='lat' dir='ltr'><strong>remeat</strong></span> 
     </span>
     <span class='ocr_line' id='line_1_12' title="bbox 147 1436 1298 1518; baseline 0.003 -19"><span class='ocrx_word' id='word_1_99' title='bbox 147 1440 228 1500; x_wconf 91' lang='lat' dir='ltr'><strong>horis</strong></span> <span class='ocrx_word' id='word_1_100' title='bbox 248 1443 301 1500; x_wconf 91' lang='lat' dir='ltr'><strong>aut</strong></span> <span class='ocrx_word' id='word_1_101' title='bbox 319 1442 410 1518; x_wconf 78' lang='lat' dir='ltr'><strong>rigor,</strong></span> <span class='ocrx_word' id='word_1_102' title='bbox 428 1461 523 1518; x_wconf 85' lang='lat' dir='ltr'><strong>neque</strong></span> <span class='ocrx_word' id='word_1_103' title='bbox 541 1442 622 1502; x_wconf 88' lang='lat' dir='ltr'><strong>horis</strong></span> <span class='ocrx_word' id='word_1_104' title='bbox 641 1441 738 1516; x_wconf 88' lang='lat' dir='ltr'><strong>modo,</strong></span> <span class='ocrx_word' id='word_1_105' title='bbox 756 1441 809 1502; x_wconf 92' lang='lat' dir='ltr'><strong>sed</strong></span> <span class='ocrx_word' id='word_1_106' title='bbox 822 1444 853 1500; x_wconf 88' lang='grc'><strong>61</strong></span> <span class='ocrx_word' id='word_1_107' title='bbox 867 1440 971 1500; x_wconf 71' lang='lat' dir='ltr'><strong>hobus</strong></span> <span class='ocrx_word' id='word_1_108' title='bbox 984 1436 1191 1517; x_wconf 82' lang='lat' dir='ltr'><strong>noctibusque’</strong></span> <span class='ocrx_word' id='word_1_109' title='bbox 1202 1459 1264 1516; x_wconf 81' lang='lat' dir='ltr'><strong>eq.</strong></span> <span class='ocrx_word' id='word_1_110' title='bbox 1275 1459 1298 1503; x_wconf 84' lang='lat' dir='ltr'><strong>s.</strong></span> 
     </span>
     <span class='ocr_line' id='line_1_13' title="bbox 149 1524 1298 1610; baseline -0.001 -21"><span class='ocrx_word' id='word_1_111' title='bbox 149 1529 223 1591; x_wconf 88' lang='lat' dir='ltr'><strong>Cels.</strong></span> <span class='ocrx_word' id='word_1_112' title='bbox 242 1530 289 1589; x_wconf 92' lang='lat' dir='ltr'><strong>III</strong></span> <span class='ocrx_word' id='word_1_113' title='bbox 309 1532 328 1590; x_wconf 89' lang='lat'>3</span> <span class='ocrx_word' id='word_1_114' title='bbox 347 1551 376 1608; x_wconf 89' lang='lat' dir='ltr'><strong>p.</strong></span> <span class='ocrx_word' id='word_1_115' title='bbox 397 1533 448 1606; x_wconf 80' lang='lat'><strong>77,</strong></span> <span class='ocrx_word' id='word_1_116' title='bbox 469 1533 509 1591; x_wconf 94' lang='grc'><strong>29</strong></span> <span class='ocrx_word' id='word_1_117' title='bbox 520 1550 600 1608; x_wconf 91' lang='lat' dir='ltr'><strong>seqq.</strong></span> <span class='ocrx_word' id='word_1_118' title='bbox 624 1530 763 1591; x_wconf 89' lang='lat' dir='ltr'><strong>Daremb.</strong></span> <span class='ocrx_word' id='word_1_119' title='bbox 791 1530 828 1590; x_wconf 90' lang='lat' dir='ltr'><strong>de</strong></span> <span class='ocrx_word' id='word_1_120' title='bbox 860 1529 987 1590; x_wconf 82' lang='lat' dir='ltr'><strong>febrium</strong></span> <span class='ocrx_word' id='word_1_121' title='bbox 1019 1530 1176 1610; x_wconf 82' lang='lat' dir='ltr'><strong>generibus</strong></span> <span class='ocrx_word' id='word_1_122' title='bbox 1209 1524 1298 1589; x_wconf 87' lang='lat' dir='ltr'><strong>‘aliae</strong></span> 
     </span>
     <span class='ocr_line' id='line_1_14' title="bbox 148 1617 1298 1699; baseline -0.002 -19"><span class='ocrx_word' id='word_1_123' title='bbox 148 1618 257 1680; x_wconf 77' lang='lat' dir='ltr'><strong>cotidie</strong></span> <span class='ocrx_word' id='word_1_124' title='bbox 279 1637 367 1697; x_wconf 88' lang='lat' dir='ltr'><strong>pares</strong></span> <span class='ocrx_word' id='word_1_125' title='bbox 390 1623 468 1696; x_wconf 79' lang='lat' dir='ltr'><strong>sunt,</strong></span> <span class='ocrx_word' id='word_1_126' title='bbox 497 1621 574 1682; x_wconf 89' lang='lat' dir='ltr'><strong>aliae</strong></span> <span class='ocrx_word' id='word_1_127' title='bbox 597 1623 747 1699; x_wconf 89' lang='lat' dir='ltr'><strong>impares.</strong></span> <span class='ocrx_word' id='word_1_128' title='bbox 764 1667 770 1679; x_wconf 92' lang='lat'><strong>.</strong></span> <span class='ocrx_word' id='word_1_129' title='bbox 787 1622 885 1681; x_wconf 87' lang='lat' dir='ltr'><strong>.aliae</strong></span> <span class='ocrx_word' id='word_1_130' title='bbox 908 1622 1042 1697; x_wconf 87' lang='lat' dir='ltr'><strong>tempore</strong></span> <span class='ocrx_word' id='word_1_131' title='bbox 1065 1617 1167 1680; x_wconf 89' lang='lat' dir='ltr'><strong>eodem</strong></span> <span class='ocrx_word' id='word_1_132' title='bbox 1189 1619 1298 1696; x_wconf 86' lang='lat' dir='ltr'><strong>postri-</strong></span> 
     </span>
     <span class='ocr_line' id='line_1_15' title="bbox 147 1705 1299 1786; baseline 0 -17"><span class='ocrx_word' id='word_1_133' title='bbox 147 1709 195 1769; x_wconf 87' lang='lat' dir='ltr'><strong>die</strong></span> <span class='ocrx_word' id='word_1_134' title='bbox 223 1711 426 1786; x_wconf 87' lang='lat' dir='ltr'><strong>reuertuntur,</strong></span> <span class='ocrx_word' id='word_1_135' title='bbox 458 1711 535 1770; x_wconf 89' lang='lat' dir='ltr'><strong>aliae</strong></span> <span class='ocrx_word' id='word_1_136' title='bbox 563 1712 612 1770; x_wconf 92' lang='lat' dir='ltr'><strong>uel</strong></span> <span class='ocrx_word' id='word_1_137' title='bbox 639 1711 733 1771; x_wconf 84' lang='lat' dir='ltr'><strong>serius</strong></span> <span class='ocrx_word' id='word_1_138' title='bbox 762 1710 811 1769; x_wconf 91' lang='lat' dir='ltr'><strong>uel</strong></span> <span class='ocrx_word' id='word_1_139' title='bbox 843 1705 987 1770; x_wconf 85' lang='lat' dir='ltr'><strong>celerius’.</strong></span> <span class='ocrx_word' id='word_1_140' title='bbox 1033 1711 1212 1786; x_wconf 68' lang='lat' dir='ltr'><strong>tempestate</strong></span> <span class='ocrx_word' id='word_1_141' title='bbox 1244 1727 1299 1769; x_wconf 86' lang='lat' dir='ltr'><strong>sua</strong></span> 
     </span>
     <span class='ocr_line' id='line_1_16' title="bbox 148 1791 1297 1880; baseline 0 -21"><span class='ocrx_word' id='word_1_142' title='bbox 148 1791 216 1880; x_wconf 89' lang='lat' dir='ltr'><strong>(suo</strong></span> <span class='ocrx_word' id='word_1_143' title='bbox 239 1802 372 1876; x_wconf 90' lang='lat' dir='ltr'><strong>tempore</strong></span> <span class='ocrx_word' id='word_1_144' title='bbox 397 1797 455 1859; x_wconf 90' lang='lat' dir='ltr'><strong>Cic.</strong></span> <span class='ocrx_word' id='word_1_145' title='bbox 474 1799 555 1860; x_wconf 91' lang='lat' dir='ltr'><strong>Lael.</strong></span> <span class='ocrx_word' id='word_1_146' title='bbox 576 1792 632 1880; x_wconf 87' lang='grc'><strong>11)</strong></span> <span class='ocrx_word' id='word_1_147' title='bbox 657 1803 747 1876; x_wconf 81' lang='lat' dir='ltr'><strong>atque</strong></span> <span class='ocrx_word' id='word_1_148' title='bbox 771 1798 874 1860; x_wconf 90' lang='lat' dir='ltr'><strong>eodem</strong></span> <span class='ocrx_word' id='word_1_149' title='bbox 901 1818 960 1859; x_wconf 90' lang='lat' dir='ltr'><strong>uno</strong></span> <span class='ocrx_word' id='word_1_150' title='bbox 987 1801 1135 1876; x_wconf 88' lang='lat' dir='ltr'><strong>tempore,</strong></span> <span class='ocrx_word' id='word_1_151' title='bbox 1163 1801 1197 1857; x_wconf 91' lang='lat' dir='ltr'><strong>ut</strong></span> <span class='ocrx_word' id='word_1_152' title='bbox 1221 1793 1297 1859; x_wconf 81' lang='lat' dir='ltr'><strong>‘loco</strong></span> 
     </span>
     <span class='ocr_line' id='line_1_17' title="bbox 148 1883 1298 1967; baseline -0.001 -19"><span class='ocrx_word' id='word_1_153' title='bbox 148 1907 182 1948; x_wconf 89' lang='lat' dir='ltr'><strong>ac</strong></span> <span class='ocrx_word' id='word_1_154' title='bbox 200 1883 332 1967; x_wconf 78' lang='lat' dir='ltr'><strong>regione’</strong></span> <span class='ocrx_word' id='word_1_155' title='bbox 353 1888 403 1948; x_wconf 91' lang='lat' dir='ltr'><strong>lib.</strong></span> <span class='ocrx_word' id='word_1_156' title='bbox 418 1889 446 1945; x_wconf 86' lang='lat' dir='ltr'><strong>V</strong></span> <span class='ocrx_word' id='word_1_157' title='bbox 465 1910 492 1948; x_wconf 90' lang='lat' dir='ltr'><strong>u.</strong></span> <span class='ocrx_word' id='word_1_158' title='bbox 514 1891 586 1950; x_wconf 83' lang='lat'><strong>189.</strong></span> <span class='ocrx_word' id='word_1_159' title='bbox 600 1922 645 1931; x_wconf 95' lang='lat'>—</span> <span class='ocrx_word' id='word_1_160' title='bbox 660 1889 698 1949; x_wconf 85' lang='lat' dir='ltr'><strong>ad</strong></span> <span class='ocrx_word' id='word_1_161' title='bbox 716 1888 785 1949; x_wconf 92' lang='lat' dir='ltr'><strong>Her.</strong></span> <span class='ocrx_word' id='word_1_162' title='bbox 800 1888 843 1948; x_wconf 82' lang='lat' dir='ltr'><strong>IV</strong></span> <span class='ocrx_word' id='word_1_163' title='bbox 863 1890 915 1964; x_wconf 86' lang='grc'><strong>39,</strong></span> <span class='ocrx_word' id='word_1_164' title='bbox 934 1890 974 1948; x_wconf 81' lang='grc'><strong>51</strong></span> <span class='ocrx_word' id='word_1_165' title='bbox 987 1890 1060 1948; x_wconf 82' lang='lat' dir='ltr'><strong>extr.</strong></span> <span class='ocrx_word' id='word_1_166' title='bbox 1081 1883 1151 1948; x_wconf 84' lang='lat' dir='ltr'><strong>‘uno</strong></span> <span class='ocrx_word' id='word_1_167' title='bbox 1170 1887 1298 1965; x_wconf 88' lang='lat' dir='ltr'><strong>deniqne</strong></span> 
     </span>
     <span class='ocr_line' id='line_1_18' title="bbox 148 1975 1299 2056; baseline 0 -20"><span class='ocrx_word' id='word_1_168' title='bbox 148 1980 238 2054; x_wconf 87' lang='lat' dir='ltr'><strong>atque</strong></span> <span class='ocrx_word' id='word_1_169' title='bbox 261 1977 364 2038; x_wconf 87' lang='lat' dir='ltr'><strong>eodem</strong></span> <span class='ocrx_word' id='word_1_170' title='bbox 390 1975 544 2056; x_wconf 88' lang='lat' dir='ltr'><strong>tempore&#39;:</strong></span> <span class='ocrx_word' id='word_1_171' title='bbox 572 1979 642 2038; x_wconf 90' lang='lat' dir='ltr'><strong>uide</strong></span> <span class='ocrx_word' id='word_1_172' title='bbox 671 1978 708 2039; x_wconf 87' lang='lat' dir='ltr'><strong>ad</strong></span> <span class='ocrx_word' id='word_1_173' title='bbox 731 1980 834 2038; x_wconf 82' lang='lat' dir='ltr'><strong>incert.</strong></span> <span class='ocrx_word' id='word_1_174' title='bbox 854 1999 882 2037; x_wconf 93' lang='lat' dir='ltr'><strong>u.</strong></span> <span class='ocrx_word' id='word_1_175' title='bbox 903 1980 997 2038; x_wconf 82' lang='lat'><strong>1191.</strong></span> <span class='ocrx_word' id='word_1_176' title='bbox 1016 2011 1060 2020; x_wconf 92' lang='lat'>—</span> <span class='ocrx_word' id='word_1_177' title='bbox 1080 1979 1233 2038; x_wconf 68' lang='lat' dir='ltr'><strong>summac</strong></span> <span class='ocrx_word' id='word_1_178' title='bbox 1261 1977 1299 2036; x_wconf 91' lang='lat' dir='ltr'><strong>ad</strong></span> 
     </span>
     <span class='ocr_line' id='line_1_19' title="bbox 147 2063 1298 2145; baseline -0.001 -19"><span class='ocrx_word' id='word_1_179' title='bbox 147 2085 303 2127; x_wconf 91' lang='lat' dir='ltr'><strong>numerum</strong></span> <span class='ocrx_word' id='word_1_180' title='bbox 331 2069 475 2145; x_wconf 82' lang='lat' dir='ltr'><strong>pertinet:</strong></span> <span class='ocrx_word' id='word_1_181' title='bbox 507 2069 605 2131; x_wconf 85' lang='lat' dir='ltr'><strong>Plaut.</strong></span> <span class='ocrx_word' id='word_1_182' title='bbox 624 2069 710 2128; x_wconf 84' lang='lat' dir='ltr'><strong>Truc.</strong></span> <span class='ocrx_word' id='word_1_183' title='bbox 731 2070 794 2128; x_wconf 81' lang='lat'><strong>445</strong></span> <span class='ocrx_word' id='word_1_184' title='bbox 825 2063 944 2128; x_wconf 80' lang='lat' dir='ltr'><strong>‘iubebo</strong></span> <span class='ocrx_word' id='word_1_185' title='bbox 975 2066 1013 2127; x_wconf 84' lang='lat' dir='ltr'><strong>ed</strong></span> <span class='ocrx_word' id='word_1_186' title='bbox 1044 2068 1134 2128; x_wconf 88' lang='lat' dir='ltr'><strong>istam</strong></span> <span class='ocrx_word' id='word_1_187' title='bbox 1167 2068 1298 2144; x_wconf 88' lang='lat' dir='ltr'><strong>quinque</strong></span> 
     </span>
     <span class='ocr_line' id='line_1_20' title="bbox 148 2153 1299 2236; baseline 0.002 -21"><span class='ocrx_word' id='word_1_188' title='bbox 148 2156 258 2216; x_wconf 81' lang='lat' dir='ltr'><strong>deferri</strong></span> <span class='ocrx_word' id='word_1_189' title='bbox 280 2157 377 2218; x_wconf 86' lang='lat' dir='ltr'><strong>minas</strong></span> <span class='ocrx_word' id='word_1_190' title='bbox 400 2160 556 2235; x_wconf 85' lang='lat' dir='ltr'><strong>praeterea</strong></span> <span class='ocrx_word' id='word_1_191' title='bbox 579 2157 718 2219; x_wconf 82' lang='lat' dir='ltr'><strong>obsonari</strong></span> <span class='ocrx_word' id='word_1_192' title='bbox 740 2153 843 2236; x_wconf 76' lang='lat' dir='ltr'><strong>(aaa)</strong></span> <span class='ocrx_word' id='word_1_193' title='bbox 867 2156 1025 2219; x_wconf 84' lang='lat' dir='ltr'><strong>dumtaxat</strong></span> <span class='ocrx_word' id='word_1_194' title='bbox 1046 2153 1139 2217; x_wconf 90' lang='lat' dir='ltr'><strong>mina’</strong></span> <span class='ocrx_word' id='word_1_195' title='bbox 1161 2156 1214 2216; x_wconf 90' lang='lat' dir='ltr'><strong>ubi</strong></span> <span class='ocrx_word' id='word_1_196' title='bbox 1235 2175 1299 2217; x_wconf 74' lang='lat' dir='ltr'><strong>unc</strong></span> 
     </span>
     <span class='ocr_line' id='line_1_21' title="bbox 147 2242 1298 2326; baseline 0.002 -22"><span class='ocrx_word' id='word_1_197' title='bbox 147 2245 264 2306; x_wconf 87' lang='lat' dir='ltr'><strong>addidit</strong></span> <span class='ocrx_word' id='word_1_198' title='bbox 281 2246 443 2325; x_wconf 81' lang='lat' dir='ltr'><strong>Bergkius:</strong></span> <span class='ocrx_word' id='word_1_199' title='bbox 468 2247 542 2307; x_wconf 88' lang='lat' dir='ltr'><strong>Cato</strong></span> <span class='ocrx_word' id='word_1_200' title='bbox 565 2247 601 2307; x_wconf 88' lang='lat' dir='ltr'><strong>de</strong></span> <span class='ocrx_word' id='word_1_201' title='bbox 620 2266 681 2326; x_wconf 81' lang='lat' dir='ltr'><strong>agr.</strong></span> <span class='ocrx_word' id='word_1_202' title='bbox 701 2247 771 2308; x_wconf 88' lang='lat' dir='ltr'><strong>cult.</strong></span> <span class='ocrx_word' id='word_1_203' title='bbox 792 2250 844 2321; x_wconf 91' lang='grc'><strong>21,</strong></span> <span class='ocrx_word' id='word_1_204' title='bbox 864 2248 882 2306; x_wconf 85' lang='grc'><strong>5</strong></span> <span class='ocrx_word' id='word_1_205' title='bbox 908 2242 1024 2324; x_wconf 80' lang='lat' dir='ltr'><strong>‘operas</strong></span> <span class='ocrx_word' id='word_1_206' title='bbox 1044 2246 1123 2306; x_wconf 84' lang='lat' dir='ltr'><strong>fabri</strong></span> <span class='ocrx_word' id='word_1_207' title='bbox 1141 2246 1298 2307; x_wconf 82' lang='lat' dir='ltr'><strong>dumtaxat</strong></span> 
     </span>
     <span class='ocr_line' id='line_1_22' title="bbox 144 2331 1297 2411; baseline 0.001 -16"><span class='ocrx_word' id='word_1_208' title='bbox 144 2334 205 2395; x_wconf 70' lang='lat' dir='ltr'><strong>fis</strong></span> <span class='ocrx_word' id='word_1_209' title='bbox 219 2331 305 2396; x_wconf 87' lang='lat' dir='ltr'>VHI’</span> <span class='ocrx_word' id='word_1_210' title='bbox 327 2337 416 2411; x_wconf 85' lang='grc'>49,1</span> <span class='ocrx_word' id='word_1_211' title='bbox 448 2332 578 2397; x_wconf 80' lang='lat' dir='ltr'><strong>‘rrineam</strong></span> <span class='ocrx_word' id='word_1_212' title='bbox 607 2341 736 2396; x_wconf 87' lang='lat' dir='ltr'><strong>ueterem</strong></span> <span class='ocrx_word' id='word_1_213' title='bbox 764 2336 789 2396; x_wconf 94' lang='lat' dir='ltr'><strong>si</strong></span> <span class='ocrx_word' id='word_1_214' title='bbox 817 2338 849 2395; x_wconf 92' lang='lat' dir='ltr'><strong>in</strong></span> <span class='ocrx_word' id='word_1_215' title='bbox 880 2336 973 2396; x_wconf 87' lang='lat' dir='ltr'><strong>alium</strong></span> <span class='ocrx_word' id='word_1_216' title='bbox 1005 2337 1104 2396; x_wconf 88' lang='lat' dir='ltr'><strong>locum</strong></span> <span class='ocrx_word' id='word_1_217' title='bbox 1135 2336 1297 2396; x_wconf 75' lang='grc'>1666616116</span> 
     </span>
     <span class='ocr_line' id='line_1_23' title="bbox 147 2420 1296 2500; baseline 0.001 -17"><span class='ocrx_word' id='word_1_218' title='bbox 147 2426 239 2500; x_wconf 85' lang='lat' dir='ltr'><strong>uoles,</strong></span> <span class='ocrx_word' id='word_1_219' title='bbox 262 2423 421 2485; x_wconf 84' lang='lat' dir='ltr'><strong>dumtaxat</strong></span> <span class='ocrx_word' id='word_1_220' title='bbox 438 2426 592 2486; x_wconf 86' lang='lat' dir='ltr'><strong>brachium</strong></span> <span class='ocrx_word' id='word_1_221' title='bbox 611 2445 742 2487; x_wconf 86' lang='lat' dir='ltr'><strong>crassam</strong></span> <span class='ocrx_word' id='word_1_222' title='bbox 760 2420 882 2485; x_wconf 76' lang='lat' dir='ltr'><strong>licebIt&#39;.</strong></span> <span class='ocrx_word' id='word_1_223' title='bbox 900 2457 940 2466; x_wconf 86' lang='lat'>-</span> <span class='ocrx_word' id='word_1_224' title='bbox 955 2425 1111 2486; x_wconf 83' lang='lat' dir='ltr'><strong>coniectis:</strong></span> <span class='ocrx_word' id='word_1_225' title='bbox 1131 2424 1183 2484; x_wconf 83' lang='lat' dir='ltr'><strong>Sil.</strong></span> <span class='ocrx_word' id='word_1_226' title='bbox 1195 2424 1239 2482; x_wconf 85' lang='lat' dir='ltr'><strong>IV</strong></span> <span class='ocrx_word' id='word_1_227' title='bbox 1254 2425 1296 2484; x_wconf 88' lang='grc'><strong>89</strong></span> 
     </span>
     <span class='ocr_line' id='line_1_24' title="bbox 148 2509 1296 2592; baseline -0.001 -19"><span class='ocrx_word' id='word_1_228' title='bbox 148 2509 210 2573; x_wconf 82' lang='lat' dir='ltr'><strong>‘lux</strong></span> <span class='ocrx_word' id='word_1_229' title='bbox 243 2513 348 2573; x_wconf 87' lang='lat' dir='ltr'><strong>aderat</strong></span> <span class='ocrx_word' id='word_1_230' title='bbox 380 2533 558 2592; x_wconf 88' lang='lat' dir='ltr'><strong>somnusque</strong></span> <span class='ocrx_word' id='word_1_231' title='bbox 591 2534 659 2576; x_wconf 84' lang='lat' dir='ltr'><strong>suas</strong></span> <span class='ocrx_word' id='word_1_232' title='bbox 696 2516 864 2575; x_wconf 85' lang='lat' dir='ltr'><strong>confecerat</strong></span> <span class='ocrx_word' id='word_1_233' title='bbox 899 2509 1008 2574; x_wconf 78' lang='lat' dir='ltr'><strong>hores&#39;.</strong></span> <span class='ocrx_word' id='word_1_234' title='bbox 1027 2546 1071 2556; x_wconf 90' lang='lat'><em>-</em></span> <span class='ocrx_word' id='word_1_235' title='bbox 1092 2509 1226 2574; x_wconf 85' lang='lat' dir='ltr'><strong>‘eandem</strong></span> <span class='ocrx_word' id='word_1_236' title='bbox 1258 2512 1296 2572; x_wconf 89' lang='lat' dir='ltr'><strong>ad</strong></span> 
     </span>
     <span class='ocr_line' id='line_1_25' title="bbox 148 2598 1296 2682; baseline -0.001 -20"><span class='ocrx_word' id='word_1_237' title='bbox 148 2599 298 2680; x_wconf 88' lang='lat' dir='ltr'><strong>quartam&#39;</strong></span> <span class='ocrx_word' id='word_1_238' title='bbox 323 2603 401 2663; x_wconf 85' lang='lat' dir='ltr'><strong>dixit</strong></span> <span class='ocrx_word' id='word_1_239' title='bbox 423 2624 477 2682; x_wconf 90' lang='lat' dir='ltr'><strong>pro</strong></span> <span class='ocrx_word' id='word_1_240' title='bbox 498 2600 611 2664; x_wconf 78' lang='lat' dir='ltr'><strong>‘eadem</strong></span> <span class='ocrx_word' id='word_1_241' title='bbox 636 2607 744 2681; x_wconf 87' lang='lat' dir='ltr'><strong>quarta</strong></span> <span class='ocrx_word' id='word_1_242' title='bbox 766 2598 851 2664; x_wconf 90' lang='lat' dir='ltr'><strong>hora&#39;</strong></span> <span class='ocrx_word' id='word_1_243' title='bbox 876 2621 1009 2663; x_wconf 89' lang='lat' dir='ltr'><strong>sermone</strong></span> <span class='ocrx_word' id='word_1_244' title='bbox 1037 2604 1143 2679; x_wconf 90' lang='lat' dir='ltr'><strong>opinor</strong></span> <span class='ocrx_word' id='word_1_245' title='bbox 1169 2602 1296 2680; x_wconf 81' lang='lat' dir='ltr'><strong>uulgari.</strong></span> 
     </span>
     <span class='ocr_line' id='line_1_26' title="bbox 147 2688 1297 2769; baseline -0.001 -17"><span class='ocrx_word' id='word_1_246' title='bbox 147 2692 230 2752; x_wconf 90' lang='lat' dir='ltr'><strong>Dicit</strong></span> <span class='ocrx_word' id='word_1_247' title='bbox 258 2693 370 2753; x_wconf 84' lang='lat' dir='ltr'><strong>Seneca</strong></span> <span class='ocrx_word' id='word_1_248' title='bbox 403 2696 516 2769; x_wconf 90' lang='lat' dir='ltr'><strong>quaest.</strong></span> <span class='ocrx_word' id='word_1_249' title='bbox 536 2697 597 2753; x_wconf 85' lang='lat' dir='ltr'><strong>nat.</strong></span> <span class='ocrx_word' id='word_1_250' title='bbox 616 2695 663 2754; x_wconf 91' lang='lat' dir='ltr'><strong>HI</strong></span> <span class='ocrx_word' id='word_1_251' title='bbox 684 2697 734 2767; x_wconf 85' lang='lat'><strong>16,</strong></span> <span class='ocrx_word' id='word_1_252' title='bbox 754 2693 900 2753; x_wconf 80' lang='lat' dir='ltr'><strong>2Heasei</strong></span> <span class='ocrx_word' id='word_1_253' title='bbox 927 2688 1092 2763; x_wconf 82' lang='lat' dir='ltr'><strong>‘Quartana</strong></span> <span class='ocrx_word' id='word_1_254' title='bbox 1123 2692 1162 2752; x_wconf 93' lang='lat' dir='ltr'><strong>ad</strong></span> <span class='ocrx_word' id='word_1_255' title='bbox 1192 2692 1297 2751; x_wconf 86' lang='lat' dir='ltr'><strong>horam</strong></span> 
     </span>
     <span class='ocr_line' id='line_1_27' title="bbox 147 2776 1297 2859; baseline -0.001 -18"><span class='ocrx_word' id='word_1_256' title='bbox 147 2777 252 2858; x_wconf 88' lang='lat' dir='ltr'><strong>uenit&#39;,</strong></span> <span class='ocrx_word' id='word_1_257' title='bbox 275 2781 381 2842; x_wconf 83' lang='lat' dir='ltr'><strong>Liuius</strong></span> <span class='ocrx_word' id='word_1_258' title='bbox 400 2783 502 2842; x_wconf 85' lang='lat' dir='ltr'>XXIII</span> <span class='ocrx_word' id='word_1_259' title='bbox 523 2785 573 2857; x_wconf 81' lang='lat'><strong>17,</strong></span> <span class='ocrx_word' id='word_1_260' title='bbox 593 2785 621 2844; x_wconf 82' lang='lat'><strong>9.</strong></span> <span class='ocrx_word' id='word_1_261' title='bbox 647 2786 697 2859; x_wconf 92' lang='grc'><strong>21,</strong></span> <span class='ocrx_word' id='word_1_262' title='bbox 718 2784 736 2842; x_wconf 85' lang='grc'>2</span> <span class='ocrx_word' id='word_1_263' title='bbox 762 2778 812 2841; x_wconf 79' lang='lat' dir='ltr'><strong>‘ad</strong></span> <span class='ocrx_word' id='word_1_264' title='bbox 830 2776 1105 2858; x_wconf 81' lang='grc' dir='ltr'>111616’,ΙΠ22,4</span> <span class='ocrx_word' id='word_1_265' title='bbox 1125 2776 1297 2858; x_wconf 84' lang='lat' dir='ltr'><strong>‘postquam</strong></span> 
     </span>
     <span class='ocr_line' id='line_1_28' title="bbox 147 2867 1294 2950; baseline -0.002 -19"><span class='ocrx_word' id='word_1_266' title='bbox 147 2872 185 2931; x_wconf 91' lang='lat' dir='ltr'><strong>ad</strong></span> <span class='ocrx_word' id='word_1_267' title='bbox 195 2872 273 2932; x_wconf 89' lang='lat' dir='ltr'><strong>diem</strong></span> <span class='ocrx_word' id='word_1_268' title='bbox 283 2874 496 2949; x_wconf 86' lang='lat' dir='ltr'><strong>praestitutum</strong></span> <span class='ocrx_word' id='word_1_269' title='bbox 507 2875 654 2933; x_wconf 88' lang='lat' dir='ltr'><strong>uenerunt</strong></span> <span class='ocrx_word' id='word_1_270' title='bbox 663 2867 747 2933; x_wconf 88' lang='lat' dir='ltr'><strong>socii&#39;</strong></span> <span class='ocrx_word' id='word_1_271' title='bbox 759 2872 915 2950; x_wconf 82' lang='lat' dir='ltr'><strong>Augustus</strong></span> <span class='ocrx_word' id='word_1_272' title='bbox 926 2890 973 2948; x_wconf 88' lang='lat' dir='ltr'><strong>ap.</strong></span> <span class='ocrx_word' id='word_1_273' title='bbox 984 2870 1104 2932; x_wconf 87' lang='lat' dir='ltr'><strong>Sueton.</strong></span> <span class='ocrx_word' id='word_1_274' title='bbox 1115 2871 1242 2949; x_wconf 81' lang='lat' dir='ltr'><strong>August.</strong></span> <span class='ocrx_word' id='word_1_275' title='bbox 1254 2872 1294 2929; x_wconf 85' lang='grc'><strong>87</strong></span> 
     </span>
     <span class='ocr_line' id='line_1_29' title="bbox 148 2957 631 3023; baseline -0.002 -1"><span class='ocrx_word' id='word_1_276' title='bbox 148 2957 199 3022; x_wconf 87' lang='lat' dir='ltr'><strong>‘ad</strong></span> <span class='ocrx_word' id='word_1_277' title='bbox 222 2961 288 3020; x_wconf 88' lang='lat' dir='ltr'><strong>Kal.</strong></span> <span class='ocrx_word' id='word_1_278' title='bbox 312 2960 439 3022; x_wconf 82' lang='lat' dir='ltr'><strong>Graecas</strong></span> <span class='ocrx_word' id='word_1_279' title='bbox 462 2958 631 3023; x_wconf 87' lang='lat' dir='ltr'><strong>soluturos&#39;.</strong></span> 
     </span>
    </p>

    <p class='ocr_par' dir='ltr' id='par_1_3' title="bbox 143 3042 1300 4562">
     <span class='ocr_line' id='line_1_30' title="bbox 236 3042 1297 3128; baseline -0.001 -19"><span class='ocrx_word' id='word_1_280' title='bbox 236 3042 319 3111; x_wconf 76' lang='lat'><strong>573.</strong></span> <span class='ocrx_word' id='word_1_281' title='bbox 342 3050 457 3110; x_wconf 85' lang='lat' dir='ltr'><strong>Nonius</strong></span> <span class='ocrx_word' id='word_1_282' title='bbox 476 3073 504 3128; x_wconf 92' lang='lat' dir='ltr'><strong>p.</strong></span> <span class='ocrx_word' id='word_1_283' title='bbox 524 3054 599 3126; x_wconf 86' lang='grc'>427,</span> <span class='ocrx_word' id='word_1_284' title='bbox 619 3054 661 3111; x_wconf 88' lang='grc'><strong>30</strong></span> <span class='ocrx_word' id='word_1_285' title='bbox 692 3046 820 3111; x_wconf 78' lang='lat' dir='ltr'><strong>‘Priores</strong></span> <span class='ocrx_word' id='word_1_286' title='bbox 848 3052 879 3110; x_wconf 90' lang='grc'><strong>61</strong></span> <span class='ocrx_word' id='word_1_287' title='bbox 905 3051 1050 3127; x_wconf 87' lang='lat' dir='ltr'><strong>primores</strong></span> <span class='ocrx_word' id='word_1_288' title='bbox 1077 3049 1154 3109; x_wconf 91' lang='lat' dir='ltr'><strong>hanc</strong></span> <span class='ocrx_word' id='word_1_289' title='bbox 1185 3049 1297 3109; x_wconf 87' lang='lat' dir='ltr'><strong>habent</strong></span> 
     </span>
     <span class='ocr_line' id='line_1_31' title="bbox 147 3134 1296 3218; baseline 0 -19"><span class='ocrx_word' id='word_1_290' title='bbox 147 3140 361 3200; x_wconf 85' lang='lat' dir='ltr'><strong>diuersitatem.</strong></span> <span class='ocrx_word' id='word_1_291' title='bbox 382 3141 580 3202; x_wconf 89' lang='lat' dir='ltr'><strong>...Lucilius</strong></span> <span class='ocrx_word' id='word_1_292' title='bbox 602 3144 772 3218; x_wconf 80' lang='lat' dir='ltr'><strong>satyrarum</strong></span> <span class='ocrx_word' id='word_1_293' title='bbox 795 3139 846 3200; x_wconf 87' lang='lat' dir='ltr'><strong>lib.</strong></span> <span class='ocrx_word' id='word_1_294' title='bbox 865 3140 920 3199; x_wconf 87' lang='lat' dir='ltr'><strong>XX</strong></span> <span class='ocrx_word' id='word_1_295' title='bbox 943 3134 1104 3216; x_wconf 85' lang='lat' dir='ltr'><strong>“calpurni</strong></span> <span class='ocrx_word' id='word_1_296' title='bbox 1127 3155 1219 3200; x_wconf 73' lang='lat' dir='ltr'><strong>sactus</strong></span> <span class='ocrx_word' id='word_1_297' title='bbox 1237 3139 1296 3214; x_wconf 70' lang='lat' dir='ltr'><strong>lece</strong></span> 
     </span>
     <span class='ocr_line' id='line_1_32' title="bbox 147 3224 1295 3308; baseline -0.001 -19"><span class='ocrx_word' id='word_1_298' title='bbox 147 3232 179 3289; x_wconf 81' lang='lat' dir='ltr'><strong>in</strong></span> <span class='ocrx_word' id='word_1_299' title='bbox 201 3232 315 3308; x_wconf 85' lang='lat' dir='ltr'><strong>pisonis</strong></span> <span class='ocrx_word' id='word_1_300' title='bbox 332 3232 509 3305; x_wconf 63' lang='grc'>6616116661·</span> <span class='ocrx_word' id='word_1_301' title='bbox 524 3278 529 3290; x_wconf 94' lang='grc'><strong><em>.</em></strong></span> <span class='ocrx_word' id='word_1_302' title='bbox 546 3279 551 3290; x_wconf 92' lang='grc'>.</span> <span class='ocrx_word' id='word_1_303' title='bbox 569 3279 574 3289; x_wconf 94' lang='grc'><em>.</em></span> <span class='ocrx_word' id='word_1_304' title='bbox 590 3231 621 3290; x_wconf 82' lang='grc'><strong>16</strong></span> <span class='ocrx_word' id='word_1_305' title='bbox 639 3231 822 3306; x_wconf 75' lang='lat' dir='ltr'><strong>primoribus</strong></span> <span class='ocrx_word' id='word_1_306' title='bbox 841 3224 967 3290; x_wconf 78' lang='lat' dir='ltr'><strong>nmis&#39;&#39;.&#39;</strong></span> <span class='ocrx_word' id='word_1_307' title='bbox 1004 3230 1118 3290; x_wconf 87' lang='lat' dir='ltr'><strong>Narrat</strong></span> <span class='ocrx_word' id='word_1_308' title='bbox 1135 3229 1224 3288; x_wconf 91' lang='lat' dir='ltr'><strong>homo</strong></span> <span class='ocrx_word' id='word_1_309' title='bbox 1244 3249 1295 3289; x_wconf 91' lang='lat' dir='ltr'><strong>no-</strong></span> 
     </span>
     <span class='ocr_line' id='line_1_33' title="bbox 146 3318 1296 3398; baseline 0.001 -20"><span class='ocrx_word' id='word_1_310' title='bbox 146 3318 228 3394; x_wconf 89' lang='lat' dir='ltr'><strong>bilis,</strong></span> <span class='ocrx_word' id='word_1_311' title='bbox 256 3340 346 3397; x_wconf 90' lang='lat' dir='ltr'><strong>quam</strong></span> <span class='ocrx_word' id='word_1_312' title='bbox 374 3322 539 3383; x_wconf 86' lang='lat' dir='ltr'><strong>orationem</strong></span> <span class='ocrx_word' id='word_1_313' title='bbox 566 3320 717 3398; x_wconf 88' lang='lat' dir='ltr'><strong>quondam</strong></span> <span class='ocrx_word' id='word_1_314' title='bbox 744 3319 825 3396; x_wconf 88' lang='lat' dir='ltr'><strong>apud</strong></span> <span class='ocrx_word' id='word_1_315' title='bbox 851 3321 997 3397; x_wconf 90' lang='lat' dir='ltr'><strong>populum</strong></span> <span class='ocrx_word' id='word_1_316' title='bbox 1024 3318 1174 3394; x_wconf 85' lang='lat' dir='ltr'><strong>habuerit,</strong></span> <span class='ocrx_word' id='word_1_317' title='bbox 1202 3319 1233 3377; x_wconf 92' lang='lat' dir='ltr'><strong>in</strong></span> <span class='ocrx_word' id='word_1_318' title='bbox 1261 3337 1296 3379; x_wconf 89' lang='lat' dir='ltr'><strong>aa</strong></span> 
     </span>
     <span class='ocr_line' id='line_1_34' title="bbox 147 3407 1294 3489; baseline -0.001 -21"><span class='ocrx_word' id='word_1_319' title='bbox 147 3427 209 3469; x_wconf 88' lang='lat' dir='ltr'><strong>sese</strong></span> <span class='ocrx_word' id='word_1_320' title='bbox 233 3429 342 3489; x_wconf 80' lang='lat' dir='ltr'><strong>magna</strong></span> <span class='ocrx_word' id='word_1_321' title='bbox 360 3411 407 3470; x_wconf 92' lang='lat' dir='ltr'><strong>ira</strong></span> <span class='ocrx_word' id='word_1_322' title='bbox 425 3413 605 3471; x_wconf 88' lang='lat' dir='ltr'><strong>commotum</strong></span> <span class='ocrx_word' id='word_1_323' title='bbox 624 3408 845 3487; x_wconf 82' lang='lat' dir='ltr'><strong>reprehendisse</strong></span> <span class='ocrx_word' id='word_1_324' title='bbox 864 3408 940 3488; x_wconf 75' lang='lat' dir='ltr'><strong>legis</strong></span> <span class='ocrx_word' id='word_1_325' title='bbox 958 3407 1139 3487; x_wconf 74' lang='lat' dir='ltr'><strong>Calpurniae</strong></span> <span class='ocrx_word' id='word_1_326' title='bbox 1157 3411 1294 3486; x_wconf 87' lang='lat' dir='ltr'><strong>repetun-</strong></span> 
     </span>
     <span class='ocr_line' id='line_1_35' title="bbox 147 3496 1295 3578; baseline 0.002 -22"><span class='ocrx_word' id='word_1_327' title='bbox 147 3496 252 3558; x_wconf 82' lang='lat' dir='ltr'><strong>darum</strong></span> <span class='ocrx_word' id='word_1_328' title='bbox 275 3498 421 3575; x_wconf 84' lang='lat' dir='ltr'><strong>quaedam</strong></span> <span class='ocrx_word' id='word_1_329' title='bbox 444 3501 534 3559; x_wconf 89' lang='lat' dir='ltr'><strong>nimis</strong></span> <span class='ocrx_word' id='word_1_330' title='bbox 557 3502 687 3561; x_wconf 80' lang='lat' dir='ltr'><strong>saerdter</strong></span> <span class='ocrx_word' id='word_1_331' title='bbox 713 3503 833 3578; x_wconf 82' lang='lat' dir='ltr'><strong>rogata:</strong></span> <span class='ocrx_word' id='word_1_332' title='bbox 861 3517 938 3576; x_wconf 88' lang='lat' dir='ltr'><strong>quae</strong></span> <span class='ocrx_word' id='word_1_333' title='bbox 966 3497 1063 3559; x_wconf 88' lang='lat' dir='ltr'><strong>oratio</strong></span> <span class='ocrx_word' id='word_1_334' title='bbox 1091 3517 1150 3558; x_wconf 92' lang='lat' dir='ltr'><strong>non</strong></span> <span class='ocrx_word' id='word_1_335' title='bbox 1177 3516 1295 3558; x_wconf 87' lang='lat' dir='ltr'><strong>necesse</strong></span> 
     </span>
     <span class='ocr_line' id='line_1_36' title="bbox 148 3581 1295 3668; baseline 0.001 -23"><span class='ocrx_word' id='word_1_336' title='bbox 148 3590 193 3646; x_wconf 89' lang='lat' dir='ltr'><strong>est</strong></span> <span class='ocrx_word' id='word_1_337' title='bbox 215 3587 319 3648; x_wconf 90' lang='lat' dir='ltr'><strong>habita</strong></span> <span class='ocrx_word' id='word_1_338' title='bbox 342 3591 382 3649; x_wconf 90' lang='lat' dir='ltr'><strong>sit</strong></span> <span class='ocrx_word' id='word_1_339' title='bbox 404 3589 482 3648; x_wconf 86' lang='lat' dir='ltr'><strong>inter</strong></span> <span class='ocrx_word' id='word_1_340' title='bbox 506 3589 685 3667; x_wconf 78' lang='lat' dir='ltr'><strong>Calpurniae</strong></span> <span class='ocrx_word' id='word_1_341' title='bbox 708 3608 818 3649; x_wconf 83' lang='lat' dir='ltr'><strong>annum</strong></span> <span class='ocrx_word' id='word_1_342' title='bbox 844 3581 924 3668; x_wconf 75' lang='lat' dir='ltr'><strong>60ss</strong></span> <span class='ocrx_word' id='word_1_343' title='bbox 929 3590 991 3648; x_wconf 86' lang='grc'><strong>149</strong></span> <span class='ocrx_word' id='word_1_344' title='bbox 1016 3589 1047 3649; x_wconf 92' lang='lat' dir='ltr'><strong>et</strong></span> <span class='ocrx_word' id='word_1_345' title='bbox 1069 3588 1179 3666; x_wconf 82' lang='lat' dir='ltr'><strong>legem,</strong></span> <span class='ocrx_word' id='word_1_346' title='bbox 1206 3605 1295 3663; x_wconf 88' lang='lat' dir='ltr'><strong>quam</strong></span> 
     </span>
     <span class='ocr_line' id='line_1_37' title="bbox 148 3672 1294 3756; baseline 0 -22"><span class='ocrx_word' id='word_1_347' title='bbox 148 3679 217 3735; x_wconf 90' lang='lat' dir='ltr'><strong>ante</strong></span> <span class='ocrx_word' id='word_1_348' title='bbox 241 3677 368 3736; x_wconf 82' lang='lat' dir='ltr'><strong>Aciliam</strong></span> <span class='ocrx_word' id='word_1_349' title='bbox 392 3679 622 3755; x_wconf 86' lang='lat' dir='ltr'><strong>repetundarum</strong></span> <span class='ocrx_word' id='word_1_350' title='bbox 641 3680 660 3737; x_wconf 94' lang='lat' dir='ltr'><strong>i.</strong></span> <span class='ocrx_word' id='word_1_351' title='bbox 680 3699 703 3738; x_wconf 89' lang='lat' dir='ltr'><strong>e.</strong></span> <span class='ocrx_word' id='word_1_352' title='bbox 726 3698 837 3738; x_wconf 89' lang='lat' dir='ltr'><strong>annum</strong></span> <span class='ocrx_word' id='word_1_353' title='bbox 856 3672 1015 3756; x_wconf 77' lang='lat' dir='ltr'><strong>631s123,</strong></span> <span class='ocrx_word' id='word_1_354' title='bbox 1037 3677 1076 3735; x_wconf 84' lang='lat' dir='ltr'><strong>M.</strong></span> <span class='ocrx_word' id='word_1_355' title='bbox 1096 3676 1201 3736; x_wconf 89' lang='lat' dir='ltr'><strong>Iunius</strong></span> <span class='ocrx_word' id='word_1_356' title='bbox 1219 3675 1255 3733; x_wconf 94' lang='lat' dir='ltr'><strong>D.</strong></span> <span class='ocrx_word' id='word_1_357' title='bbox 1274 3676 1294 3734; x_wconf 83' lang='lat' dir='ltr'><strong>f.</strong></span> 
     </span>
     <span class='ocr_line' id='line_1_38' title="bbox 148 3760 1300 3848; baseline -0.001 -25"><span class='ocrx_word' id='word_1_358' title='bbox 148 3768 184 3823; x_wconf 88' lang='lat' dir='ltr'><strong>tr.</strong></span> <span class='ocrx_word' id='word_1_359' title='bbox 209 3764 249 3841; x_wconf 90' lang='lat' dir='ltr'><strong>pl.</strong></span> <span class='ocrx_word' id='word_1_360' title='bbox 277 3768 398 3844; x_wconf 79' lang='lat' dir='ltr'><strong>rogauit</strong></span> <span class='ocrx_word' id='word_1_361' title='bbox 426 3765 539 3843; x_wconf 78' lang='lat' dir='ltr'><strong>(CILI</strong></span> <span class='ocrx_word' id='word_1_362' title='bbox 560 3769 633 3841; x_wconf 82' lang='lat'><strong>198,</strong></span> <span class='ocrx_word' id='word_1_363' title='bbox 653 3760 723 3848; x_wconf 80' lang='lat'>74):</span> <span class='ocrx_word' id='word_1_364' title='bbox 760 3769 860 3845; x_wconf 88' lang='lat' dir='ltr'><strong>potuit</strong></span> <span class='ocrx_word' id='word_1_365' title='bbox 892 3768 972 3825; x_wconf 88' lang='lat' dir='ltr'><strong>enim</strong></span> <span class='ocrx_word' id='word_1_366' title='bbox 1007 3765 1082 3845; x_wconf 78' lang='lat' dir='ltr'><strong>legis</strong></span> <span class='ocrx_word' id='word_1_367' title='bbox 1115 3764 1300 3840; x_wconf 73' lang='lat' dir='ltr'><strong>Calpurniae·</strong></span> 
     </span>
     <span class='ocr_line' id='line_1_39' title="bbox 148 3852 1293 3933; baseline -0.002 -20"><span class='ocrx_word' id='word_1_368' title='bbox 148 3853 285 3930; x_wconf 89' lang='lat' dir='ltr'><strong>qualibet</strong></span> <span class='ocrx_word' id='word_1_369' title='bbox 307 3854 343 3913; x_wconf 92' lang='lat' dir='ltr'><strong>de</strong></span> <span class='ocrx_word' id='word_1_370' title='bbox 367 3872 457 3915; x_wconf 85' lang='lat' dir='ltr'><strong>causa</strong></span> <span class='ocrx_word' id='word_1_371' title='bbox 480 3859 571 3932; x_wconf 89' lang='lat' dir='ltr'><strong>caput</strong></span> <span class='ocrx_word' id='word_1_372' title='bbox 594 3856 715 3933; x_wconf 83' lang='lat' dir='ltr'><strong>aliquod</strong></span> <span class='ocrx_word' id='word_1_373' title='bbox 738 3855 950 3932; x_wconf 88' lang='lat' dir='ltr'><strong>reprehendere</strong></span> <span class='ocrx_word' id='word_1_374' title='bbox 974 3858 1077 3915; x_wconf 88' lang='lat' dir='ltr'><strong>orator</strong></span> <span class='ocrx_word' id='word_1_375' title='bbox 1099 3852 1219 3929; x_wconf 83' lang='lat' dir='ltr'><strong>qnidam</strong></span> <span class='ocrx_word' id='word_1_376' title='bbox 1243 3873 1293 3911; x_wconf 89' lang='lat' dir='ltr'><strong>no-</strong></span> 
     </span>
     <span class='ocr_line' id='line_1_40' title="bbox 148 3940 1295 4022; baseline 0 -21"><span class='ocrx_word' id='word_1_377' title='bbox 148 3942 276 4004; x_wconf 84' lang='lat' dir='ltr'><strong>bilitatis</strong></span> <span class='ocrx_word' id='word_1_378' title='bbox 294 3945 415 4003; x_wconf 88' lang='lat' dir='ltr'><strong>amicus.</strong></span> <span class='ocrx_word' id='word_1_379' title='bbox 449 3944 584 4004; x_wconf 89' lang='lat' dir='ltr'><strong>Conuiua</strong></span> <span class='ocrx_word' id='word_1_380' title='bbox 602 3948 655 4022; x_wconf 91' lang='lat' dir='ltr'><strong>qui</strong></span> <span class='ocrx_word' id='word_1_381' title='bbox 672 3945 745 4005; x_wconf 83' lang='lat' dir='ltr'><strong>hoec</strong></span> <span class='ocrx_word' id='word_1_382' title='bbox 763 3947 867 4004; x_wconf 76' lang='lat' dir='ltr'><strong>nanat</strong></span> <span class='ocrx_word' id='word_1_383' title='bbox 884 3944 989 4004; x_wconf 86' lang='lat' dir='ltr'><strong>dubito</strong></span> <span class='ocrx_word' id='word_1_384' title='bbox 1007 3963 1045 4003; x_wconf 86' lang='lat' dir='ltr'><strong>an</strong></span> <span class='ocrx_word' id='word_1_385' title='bbox 1065 3943 1156 4003; x_wconf 90' lang='lat' dir='ltr'><strong>fuerit</strong></span> <span class='ocrx_word' id='word_1_386' title='bbox 1172 3940 1295 4004; x_wconf 85' lang='lat' dir='ltr'><strong>Crassus</strong></span> 
     </span>
     <span class='ocr_line' id='line_1_41' title="bbox 148 4031 1295 4111; baseline -0.003 -17"><span class='ocrx_word' id='word_1_387' title='bbox 148 4034 259 4107; x_wconf 75' lang='lat' dir='ltr'><strong>amtor,</strong></span> <span class='ocrx_word' id='word_1_388' title='bbox 282 4032 337 4092; x_wconf 89' lang='lat' dir='ltr'><strong>illo</strong></span> <span class='ocrx_word' id='word_1_389' title='bbox 359 4034 494 4108; x_wconf 89' lang='lat' dir='ltr'><strong>ternpore</strong></span> <span class='ocrx_word' id='word_1_390' title='bbox 516 4051 583 4093; x_wconf 88' lang='lat' dir='ltr'><strong>oum</strong></span> <span class='ocrx_word' id='word_1_391' title='bbox 601 4038 639 4093; x_wconf 87' lang='lat' dir='ltr'><strong>tr.</strong></span> <span class='ocrx_word' id='word_1_392' title='bbox 658 4036 698 4111; x_wconf 94' lang='lat' dir='ltr'><strong>pl.</strong></span> <span class='ocrx_word' id='word_1_393' title='bbox 721 4036 825 4093; x_wconf 76' lang='lat' dir='ltr'><strong>buerit:</strong></span> <span class='ocrx_word' id='word_1_394' title='bbox 853 4034 924 4092; x_wconf 90' lang='lat' dir='ltr'><strong>uide</strong></span> <span class='ocrx_word' id='word_1_395' title='bbox 947 4034 1079 4111; x_wconf 80' lang='lat' dir='ltr'><strong>prolegg.</strong></span> <span class='ocrx_word' id='word_1_396' title='bbox 1097 4052 1126 4109; x_wconf 93' lang='lat' dir='ltr'><strong>p.</strong></span> <span class='ocrx_word' id='word_1_397' title='bbox 1145 4031 1241 4091; x_wconf 83' lang='lat' dir='ltr'>XLIX</span> <span class='ocrx_word' id='word_1_398' title='bbox 1264 4035 1295 4092; x_wconf 91' lang='lat' dir='ltr'><strong>et</strong></span> 
     </span>
     <span class='ocr_line' id='line_1_42' title="bbox 148 4117 1295 4200; baseline 0 -18"><span class='ocrx_word' id='word_1_399' title='bbox 148 4123 187 4182; x_wconf 84' lang='lat' dir='ltr'><strong>ad</strong></span> <span class='ocrx_word' id='word_1_400' title='bbox 211 4143 238 4182; x_wconf 88' lang='lat' dir='ltr'><strong>u.</strong></span> <span class='ocrx_word' id='word_1_401' title='bbox 260 4123 332 4182; x_wconf 77' lang='lat'><strong>568.</strong></span> <span class='ocrx_word' id='word_1_402' title='bbox 380 4117 477 4196; x_wconf 83' lang='lat' dir='ltr'><strong>‘Hoc&#39;,</strong></span> <span class='ocrx_word' id='word_1_403' title='bbox 505 4124 613 4199; x_wconf 89' lang='lat' dir='ltr'><strong>inquit,</strong></span> <span class='ocrx_word' id='word_1_404' title='bbox 637 4118 729 4200; x_wconf 83' lang='lat' dir='ltr'><strong>‘apud</strong></span> <span class='ocrx_word' id='word_1_405' title='bbox 753 4123 898 4200; x_wconf 91' lang='lat' dir='ltr'><strong>populum</strong></span> <span class='ocrx_word' id='word_1_406' title='bbox 922 4142 1017 4199; x_wconf 90' lang='lat' dir='ltr'><strong>nuper</strong></span> <span class='ocrx_word' id='word_1_407' title='bbox 1040 4121 1183 4199; x_wconf 79' lang='lat' dir='ltr'><strong>Calpurni</strong></span> <span class='ocrx_word' id='word_1_408' title='bbox 1205 4140 1295 4182; x_wconf 85' lang='lat' dir='ltr'><strong>sacua</strong></span> 
     </span>
     <span class='ocr_line' id='line_1_43' title="bbox 148 4210 1296 4291; baseline -0.002 -20"><span class='ocrx_word' id='word_1_409' title='bbox 148 4214 214 4291; x_wconf 82' lang='lat' dir='ltr'><strong>lege</strong></span> <span class='ocrx_word' id='word_1_410' title='bbox 236 4213 267 4271; x_wconf 88' lang='lat' dir='ltr'><strong>in</strong></span> <span class='ocrx_word' id='word_1_411' title='bbox 291 4211 408 4272; x_wconf 90' lang='lat' dir='ltr'><strong>Pisonis</strong></span> <span class='ocrx_word' id='word_1_412' title='bbox 435 4212 587 4289; x_wconf 88' lang='lat' dir='ltr'><strong>reprendi,</strong></span> <span class='ocrx_word' id='word_1_413' title='bbox 614 4231 674 4290; x_wconf 91' lang='lat' dir='ltr'><strong>qua</strong></span> <span class='ocrx_word' id='word_1_414' title='bbox 701 4212 732 4271; x_wconf 92' lang='lat' dir='ltr'><strong>in</strong></span> <span class='ocrx_word' id='word_1_415' title='bbox 759 4211 985 4289; x_wconf 89' lang='lat' dir='ltr'><strong>reprehensione</strong></span> <span class='ocrx_word' id='word_1_416' title='bbox 1012 4229 1127 4271; x_wconf 88' lang='lat' dir='ltr'><strong>summa</strong></span> <span class='ocrx_word' id='word_1_417' title='bbox 1154 4210 1296 4271; x_wconf 86' lang='lat' dir='ltr'><strong>efferebar</strong></span> 
     </span>
     <span class='ocr_line' id='line_1_44' title="bbox 149 4297 1294 4379; baseline -0.001 -17"><span class='ocrx_word' id='word_1_418' title='bbox 149 4307 180 4362; x_wconf 87' lang='lat' dir='ltr'><strong>et</strong></span> <span class='ocrx_word' id='word_1_419' title='bbox 202 4305 249 4362; x_wconf 92' lang='lat' dir='ltr'><strong>ira</strong></span> <span class='ocrx_word' id='word_1_420' title='bbox 271 4305 302 4362; x_wconf 94' lang='lat' dir='ltr'><strong>et</strong></span> <span class='ocrx_word' id='word_1_421' title='bbox 325 4297 509 4362; x_wconf 88' lang='lat' dir='ltr'><strong>acrimonia&#39;.</strong></span> <span class='ocrx_word' id='word_1_422' title='bbox 556 4301 703 4361; x_wconf 89' lang='lat' dir='ltr'><strong>Scribitur</strong></span> <span class='ocrx_word' id='word_1_423' title='bbox 729 4302 821 4379; x_wconf 81' lang='lat' dir='ltr'><strong>uulgo</strong></span> <span class='ocrx_word' id='word_1_424' title='bbox 848 4318 970 4362; x_wconf 80' lang='lat' dir='ltr'><strong>sacuam</strong></span> <span class='ocrx_word' id='word_1_425' title='bbox 997 4303 1086 4376; x_wconf 77' lang='lat' dir='ltr'><strong>lcpcm</strong></span> <span class='ocrx_word' id='word_1_426' title='bbox 1107 4301 1224 4360; x_wconf 75' lang='lat' dir='ltr'><strong>Pisonis</strong></span> <span class='ocrx_word' id='word_1_427' title='bbox 1250 4319 1294 4361; x_wconf 84' lang='lat' dir='ltr'><strong>rc-</strong></span> 
     </span>
     <span class='ocr_line' id='line_1_45' title="bbox 143 4390 1293 4469; baseline -0.002 -17"><span class='ocrx_word' id='word_1_428' title='bbox 143 4392 255 4467; x_wconf 77' lang='lat' dir='ltr'><strong>prcadi</strong></span> <span class='ocrx_word' id='word_1_429' title='bbox 277 4390 356 4468; x_wconf 94' lang='lat' dir='ltr'><strong>quod</strong></span> <span class='ocrx_word' id='word_1_430' title='bbox 379 4393 470 4451; x_wconf 89' lang='lat' dir='ltr'><strong>etiam</strong></span> <span class='ocrx_word' id='word_1_431' title='bbox 493 4391 526 4450; x_wconf 90' lang='lat' dir='ltr'><strong>L.</strong></span> <span class='ocrx_word' id='word_1_432' title='bbox 541 4391 702 4453; x_wconf 88' lang='lat' dir='ltr'><strong>Muellerus</strong></span> <span class='ocrx_word' id='word_1_433' title='bbox 725 4411 771 4469; x_wconf 94' lang='lat' dir='ltr'><strong>ap.</strong></span> <span class='ocrx_word' id='word_1_434' title='bbox 791 4390 922 4450; x_wconf 84' lang='lat' dir='ltr'><strong>Nonium</strong></span> <span class='ocrx_word' id='word_1_435' title='bbox 941 4392 960 4450; x_wconf 89' lang='lat' dir='ltr'><strong>l.</strong></span> <span class='ocrx_word' id='word_1_436' title='bbox 979 4409 1002 4451; x_wconf 89' lang='lat' dir='ltr'><strong>s.</strong></span> <span class='ocrx_word' id='word_1_437' title='bbox 1020 4391 1129 4451; x_wconf 89' lang='lat' dir='ltr'><strong>maluit</strong></span> <span class='ocrx_word' id='word_1_438' title='bbox 1155 4392 1293 4469; x_wconf 88' lang='lat' dir='ltr'><strong>recipere.</strong></span> 
     </span>
     <span class='ocr_line' id='line_1_46' title="bbox 148 4481 1295 4562; baseline 0 -21"><span class='ocrx_word' id='word_1_439' title='bbox 148 4481 213 4562; x_wconf 82' lang='lat' dir='ltr'><strong>Ego</strong></span> <span class='ocrx_word' id='word_1_440' title='bbox 236 4501 294 4541; x_wconf 91' lang='lat' dir='ltr'><strong>non</strong></span> <span class='ocrx_word' id='word_1_441' title='bbox 319 4481 406 4543; x_wconf 91' lang='lat' dir='ltr'><strong>uideo</strong></span> <span class='ocrx_word' id='word_1_442' title='bbox 429 4501 521 4560; x_wconf 89' lang='lat' dir='ltr'><strong>quare</strong></span> <span class='ocrx_word' id='word_1_443' title='bbox 544 4481 658 4543; x_wconf 85' lang='lat' dir='ltr'><strong>tradita</strong></span> <span class='ocrx_word' id='word_1_444' title='bbox 680 4484 842 4541; x_wconf 88' lang='lat' dir='ltr'><strong>mutemus:</strong></span> <span class='ocrx_word' id='word_1_445' title='bbox 868 4499 957 4542; x_wconf 90' lang='lat' dir='ltr'><strong>ausus</strong></span> <span class='ocrx_word' id='word_1_446' title='bbox 980 4484 1026 4543; x_wconf 86' lang='lat' dir='ltr'><strong>est</strong></span> <span class='ocrx_word' id='word_1_447' title='bbox 1048 4481 1180 4542; x_wconf 87' lang='lat' dir='ltr'><strong>Lucilius</strong></span> <span class='ocrx_word' id='word_1_448' title='bbox 1203 4481 1295 4541; x_wconf 89' lang='lat' dir='ltr'><strong>uerba</strong></span> 
     </span>
    </p>
   </div>
   <div class='ocr_carea' id='block_1_3' title="bbox 0 0 1534 5010">
    <p class='ocr_par' dir='ltr' id='par_1_4' title="bbox 0 0 1534 5010">
     <span class='ocr_line' id='line_1_47' title="bbox 0 0 1534 5010; baseline 0 0"><span class='ocrx_word' id='word_1_449' title='bbox 0 0 1534 5010; x_wconf 95' lang='lat' dir='ltr'><strong> </strong></span> 
     </span>
    </p>
   </div>
  </div>
 </body>
</html>
