3030 5002
336 1278 732 1354 SUPPLEMENTUM
761 1278 944 1352 CAPITIS
974 1278 1036 1352 DE
1065 1276 1225 1352 NONIO.
1312 1296 1314 1299 ’

291 1551 358 1610 atsi
399 1549 429 1609 in
472 1550 689 1627 prolegomenis
725 1550 886 1609 uoluminis
922 1551 1030 1626 prioris
1068 1570 1095 1625 p.
1120 1549 1255 1609 LXXXV
1269 1570 1350 1627 seqq.

202 1641 348 1700 rationem
372 1638 500 1698 dilucide
520 1642 710 1716 exposuimus
729 1658 789 1715 qua
806 1658 877 1699 usus
896 1639 983 1698 facile
1002 1639 1101 1715 quiuis
1120 1658 1223 1700 uersus
1242 1639 1351 1700 Lucilii

202 1731 279 1789 unde
308 1731 468 1805 sumpserit
497 1729 612 1789 Nonius
640 1730 770 1788 statuere
798 1729 905 1805 possit,
933 1731 1049 1806 tamen,
1077 1748 1136 1805 quo
1163 1730 1273 1789 rectius
1297 1729 1352 1790 hoc

203 1819 415 1882 commentario
439 1820 543 1878 utatur
565 1819 672 1893 lector,
699 1821 853 1894 tamquam
876 1818 1115 1895 supplementum
1139 1817 1221 1879 illius
1245 1820 1352 1896 capitis

203 1909 238 1968 de
257 1909 355 1968 Nouio
374 1907 478 1968 tabula
496 1908 703 1984 proponendos
722 1907 792 1983 duxi
806 1908 886 1968 locos
901 1927 1012 1982 omnes,
1031 1926 1105 1983 qnos
1120 1927 1135 1965 e
1150 1909 1353 1986 grammaticis

204 2020 222 2058 a
248 1999 347 2058 Nonio
380 2000 513 2074 sumptos
546 2016 608 2057 esse
641 1996 837 2056 demonstrari
869 1998 988 2073 poterit.
1040 1996 1125 2067 Quod
1155 1999 1267 2057 factum
1291 2016 1353 2058 asse

203 2087 340 2166 cognosci
367 2086 482 2147 duobus
509 2086 627 2146 indiciis
655 2087 748 2145 las.
772 2085 917 2145 indicaui:
945 2086 974 2144 in
1006 2086 1091 2145 libris
1113 2087 1257 2146 I-XXV
1281 2106 1354 2164 quos

203 2195 306 2235 uersus
342 2196 357 2234 e
394 2175 510 2245 Lucilio
546 2177 612 2252 ipso
650 2175 751 2252 petiit,
788 2194 837 2234 eos
874 2175 961 2234 affert
994 2178 1065 2252 post
1095 2177 1188 2235 uerba
1219 2176 1354 2236 Lautus

205 2269 374 2340 satyrorum
397 2266 482 2324 libl
502 2285 526 2322 e.
542 2284 569 2340 q.
584 2283 620 2338 s.;
648 2284 722 2340 quos
750 2283 852 2324 uersus
880 2285 895 2323 e
925 2266 1129 2341 grammaticis
1153 2268 1289 2343 sumpsit
1312 2265 1355 2325 eis

205 2355 365 2430 praeponit
384 2354 476 2412 ueluti
498 2354 634 2414 Lucilius
652 2354 700 2414 tib.
716 2354 739 2411 Ι
753 2374 777 2412 e.
793 2374 820 2430 q.
836 2373 857 2413 s.
878 2354 926 2412 ual
945 2353 1087 2413 Lucilius.
1128 2354 1235 2415 Libros
1254 2358 1354 2415 tamen

205 2442 429 2502 XXVI-XXX
450 2443 536 2501 affert
555 2461 620 2502 cum
639 2444 798 2520 praeponit
811 2443 1017 2503 tautummodo
1031 2443 1169 2504 Lucilius
1183 2446 1230 2504 lib.
1244 2444 1359 2503 XXVI

206 2554 229 2591 a.
246 2553 272 2608 q.
288 2552 324 2592 a:
348 2532 451 2608 itaque
475 2531 506 2591 in
529 2532 575 2591 his
599 2532 683 2592 libris
706 2533 759 2593 illo
783 2534 868 2610 signo
893 2533 938 2592 uti
961 2552 1020 2592 non
1044 2533 1216 2609 poterimus.
1258 2533 1355 2613 Quare

205 2623 333 2682 alterum
357 2620 436 2698 quod
455 2621 519 2681 illic
537 2621 669 2682 indicaui
688 2623 831 2681 indicium
850 2621 881 2680 in
899 2621 946 2681 his
965 2621 1050 2682 libris
1069 2624 1128 2682 erit
1146 2623 1354 2683 adhibendum.

205 2710 286 2781 Quae
320 2710 585 2788 interprete-manta
617 2715 680 2770 tam
712 2711 841 2788 puerilia
873 2713 903 2769 et
935 2711 1064 2770 absurda
1092 2715 1174 2789 sunt,
1206 2715 1241 2772 ut
1268 2732 1354 2772 nemo

205 2800 417 2878 grammaticus
446 2820 481 2859 ea
509 2821 617 2877 ponere
645 2801 777 2877 potuerit
804 2802 836 2860 in
864 2801 967 2875 cartis,
998 2819 1034 2859 ea
1056 2801 1154 2861 Nonio
1178 2803 1241 2860 sine
1265 2802 1355 2862 dnbio

205 2890 377 2964 tribuemus,
400 2891 454 2964 qui
472 2889 581 2948 Lucilii
604 2889 713 2948 librum
736 2889 899 2966 inspexerit
916 2889 1028 2967 ipsum:
1052 2909 1127 2966 quae
1146 2892 1299 2967 pertinent
1318 2891 1355 2950 ad

205 2978 351 3038 uocabula
377 2998 446 3038 rara
474 2982 504 3037 et
531 2978 668 3054 obscuro,
698 2998 732 3038 aa
761 3000 795 3037 ex
823 2979 1017 3057 grammatico
1046 2979 1123 3038 libro
1152 2983 1270 3057 sumpte
1293 3000 1355 3042 esse

206 3072 251 3126 est
277 3067 469 3144 probabilius.
520 3067 631 3126 Eadem
661 3068 776 3127 ratione
804 3089 866 3128 una
892 3088 957 3128 cum
985 3068 1040 3128 illa
1067 3067 1166 3145 priore
1194 3071 1356 3146 poterimus

206 3157 251 3216 uti
283 3159 314 3216 in
347 3156 432 3217 libris
464 3157 613 3216 I-XXV.
670 3157 773 3216 Veluti
809 3158 892 3236 legas
924 3176 1034 3235 quaeso
1065 3158 1183 3238 singula
1214 3160 1357 3220 lemmata

205 3247 276 3305 libri
299 3247 405 3305 XXVI.
450 3247 584 3324 Ineptias
607 3246 756 3325 intellegis
780 3246 851 3306 addi
872 3245 1001 3323 ineptiis.
1043 3247 1116 3318 Quis
1144 3250 1357 3327 grammaticus

206 3355 347 3412 umquam
384 3338 447 3395 tam
486 3334 616 3396 insulsus
647 3336 706 3395 fuit
736 3339 772 3395 ut
804 3337 1049 3413 interpretatione
1082 3341 1203 3398 ornaret
1234 3340 1357 3399 uerbum

207 3429 329 3484 constat:
366 3427 544 3499 conpositum
581 3430 629 3485 est.
689 3425 825 3487 lucilius
856 3426 903 3485 lib.
928 3426 1047 3485 XXVI
1075 3418 1170 3508 (635)
1203 3422 1357 3503 ‘prierato

202 3515 316 3588 pbpsici
343 3532 441 3573 omncs
467 3518 599 3573 muctare
620 3515 763 3574 luminam
786 3533 820 3575 cn
842 3517 944 3575 auimo
967 3520 994 3576 et
1015 3533 1132 3590 murore
1155 3513 1283 3577 dicuut’?
1310 3519 1358 3577 uel

206 3621 332 3663 sumar:
351 3606 503 3677 wermere.
541 3604 676 3662 Lruila'ua
695 3605 742 3664 lib.
759 3605 821 3663 XX
829 3605 876 3662 VI
890 3597 985 3686 (620)
1001 3600 1090 3665 ‘bunc
1107 3606 1234 3666 laborem
1248 3625 1357 3675 suniae,

210 3692 325 3752 laudem
353 3695 403 3765 qul
431 3694 482 3752 tibi
509 3711 543 3752 ac
569 3694 698 3766 furatum
724 3689 829 3766 ferot'?
879 3695 967 3754 Tales
997 3714 1068 3754 uero
1096 3694 1358 3772 interpretationes

209 3781 289 3859 apud
312 3781 443 3841 Nonium
467 3782 505 3840 ad
528 3800 630 3841 uersus
655 3803 670 3840 e
693 3782 778 3842 libris
800 3782 1025 3842 XXVI-XXX
1055 3786 1166 3860 petitos
1191 3785 1357 3863 adscriptae

208 3872 269 3930 fere
297 3873 368 3929 sunt
393 3870 512 3948 ubique.
558 3871 664 3948 Itaque
691 3871 771 3932 locos
800 3893 814 3931 e
841 3872 927 3932 libris
950 3873 1176 3933 XXVI-XXX
1205 3875 1357 3935 eLucilio

207 3961 272 4036 ipso
300 3963 435 4036 sumptos
463 3979 525 4020 essa
553 3961 614 4020 fere
642 3979 743 4020 omnes
772 3961 927 4038 probabile
956 3964 1026 4036 erit,
1057 3964 1136 4039 quod
1159 3965 1272 4024 factum
1295 3984 1358 4024 esse

207 4067 311 4107 reuera
335 4068 370 4108 ea
392 4069 424 4107 re
448 4048 482 4107 fit
505 4049 699 4127 probabilius,
723 4050 801 4127 quod
825 4071 859 4110 ex
882 4051 928 4109 his
952 4050 979 4106 V
1002 4052 1087 4112 libris
1111 4072 1231 4128 perraro
1255 4054 1358 4113 addito

208 4157 330 4197 numero
353 4137 496 4197 librorum
521 4158 539 4197 a
562 4139 762 4217 grammaticis
782 4159 884 4200 uersus
904 4140 1094 4200 adferuntur:
1118 4161 1133 4201 e
1155 4142 1241 4201 libris
1259 4142 1358 4201 XXVI

207 4226 322 4284 XXVII
350 4248 385 4285 ne
414 4247 490 4286 unus
519 4227 636 4303 quidem
665 4229 811 4302 adfertur,
839 4250 854 4287 e
882 4229 958 4288 libro
986 4229 1115 4289 XXVIII
1133 4251 1181 4289 uu.
1199 4232 1260 4290 781
1277 4250 1356 4308 seqq.

209 4335 228 4374 a
250 4314 359 4391 Probo,
388 4336 403 4375 a
430 4316 507 4377 libro
530 4317 627 4376 XXIX
650 4337 725 4377 unus
751 4320 812 4377 836
838 4338 856 4377 a
881 4317 1029 4394 Oharisio,
1059 4339 1074 4378 e
1098 4318 1173 4379 libro
1197 4319 1278 4378 XXX
1302 4321 1358 4380 soli

208 4424 256 4462 uu.
281 4407 373 4464 1010.
404 4407 487 4466 1067
526 4405 631 4464 traditi
668 4410 738 4466 sunt
770 4407 849 4483 apud
880 4405 1079 4483 Priscianum,
1113 4410 1198 4469 1054
1231 4428 1308 4469 unus
1341 4429 1358 4469 a
