3030 5002
607 369 634 424 11
651 387 677 424 u.
698 373 813 428 ec-ea
1238 371 1282 438 43

133 539 242 600 Lucilii
265 539 505 600 centurionatum
528 541 652 618 gessisse
675 539 756 600 credi
783 540 904 600 omnino
931 543 1073 615 nequeat,
1100 540 1172 600 licet
1194 541 1283 602 aliter

133 630 249 690 dehac
271 648 302 688 re
326 630 437 690 sentiat
467 628 642 690 Huebnerus
671 629 793 707 Ephem.
809 630 912 707 IlpIgr.
926 629 957 688 Π
978 629 1063 688 1875
1083 649 1110 706 p.
1127 630 1177 690 48.
1224 629 1283 690 Sed

133 719 229 780 Varro
249 737 338 795 quem
355 721 503 780 memorat
520 719 662 780 Tritarus
680 718 903 780 robustissimus
921 737 988 778 cum
1007 718 1108 779 Pontii
1126 720 1159 778 in
1172 720 1283 780 uirium

133 807 339 887 magnitudine
365 809 455 886 plane
483 809 589 869 similis
617 809 659 869 sit
685 809 878 886 codicumque
902 807 1051 868 Ciceronis
1077 807 1185 868 menda
1213 813 1283 887 apte

133 898 281 977 explicent
308 898 419 958 similia
448 899 480 958 in
507 897 582 958 codd
605 898 728 975 Vopisci
757 899 928 973 commissa,
957 897 1083 958 eundem
1111 916 1174 958 esse
1202 899 1283 959 hunc

134 988 291 1049 'Ibitanum
323 989 524 1048 centurionem
557 987 666 1048 Lucilii
698 991 789 1064 atque
826 988 1024 1066 gladiatorem
1055 986 1200 1048 Varronis
1231 988 1283 1049 ad-

132 1077 253 1138 modum
282 1076 436 1154 probabile
464 1080 509 1137 est
536 1077 787 1154 statuendamque
815 1078 873 1137 erit
900 1078 1103 1137 centurionem
1126 1076 1283 1137 Tritanum

133 1168 165 1226 in
187 1166 350 1243 municipio
374 1170 428 1226 aut
445 1167 523 1225 male
542 1165 733 1226 conturbasse
753 1169 807 1225 aut
824 1185 883 1225 non
902 1166 1006 1226 tulisse
1024 1184 1128 1243 pacem
1146 1167 1283 1245 oppiduli

132 1257 286 1332 uitamque
313 1256 440 1317 otiosam
468 1258 751 1332 exauctoratumque
778 1255 950 1332 depressum
981 1256 1074 1316 fuisse
1106 1257 1137 1315 in
1165 1256 1283 1316 ludum:

133 1346 204 1406 conf
231 1346 288 1424 leg.
312 1348 404 1423 repet.
428 1343 526 1406 01L1
552 1345 690 1419 188,16
718 1345 821 1404 Manil.
841 1345 885 1404 IV
910 1346 973 1405 225
1008 1340 1097 1404 ‘nunc
1130 1346 1221 1423 caput
1252 1348 1284 1406 in

133 1437 259 1495 mortem
282 1435 417 1494 uendunt
438 1438 469 1493 et
491 1435 580 1495 funus
604 1453 711 1495 arenae
731 1438 823 1510 atque
841 1434 956 1494 bostem
975 1434 1033 1494 sibi
1052 1435 1177 1510 quisque
1195 1438 1284 1513 parat

135 1543 201 1585 cum
223 1524 303 1584 bella
326 1519 503 1601 quiescunt’.
550 1524 673 1585 Poterat
695 1523 829 1584 Lucilius
852 1523 979 1585 scribere
1001 1525 1088 1584 Posti
1111 1529 1138 1583 01
1158 1524 1283 1600 leenae,

134 1613 213 1690 quod
249 1632 308 1674 non
345 1604 429 1689 feeit,
467 1614 539 1691 quia
575 1613 719 1692 asyndeto
756 1615 847 1674 etiam
883 1614 983 1690 plures
1013 1614 1220 1693 magnanimos
1252 1633 1283 1674 ss

134 1722 306 1764 enumerare
329 1721 416 1780 posse
438 1703 519 1764 uiros
543 1706 613 1781 apte
635 1705 737 1782 potuit
758 1703 898 1763 iudicare.
946 1701 1141 1764 Centuriones
1159 1705 1284 1765 immani

133 1795 265 1869 corporis
282 1792 387 1853 robore
405 1792 557 1870 praeditos
570 1792 714 1853 Albucius
732 1795 904 1854 nominarat
922 1795 957 1852 ut
968 1792 1284 1853 rusticosillitteratos

133 1882 282 1961 stupidos,
309 1880 490 1943 Graecorum
520 1881 674 1943 doetrinae
700 1881 843 1943 infensos:
873 1882 1013 1942 similiter
1034 1882 1153 1943 Persius
1171 1883 1200 1940 V
1219 1883 1282 1943 188

133 1974 284 2051 ingentem
315 1972 447 2032 eiusdem
480 1974 595 2050 generis
631 1972 770 2049 producit
806 1973 1021 2032 centurionem:
1059 1967 1180 2032 ‘dixeris
1211 1972 1284 2032 haec

133 2063 211 2122 inter
247 2062 398 2122 uaricosos
434 2064 621 2123 centuriones
660 2064 801 2122 continuo
833 2080 965 2122 crassum
997 2060 1076 2121 ridet
1106 2061 1284 2122 Pulsennins

133 2154 241 2229 iugens
266 2154 298 2211 et
324 2153 442 2212 centum
466 2149 594 2212 Graecos
622 2154 707 2211 curto
730 2154 865 2212 centusse
887 2147 1022 2225 licetur’3
1047 2150 1100 2211 ubi
1122 2152 1285 2211 scholiasta

134 2236 261 2300 ‘uarices
298 2243 369 2301 sunt
405 2258 499 2300 uenae
535 2241 646 2300 mixtae
683 2243 782 2301 neruIs
819 2243 851 2300 in
887 2240 1013 2319 pedibus
1053 2240 1146 2300 nimio
1182 2240 1284 2301 labore

133 2333 281 2391 tumentes
305 2324 391 2413 (conf
408 2329 503 2390 Varro
528 2329 607 2407 apud
626 2329 756 2390 Plinium
779 2330 798 2388 l.
814 2349 835 2390 s.
851 2349 873 2390 s.
894 2329 931 2390 de
950 2331 1090 2391 'Ibitanor
1115 2325 1285 2390 ‘Tritanum

157 2466 185 2479 ..
204 2419 359 2497 filiumque
382 2421 445 2479 eius
469 2422 500 2479 et
521 2423 619 2480 rectos
642 2423 673 2480 et
695 2423 844 2480 hausrsos
867 2420 1055 2480 cancellatim
1078 2420 1142 2478 toto
1161 2438 1284 2496 corpore

133 2509 272 2570 habuisse
302 2528 424 2583 neruos,
459 2511 491 2569 in
530 2509 677 2569 bracchiis
708 2511 800 2569 etiem
830 2501 1048 2588 manibusque).
1099 2508 1176 2567 Tum
1204 2508 1284 2585 apud

133 2597 214 2659 Pers.
233 2598 280 2658 ΠΙ
305 2601 345 2657 77
375 2594 435 2658 ‘hio
466 2598 578 2675 aquuis
614 2598 651 2659 de
682 2601 771 2677 gente
803 2599 920 2658 hircosa
952 2597 1158 2658 centurionum
1190 2597 1284 2657 dicat:

134 2687 214 2765 quod
233 2688 327 2767 sapio,
345 2687 419 2748 satis
434 2690 480 2748 est
493 2683 578 2747 mihi’
595 2687 646 2764 qui
664 2687 770 2747 deinde
789 2687 868 2747 ridet
880 2686 1073 2763 philosophos
1088 2684 1223 2746 Graecos.
1240 2718 1283 2728 —
1362 2721 1364 2725 ·

226 2779 276 2838 90.
300 2778 358 2837 uiri
386 2778 534 2854 praeclari
561 2779 593 2838 et
613 2778 760 2852 prbaorss
787 2776 980 2853 appellantur
1008 2778 1044 2835 ut
1070 2774 1103 2833 L.
1124 2775 1284 2835 Muellerus

134 2868 254 2942 statuit,
282 2869 454 2941 conprimi
483 2869 518 2926 ut
539 2866 711 2944 Maduigius
738 2866 836 2925 uoluit
862 2865 997 2944 intellegi
1025 2862 1064 2923 ad
1092 2861 1151 2923 (lic.
1170 2864 1208 2925 de
1234 2863 1283 2923 lin.

135 2957 154 3015 l.
169 2975 191 3016 s.
207 2974 228 3015 s.
274 2956 423 3025 Primores
450 2958 521 3017 sunt
547 2957 599 3033 qui
628 2957 694 3016 acie
716 2955 815 3033 prima
836 2957 1004 3032 pugnantes
1026 2953 1181 3032 praeclara
1203 2954 1285 3014 faeta

137 3064 265 3124 gessero:
284 3045 375 3105 Liul
391 3048 443 3119 12,
462 3049 479 3105 7
502 3041 578 3124 ‘ipse
596 3046 635 3105 ad
652 3044 796 3124 primores
810 3044 956 3104 Romulus
974 3038 1125 3122 prouolat'
1146 3041 1226 3103 Curt.
1240 3043 1284 3103 IV

137 3137 171 3209 6,
195 3135 235 3194 17
270 3130 353 3194 ‘dum
383 3134 462 3195 inter
493 3136 638 3212 primores
673 3135 841 3211 promptius
878 3129 1012 3194 dimicat'
1070 3133 1222 3207 praeclari
1254 3135 1285 3192 et

129 3226 276 3299 primores
297 3224 506 3301 parhomoeon.
532 3256 573 3264 —

226 3315 276 3373 91.
309 3313 443 3373 maluisti
475 3312 665 3390 trisyllabum
704 3313 750 3373 bis
779 3314 881 3389 posuit
907 3315 998 3389 poeta
1025 3314 1059 3370 ut
1086 3312 1285 3386 adfuissemus

136 3403 185 3462 lib.
201 3403 217 3463 I
235 3424 263 3461 u.
285 3404 336 3476 28,
363 3404 422 3477 fuit
448 3402 675 3479 monosyllabon
697 3402 768 3463 XIV
787 3423 814 3461 u.
832 3403 909 3478 468,
933 3402 1025 3461 fnisse
1048 3401 1135 3460 XVII
1158 3421 1185 3460 u.
1207 3403 1285 3474 5423

136 3492 206 3552 uide
228 3491 288 3552 ind.
303 3511 426 3572 gramm.
441 3512 463 3553 s.
478 3512 506 3550 u.
525 3494 664 3566 0100100010
684 3484 730 3573 (L.
746 3492 907 3551 Muellerus
926 3491 961 3549 de
980 3510 1011 3549 re
1034 3482 1143 3550 metr'
1161 3511 1189 3567 p.
1206 3482 1284 3570 298)

136 3581 259 3642 Damasi
295 3581 374 3659 quod
411 3582 507 3642 fertur
542 3600 661 3642 carmen
689 3581 784 3655 83,5
828 3579 918 3641 lhmii
952 3575 1141 3656 ‘contemptis
1177 3579 1285 3656 opibus

136 3672 230 3731 malui
261 3689 437 3750 cognoscere
470 3667 642 3731 Christusn’.
675 3703 719 3713 —-
745 3674 882 3745 preston·
918 3688 977 3745 quo
1009 3688 1087 3729 anno
1114 3672 1285 3745 praeturam

136 3759 262 3838 gesserit
287 3761 418 3834 Mucius,
450 3778 510 3820 non
542 3763 668 3821 constat
722 3758 781 3819 cio.
805 3759 842 3820 ds
864 3779 904 3820 or.
928 3758 959 3817 Π
984 3759 1047 3817 268
1077 3777 1143 3817 cum
1171 3756 1284 3817 tradat:

137 3845 259 3911 ‘Noster
285 3849 430 3911 Scaeuola
457 3849 661 3926 Septumuleio
690 3849 738 3908 illi
765 3848 938 3927 Anagnino,
966 3849 1012 3907 cui
1036 3866 1091 3923 pro
1109 3844 1140 3905 0.
1160 3843 1286 3905 Gracchi

137 3942 234 4018 capite
258 3930 437 4017 (6331121)
461 3942 526 4000 erat
548 3958 654 3999 aurum
678 3955 847 4014 repensum,
874 3938 993 4015 roganti
1016 3938 1051 3994 ut
1072 3953 1104 3995 se
1125 3936 1158 3993 in
1180 3933 1285 3994 Asiam

136 4029 319 4104 praefectum
342 4029 463 4089 duceret
485 4048 510 4087 0.
525 4048 552 4104 q.
568 4023 612 4101 s’,
635 4046 714 4087 anno
739 4020 884 4104 6881121
910 4028 964 4084 aut
983 4017 1133 4101 6341120
1151 4022 1285 4084 Athenas

137 4121 304 4195 praetorem
340 4119 457 4177 uenisse
495 4117 626 4177 Mucium
658 4116 813 4193 probabile
845 4117 902 4176 ests
938 4115 1010 4173 conl
1038 4113 1071 4174 P.
1091 4113 1285 4173 Wehrmanni

137 4208 208 4268 lasti
230 4210 325 4284 praet
343 4226 372 4283 p.
390 4208 439 4267 13.
464 4239 505 4249 —

227 4297 278 4357 98.
306 4298 407 4357 tunna
434 4297 543 4369 omnis,
571 4294 605 4355 id
632 4297 678 4356 est
705 4293 809 4354 cohors
835 4293 1000 4372 praetoria:
1030 4292 1102 4354 conf
1126 4312 1204 4369 quae
1237 4311 1286 4351 er-

137 4389 291 4463 posuimus
318 4385 453 4447 ad110
480 4388 511 4445 et
533 4384 655 4445 Sallust
673 4384 739 4461 lug.
760 4383 853 4457 98,1
880 4377 1004 4444 ‘Marius
1098 4401 1165 4442 cum
1187 4385 1287 4441 timna

139 4493 203 4551 sua,
225 4494 316 4555 quam
339 4494 375 4536 ex
400 4475 578 4539 fortissumis
604 4473 701 4557 magis
728 4492 819 4556 quam
845 4472 1097 4536 familiarissumis
1119 4472 1288 4554 parauerat,
