3036 5004
223 338 288 404 308
542 337 658 392 XXVIII
677 340 728 392 aut
745 336 834 391 XXIX
852 356 880 392 u.
900 341 1050 392 000-040.

225 527 307 568 marc
333 509 446 567 0010000
474 507 594 567 similia.
640 508 718 566 Nam
745 506 901 567 Lucretius
919 506 1057 566 111100
1086 525 1162 581 0000
1189 507 1311 583 scripsit
1341 525 1379 565 ex

224 598 327 657 eodem
351 600 471 657 auctore
496 598 625 674 sumpsit
645 593 784 656 ‘nubibus
807 599 843 655 ut
860 596 997 656 tenebras
1016 596 1110 655 saciat
1127 596 1255 670 00011000
1272 613 1379 655 serm

224 689 378 747 concutiat
401 681 522 746 sonitu':
550 687 621 745 conf
645 685 718 746 Cato
746 686 782 744 de
806 705 868 763 agr.
892 686 962 744 cult.
984 685 1056 760 156,
1077 687 1095 744 3
1126 680 1242 761 ‘postea
1269 686 1378 761 ponito

223 777 366 854 pocillum
393 779 425 834 in
459 794 561 836 sereno
593 778 664 835 noct
686 771 704 833 '.
755 774 901 834 Similiter
932 776 1072 833 nentium
1103 774 1230 850 pluralis
1258 774 1378 833 Ennius

222 868 363 942 posuerat
381 868 413 925 in
432 865 610 925 Andromed.
632 865 710 924 95R
729 858 817 940 ‘quae
835 883 910 923 caua
931 864 1007 923 caeli
1029 862 1280 942 signitenentibus
1306 882 1379 923 cou-

222 956 286 1015 ficis
312 951 402 1033 bigis'
431 955 594 1031 Melanipp.
616 954 716 1013 251ss
744 949 867 1012 ‘lumine
895 955 937 1013 sic
965 953 1092 1012 tremulo
1124 955 1204 1012 terra
1236 955 1268 1011 01
1298 971 1378 1012 caua

224 1045 344 1105 caerula
371 1041 523 1105 candent':
551 1044 623 1103 coni
638 1044 726 1121 Verg.
745 1043 819 1102 Aen.
837 1042 881 1101 IV
901 1043 962 1102 451
995 1039 1081 1102 ‘caeli
1108 1061 1241 1102 conuexa
1268 1036 1379 1101 tueri':

223 1134 468 1194 Lucret.1340.
514 1134 621 1209 Ι10000
649 1152 723 1209 opus
750 1151 810 1192 non
838 1134 895 1192 erit
922 1131 1049 1192 scribere
1084 1150 1151 1190 cum
1182 1131 1379 1192 Lachmanno

224 1227 363 1293 momina,
382 1243 448 1283 cum
463 1223 608 1282 Muellero
622 1223 750 1281 tommo:
768 1224 889 1281 0000100
902 1224 1056 1298 posuimus
1070 1240 1138 1280 cum
1152 1221 1240 1280 Arati
1254 1222 1378 1281 exordio

224 1313 335 1372 similia
358 1312 519 1390 protulisse
542 1314 663 1388 poetam
684 1314 838 1389 putemus:
863 1307 1000 1386 ‘implete
1018 1310 1158 1371 caelitum
1177 1328 1280 1371 serena
1299 1311 1379 1371 caeli

223 1405 345 1461 numine
369 1406 400 1461 00
421 1402 494 1461 00101
517 1402 612 1460 fretus
634 1404 791 1476 terraeque
815 1394 940 1460 uastee’.

313 1483 396 1552 940.
416 1492 533 1550 Nonius
552 1510 586 1549 ex
606 1492 802 1568 grammatico
821 1511 849 1567 p.
867 1492 940 1564 107,
955 1490 995 1548 31
1019 1484 1170 1567 ‘Eugium
1188 1490 1287 1549 media
1305 1509 1379 1566 pars

223 1583 302 1640 inter
324 1581 476 1640 nataralia
503 1579 668 1639 muliebria.
713 1579 848 1639 Lucilius
875 1581 908 1638 10
935 1580 1033 1652 modis
1059 1580 1175 1653 leymm's
1201 1583 1265 1639 eine
1292 1582 1379 1653 00010

224 1671 403 1730 0001001100.
449 1668 594 1728 Laberius
617 1670 649 1727 in
673 1667 851 1727 centonario
874 1659 983 1750 (2511)
1015 1664 1129 1744 “quare
1158 1672 1221 1727 tam
1248 1667 1378 1727 arduum

224 1756 386 1819 ascendas?
414 1753 437 1835 †
464 1777 502 1816 an
535 1759 701 1835 concupisti
735 1760 855 1835 eugium
892 1752 1092 1817 scindere?”'
1143 1757 1225 1817 Idem
1258 1757 1377 1817 Nonius

226 1869 255 1925 p.
275 1850 355 1923 490,
376 1850 418 1907 20
453 1842 622 1922 ε00110000,
659 1847 805 1906 deliratio.
859 1845 1003 1907 Laberius
1036 1837 1115 1927 (138
1125 1839 1167 1929 a)
1205 1842 1379 1922 “quaenam

224 1957 320 2012 mens,
352 1956 428 2013 quae
460 1937 594 1996 deliritas
625 1955 679 1996 uos
711 1935 904 2014 subpolitoris
936 1930 1055 2012 10010]ι
1078 1954 1148 1995 cum
1179 1953 1253 1994 cano
1284 1938 1375 2013 cugio

223 2021 442 2103 puellitari?”'
489 2027 529 2085 In
553 2027 651 2101 000010
674 2025 849 2085 deleuerunt
873 2029 909 2084 00
935 2026 1084 2103 glossema
1112 2027 1143 2083 01
1164 2024 1376 2084 Lachmannus

225 2119 255 2174 et
277 2116 438 2175 Muellems
462 2135 528 2175 cum
552 2117 687 2174 statuant
709 2115 867 2174 librarium
889 2115 1005 2190 hymnis
1032 2114 1109 2173 male
1137 2113 1317 2174 intellexisse
1345 2116 1377 2172 01

224 2224 377 2266 enarrasse
394 2205 448 2265 illo
467 2206 653 2284 glossemate.
686 2205 799 2263 Tamen
817 2205 952 2282 praestat
969 2202 1062 2263 uerba
1080 2205 1113 2262 ic
1132 2203 1231 2277 000000
1245 2205 1272 2262 01
1286 2204 1376 2262 100110

224 2294 288 2354 fieri
315 2297 427 2371 poterit
453 2295 610 2354 emendare
640 2313 729 2371 quam
762 2294 876 2353 tollere.
927 2293 1050 2352 Numeri
1083 2296 1153 2352 sunt
1185 2295 1287 2369 aperte
1321 2295 1377 2352 aut

224 2384 344 2443 iambici
368 2389 422 2443 aut
444 2384 587 2444 trochaici
610 2384 769 2463 agiturque
792 2383 828 2441 de
851 2384 1006 2443 meretrice
1027 2402 1045 2442 a
1063 2382 1169 2442 lenone
1187 2380 1377 2442 redimenda:

224 2473 322 2532 Plaut.
340 2473 427 2551 Epid.
447 2475 510 2532 487
545 2468 582 2532 ‘is
614 2475 678 2548 ipse
711 2473 788 2532 hanc
819 2472 984 2533 destinauit
1015 2467 1177 2533 fidicinam'
1209 2472 1288 2531 Pers.
1308 2473 1374 2530 667

225 2558 290 2639 ‘qui
311 2565 388 2622 banc
409 2582 469 2623 non
487 2581 626 2639 properes
645 2557 805 2622 destinare'
827 2554 908 2644 (uide
929 2562 966 2622 ad
985 2562 1036 2620 lib.
1056 2562 1152 2621 XXIX
1171 2580 1201 2621 u.
1221 2554 1309 2642 893).
1330 2593 1375 2602 -

224 2655 341 2729 cupium
366 2651 546 2711 uocabulum
573 2653 693 2727 praeter
719 2651 800 2711 locos
819 2670 841 2711 s.
860 2670 883 2711 s.
902 2672 962 2711 non
988 2652 1149 2711 inuenitur.
1195 2651 1377 2710 Auctionem

224 2741 289 2801 fieri
320 2742 509 2800 meretricum
541 2742 710 2816 auspicatur
736 2740 915 2801 Ribbeckius
944 2740 1019 2799 CRF
1043 2740 1079 2800 ed
1101 2741 1133 2799 11
1155 2762 1183 2819 p.
1202 2739 1289 2799 XXlI
1321 2741 1378 2815 qui

224 2833 366 2907 proponit
389 2826 529 2908 ‘Hymnis
553 2832 616 2891 sine
635 2830 738 2908 cugio:
765 2830 845 2908 Age,
868 2825 1008 2889 destina':
1032 2833 1065 2888 00
1087 2829 1264 2889 offendimur
1285 2847 1375 2888 uoca-

224 2920 295 2980 bulo
318 2920 479 2997 spondiaco
503 2921 535 2978 in
561 2919 634 2996 pede
663 2923 778 2995 quarto.
825 2920 915 2979 Recte
944 2921 969 2978 si
997 2921 1128 2979 senarios
1157 2920 1378 2994 constituimus,

224 3009 261 3069 de
283 3009 434 3085 Hymnide
461 3008 663 3086 compluribus
686 3009 797 3069 0000010
821 3012 923 3087 egerat
949 3010 1051 3084 poeta:
1080 3010 1110 3067 01
1138 3008 1313 3084 septenariis
1343 3013 1377 3068 et

223 3098 322 3158 herois
353 3096 488 3158 uersibus
521 3117 587 3157 eam
621 3097 800 3158 celebratam
837 3098 927 3157 fuisse
964 3097 1170 3157 demonstrant
1202 3096 1252 3156 lib.
1274 3097 1375 3155 XXIX

224 3208 273 3247 00.
293 3188 366 3247 883.
386 3188 450 3247 834
470 3190 501 3247 01
518 3188 621 3247 incert.
641 3208 668 3247 u.
690 3189 783 3247 1133.
828 3186 953 3247 Insanus
977 3205 1018 3261 es,
1040 3188 1067 3246 ei
1090 3189 1136 3246 est
1158 3188 1283 3263 utroque
1307 3186 1376 3246 loco

224 3276 321 3337 solida
342 3279 416 3336 nata
437 3276 565 3353 Hymnis
588 3296 622 3336 ac
645 3276 784 3338 destinas.

730 3503 863 3568 Dubia.

313 3626 397 3694 942.
416 3634 530 3694 Probus
549 3634 585 3694 de
604 3635 722 3693 nomine
741 3638 879 3710 excerpta
897 3631 949 3692 GL
967 3632 1011 3692 IV
1029 3653 1058 3709 p.
1074 3635 1148 3710 212,
1165 3632 1244 3693 1οΚ
1263 3627 1377 3693 ‘Nasus

223 3725 273 3783 hio
291 3743 329 3782 an
348 3724 404 3783 hoc
422 3721 548 3784 nasum?
576 3723 695 3799 antiqui
714 3723 890 3783 neutraliter
911 3722 1058 3782 dicebant.
1094 3725 1199 3799 itaque
1217 3723 1377 3782 Lucretius

225 3809 355 3873 “nasum
378 3813 524 3873 diductius
543 3831 631 3889 quam
648 3814 783 3888 pardius
801 3812 891 3890 paulo
912 3807 1055 3872 uellem''.
1093 3813 1145 3888 qui
1163 3831 1241 3871 nunc
1259 3829 1376 3870 mascu-

223 3903 286 3963 lino
319 3921 425 3982 genere
459 3902 577 3962 dicitur.
617 3921 688 3961 nam
717 3901 819 3962 Cicero
847 3895 898 3984 (de
921 3905 982 3961 001.
1002 3901 1081 3962 deor.
1101 3902 1132 3960 11
1154 3894 1230 3983 143)
1260 3896 1376 3962 “nasus

223 3995 337 4069 itaque,
356 3994 408 4068 qui
427 3992 565 4052 diductus
584 3996 636 4065 est
660 3993 747 4068 quasi
765 4011 867 4052 murus
886 3991 981 4051 oculis
999 3993 1173 4052 interiectus
1192 4010 1254 4051 esse
1273 3990 1376 4051 uidea-

224 4077 320 4141 tur''.’
369 4082 472 4142 Cicero
494 4083 626 4158 scripsit:
655 4077 758 4142 ‘nasus
785 4080 1108 4158 1000001000100000,
1136 4084 1172 4140 01
1198 4080 1283 4157 quasi
1309 4099 1376 4139 mu·

222 4167 285 4230 rus'
306 4191 330 4230 e.
352 4191 379 4248 q.
399 4191 436 4232 a:
468 4171 545 4231 unde
573 4190 632 4230 000
664 4171 834 4230 mirandum
861 4174 907 4230 est
940 4172 973 4230 in
1005 4170 1104 4230 uerbis
1132 4169 1377 4230 antecedentibus

222 4261 296 4319 item
324 4261 551 4337 grammaticum
578 4260 682 4320 turbas
711 4262 822 4321 fecisse.
872 4259 1008 4319 Adnotat
1034 4259 1151 4319 Keiliua
1184 4255 1289 4318 ‘nosue
1319 4279 1377 4320 nec

224 4350 390 4409 masculino
412 4368 466 4408 nec
483 4352 589 4409 neutro
608 4368 715 4428 genere
733 4351 766 4408 in
783 4349 915 4410 Lucretii
934 4349 1019 4409 libris
1036 4348 1156 4427 legitur.
1193 4348 1245 4408 sed
1263 4347 1377 4409 Lucilii

223 4438 366 4515 exemplis
394 4437 573 4498 neutraliter
599 4438 657 4497 dici
686 4438 815 4514 probant
841 4439 957 4498 Nonius
985 4459 1013 4516 p.
1034 4439 1097 4497 215
1127 4440 1157 4497 01
1183 4457 1308 4516 gramm
1337 4433 1377 4501 de
