3060 5010
220 299 287 365 200
661 292 724 347 XVI
742 311 769 347 u.
789 296 938 368 scafam.

220 460 325 551 (GRF³
342 486 371 544 p.
393 468 465 541 101,
486 456 829 545 munusculorum
851 463 903 537 qui
922 462 1129 541 respondeant„
1166 463 1273 538 Itaque
1292 461 1368 521 duos
1454 499 1464 515 .

220 565 366 637 χειμῶνας
389 575 451 617 sese
478 574 563 616 nosse
591 555 670 614 soloe
695 551 786 628 cotys
814 550 887 612 dicit
915 553 996 629 apud
1023 553 1187 626 Lucilium,
1215 571 1273 611 uon
1300 546 1368 610 dvi-

220 666 307 725 μονςτ
331 643 411 722 quod
430 648 590 720 utrumque
609 647 713 703 oratus
731 643 909 702 uocabulum
927 646 1026 720 potest
1043 641 1223 720 significare:
1247 642 1369 700 tertimn

221 754 313 816 genus
338 734 455 810 quode
479 735 568 793 antea
592 735 695 811 egerat
717 732 850 792 Lucilius
874 734 994 792 omniuo
1024 752 1083 791 non
1112 733 1247 809 agnoscit
1269 729 1368 790 Thrax

220 824 356 885 οκοίείίοε
379 841 413 883 ca
435 825 532 883 abaco
556 842 630 899 quos
653 822 794 900 appellat.
840 821 931 882 Recte
956 823 1073 881 nimbos
1100 822 1202 898 posuit
1224 820 1369 879 Lucilius:

222 915 293 975 oonf
312 913 398 973 Luer.
419 912 462 972 VI
482 913 544 971 256
556 932 637 989 seqq.

311 1039 469 1098 Praeterea
492 1056 633 1115 persaepe
656 1039 742 1114 niger
765 1056 883 1113 quoque
905 1057 960 1113 per
981 1056 1063 1097 mare
1085 1036 1202 1095 nimbus

312 1132 347 1187 ut
368 1128 444 1204 picis
467 1147 483 1187 e
507 1128 588 1187 eaelo
611 1127 773 1186 demissum
795 1125 913 1199 flumen,
936 1129 968 1185 in
991 1126 1086 1186 undas

312 1219 354 1278 sic
378 1217 459 1277 cadit
481 1216 601 1277 effertus
624 1215 753 1276 tenebris
777 1215 880 1293 procul
904 1218 934 1275 et
957 1215 1051 1275 trahit
1073 1217 1170 1275 atram

312 1307 487 1366 fulminibus
510 1305 667 1385 grauidam
689 1308 897 1380 tempestatem
921 1310 1011 1382 atque
1033 1305 1172 1381 procellis

311 1396 432 1474 ignibus
454 1414 490 1456 ac
512 1396 607 1456 aare
630 1413 698 1454 oum
720 1393 824 1470 primis
846 1397 909 1469 ipsc
931 1395 1056 1470 repictus
1076 1415 1170 1454 ...a
1185 1415 1212 1471 q.
1229 1415 1251 1454 s.

224 1540 359 1616 Denique
387 1538 585 1599 Buechelerus
603 1538 622 1596 l.
642 1556 663 1597 s.
684 1557 705 1596 s.
725 1539 912 1615 comparauit
939 1541 1018 1598 recte
1046 1538 1077 1597 ni
1105 1538 1196 1598 fallor
1223 1556 1291 1597 cum
1317 1536 1374 1596 hoc

224 1631 289 1689 loco
316 1630 423 1689 Dionis
451 1628 535 1688 Prus.
555 1630 630 1687 orat.
650 1628 732 1687 Tars.
752 1627 783 1686 11
803 1629 843 1686 37
868 1620 898 1706 (I
916 1649 944 1706 p.
965 1628 1077 1702 326‚6
1102 1627 1138 1687 de
1161 1618 1291 1707 Arnim)
1317 1633 1374 1686 νῦν

225 1714 256 1778 δὲ
281 1716 377 1796 ὥσπερ
399 1717 431 1777 οἱ
451 1721 512 1788 τοῖς
535 1713 695 1797 ἀπογείοις,
718 1719 829 1794 μᾶλλον
852 1712 883 1777 δὲ
907 1721 967 1789 τοῖς
986 1713 1045 1777 ἀπὸ
1066 1724 1125 1776 τῶν
1142 1715 1266 1796 γνόφων
1284 1715 1374 1776 πνεύ-

225 1824 297 1885 μασι
319 1803 464 1885 πλέοντες,
486 1805 580 1879 οίίτως
603 1802 741 1885 φέρεσθε,
763 1802 870 1886 ἄνδρες
890 1809 1020 1886 Ταρσεῖς.
1058 1806 1172 1867 Similis
1191 1807 1311 1882 quidem
1329 1809 1375 1866 est

225 1899 282 1957 iste
304 1895 446 1976 γνοφίας,
473 1899 575 1956 tamen
602 1914 662 1955 non
689 1896 769 1956 idem
796 1900 888 1972 atque
916 1893 1054 1973 ἕκνεφίας
1082 1900 1203 1956 auctore
1226 1895 1310 1972 Lydo
1338 1894 1375 1954 de

226 2003 318 2046 mens.
336 1984 381 2044 IV
401 1986 441 2043 76
467 1982 482 2046 ὃ
506 1981 560 2062 μὲν
582 1978 636 2044 ἀπ’
662 1981 763 2066 ὀλίγης
786 1994 883 2066 φορᾶς
906 1983 1017 2063 νέφους
1040 1983 1194 2063 ἐκνεφίας,
1222 1982 1238 2045 ὁ
1261 1981 1292 2045 δὲ
1315 1981 1374 2045 ἀπὸ

226 2074 344 2136 κόλπων
366 2082 457 2135 τινῶν
475 2071 524 2134 καί
543 2071 593 2134 διὰ
610 2073 773 2156 φαράγγων
791 2074 924 2152 κολπίας,
947 2072 963 2136 d
984 2071 1015 2135 δὲ
1034 2071 1093 2137 ἀπὸ
1111 2083 1166 2156 γῆς
1184 2072 1234 2135 καί
1253 2091 1375 2153 συστρο-

227 2172 288 2242 φῆς
315 2160 401 2246 οἰίρος
428 2163 571 2244 γνοφίας,
602 2164 654 2224 ubi
682 2161 819 2244 ἀπόγειος
851 2155 928 2245 αὖρα
956 2157 1047 2245 (quae
1080 2161 1187 2244 ταχέως
1219 2161 1376 2244 σβέννυται

228 2256 348 2314 auctore
366 2252 489 2330 Dionys.
509 2252 577 2313 Hel.
597 2254 636 2314 ad
655 2252 706 2313 Gn.
725 2253 828 2331 Pomp.
847 2254 891 2313 IV
911 2246 956 2333 4),
975 2274 1050 2330 quae
1070 2253 1149 2332 apud
1167 2254 1294 2315 Dionem
1309 2273 1376 2329 pro·

226 2345 310 2422 prius
338 2346 383 2403 est
411 2346 519 2403 uentus
547 2346 578 2403 et
604 2342 776 2420 peculiaris,
805 2343 997 2404 confunditur
1023 2365 1091 2404 oum
1118 2344 1250 2422 gnophia
1277 2346 1377 2416 uento,

158 2491 166 2503 ‚
228 2435 280 2510 qui
302 2434 402 2494 nescio
425 2432 573 2510 quomodo
596 2432 696 2492 differt
719 2432 755 2492 ab
784 2434 934 2510 ecnephia.
981 2433 1094 2493 Similis
1120 2433 1231 2511 aliquis
1259 2433 1377 2492 uidetur

228 2524 388 2583 memorari
410 2525 517 2583 uentus
543 2524 576 2581 in
603 2523 669 2582 loco
696 2523 837 2583 lacunosa
864 2522 986 2584 Lucian.
1014 2522 1051 2582 de
1078 2526 1173 2582 morte
1195 2522 1314 2600 Peregr.
1334 2523 1376 2581 43

228 2610 278 2672 καί
306 2609 346 2684 ὡς
373 2608 638 2694 ἕπιταραχθείημεν
666 2620 718 2690 τῆς
746 2610 852 2684 νυκτὸς
879 2610 911 2673 ἐν
939 2608 1016 2697 μέσῳ
1049 2616 1088 2695 τῷ
1113 2610 1228 2694 Αἰγαίῳ
1260 2609 1377 2692 γνόφου

228 2700 410 2781 καταβάντος
433 2698 482 2761 καί
505 2709 585 2779 κῦμα
607 2697 794 2782 παμμέγεθες
816 2698 981 2782 ἐγείραντος
1002 2701 1054 2761 ubi
1072 2701 1242 2762 conferatur
1261 2703 1379 2778 oportet

228 2790 362 2851 Lucretii
385 2792 468 2851 locus
486 2810 508 2850 s.
529 2811 550 2850 s.
570 2824 613 2832 -
629 2790 725 2850 Nauis
748 2791 803 2850 illa
826 2811 916 2868 quam
934 2811 963 2850 u.
984 2792 1046 2851 525
1071 2791 1267 2868 descripserat
1289 2793 1379 2867 poeta

230 2880 318 2941 sicuti
345 2880 472 2941 Luciani
498 2880 554 2942 Isis
584 2880 639 2941 illa
671 2872 786 2961 (nauig.
808 2873 840 2962 7)
869 2881 987 2941 turbine
1019 2883 1133 2941 iactata
1165 2900 1227 2941 esse
1259 2880 1379 2940 uidetur

230 2991 318 3049 quem
339 2991 374 3030 ex
398 2970 497 3029 nimbo
517 2971 675 3030 nusiellum
695 2971 903 3049 appellauerat
920 2970 1057 3031 dominus
1081 2970 1175 3031 nauis.
1212 2969 1297 3029 Vnde
1320 2968 1378 3028 Lu·

230 3061 316 3121 cilius
341 3059 443 3137 Cotyis
466 3060 603 3119 narrauit
626 3059 739 3119 dictum
762 3059 798 3120 de
821 3063 923 3120 austro
946 3064 978 3119 et
1000 3060 1147 3136 aquilone.

320 3141 402 3209 530.
431 3148 545 3208 Nonius
577 3170 606 3226 p.
627 3150 704 3224 513,
729 3150 747 3209 5
782 3145 958 3210 ‘Publioitus
985 3169 1040 3227 pro
1067 3149 1192 3227 publice.
1217 3194 1223 3206 .
1244 3195 1250 3206 .
1271 3195 1276 3206 .
1300 3147 1380 3207 idem

230 3239 280 3298 lib.
301 3238 371 3296 XVI
395 3233 580 3314 “publicitus
603 3239 703 3299 uendit
722 3285 727 3296 .
744 3286 750 3298 .
766 3285 772 3298 .
791 3233 957 3318 ligurris”.'
1000 3241 1045 3299 De
1068 3239 1186 3299 Maenio
1210 3239 1311 3315 aliquo
1330 3239 1381 3314 agi

232 3331 370 3405 apparet:
384 3327 489 3387 randis
502 3328 647 3388 Bentinus
662 3320 708 3409 (in
723 3348 791 3405 app.
806 3348 845 3388 cr.
860 3320 1014 3409 erratum).
1041 3329 1187 3390 Auctione
1201 3328 1281 3388 facta
1296 3326 1380 3403 quid-

158 3470 161 3475 .
232 3417 304 3494 quid
324 3419 478 3496 supererat
495 3417 600 3476 uendit
616 3417 735 3495 publice
755 3418 807 3494 qui
824 3419 912 3496 gulae
931 3419 1089 3479 inseruiat:
1108 3418 1206 3478 Plaut.
1220 3417 1300 3477 Pers.
1317 3416 1380 3476 508

233 3503 280 3566 ‘ea
294 3509 489 3583 oonportatnr
506 3507 618 3584 praeda
636 3510 671 3566 ut
689 3506 742 3566 fiat
756 3509 856 3568 auctio
870 3503 1052 3584 publicitus’.
1080 3507 1210 3586 ligurus,
1225 3508 1269 3567 ita
1282 3506 1381 3565 Plant.

233 3596 318 3674 (lapt.
339 3597 380 3655 84
404 3595 440 3655 de
463 3594 605 3674 parasitis
630 3592 712 3656 ‘dum
734 3598 798 3656 ruri
819 3601 926 3657 rurant
948 3599 1083 3656 homines
1107 3615 1180 3674 quos
1207 3591 1380 3675 ligurriant'

233 3687 346 3746 Ennius
361 3688 393 3746 in
408 3688 516 3746 saturis
531 3678 587 3767 (17
599 3678 641 3766 V)
656 3687 832 3760 obliparrirc
846 3687 930 3754 bono,
951 3706 1038 3763 quem
1052 3687 1188 3746 imitatus
1205 3688 1249 3746 est
1263 3686 1381 3745 Terent.

233 3777 306 3843 Eun.
325 3777 402 3835 235:
426 3775 555 3836 eomedit
577 3776 670 3854 igitur
693 3794 787 3854 ganeo
810 3774 983 3836 Lucilianus
1006 3775 1144 3836 auctione
1171 3777 1252 3836 facta
1274 3775 1384 3834 ultima

232 3865 378 3926 bonorum
400 3865 488 3926 sicuti
512 3865 650 3943 Papirius
673 3866 859 3925 cantherium
882 3885 969 3926 suum
992 3885 1039 3943 ap.
1055 3864 1114 3925 Cio.
1130 3865 1215 3941 epist.
1229 3864 1272 3924 IX
1288 3866 1339 3938 18,
1355 3865 1382 3922 4.

323 3947 407 4017 531.
430 3956 546 4014 Nouius
565 3976 593 4031 p.
606 3957 679 4029 201,
696 3957 715 4013 4
732 3950 821 4033 ‘Oepe
835 3956 951 4033 generis
966 3957 1072 4015 neutri
1098 3954 1234 4014 ...idem
1252 3954 1301 4013 lib.
1312 3953 1384 4013 XVI

234 4039 314 4105 “boc
428 4039 589 4104 serebat'’.’
650 4043 835 4104 Sententiam
876 4044 1018 4105 adhibitis
1061 4045 1226 4120 prouerbiis
1263 4042 1384 4103 Graecis

233 4134 381 4211 explicare
409 4132 525 4192 studuit
553 4132 673 4194 Orusius
696 4110 771 4195 Mrr‘s.
790 4134 883 4193 Rhen.
903 4133 1000 4194 XLIV
1020 4134 1104 4193 1889
1130 4155 1157 4212 p.
1174 4135 1253 4193 448:
1282 4137 1384 4192 tamen

234 4241 269 4282 ea
293 4241 369 4299 quae
393 4223 497 4287 attulit
520 4224 678 4300 prouerbia
700 4244 760 4284 non
781 4225 826 4284 ita
844 4224 955 4284 similia
973 4226 1053 4299 sunt,
1077 4223 1184 4299 quibus
1204 4224 1384 4300 comparatis

234 4314 317 4373 certa
347 4313 461 4371 ratione
493 4332 593 4373 uersus
621 4313 717 4390 possit
743 4316 885 4373 enarrari.
935 4314 1025 4373 Horti
1052 4313 1150 4373 cultor
1176 4314 1299 4389 aliquis,
1332 4313 1384 4389 qui

234 4420 304 4479 cepe
333 4401 461 4476 serebat,
489 4401 565 4461 dixit
591 4403 647 4462 hoc
675 4421 749 4480 opus
777 4404 865 4480 longe
893 4402 975 4462 aliud
1005 4421 1068 4463 esse
1091 4405 1182 4479 atque
1205 4421 1280 4479 opus
1304 4402 1384 4480 agri-
