3060 5010
205 339 283 405 ’222
639 337 728 393 XXVI
746 357 773 393 u.
794 343 944 409 ful-⁵⁹⁶·

217 509 412 570 Consentinos
440 509 618 569 Tarentinos
648 507 763 569 Siculos
795 510 990 587 semigraecos
1020 507 1068 567 uel
1097 507 1224 569 Graecos
1256 510 1370 586 positos

216 617 278 658 esse
300 618 355 675 pro
384 598 554 658 hominibus
582 600 727 658 sermonis
750 597 853 657 Latini
875 617 983 674 parurn
1005 599 1107 677 gnaris
1136 604 1215 658 recte
1243 599 1370 659 adnotat

215 689 385 767 Maduigius
408 688 448 747 ad
471 687 530 747 (lic.
549 688 585 748 dc
608 687 657 746 fin.
676 689 695 747 l.
711 707 733 749 s.
748 707 769 748 s.
789 689 861 748 conf
888 686 947 747 (lic.
970 687 1063 747 diuin.
1082 689 1114 747 in
1134 687 1217 748 (iaec.
1240 690 1291 761 12,
1311 689 1369 749 39:

215 779 400 855 propinquus
427 781 529 837 tamen
557 778 604 837 his
632 779 698 837 erat
727 778 844 854 populis
873 780 962 853 poeta
989 781 1111 854 propter
1141 777 1264 855 praedia
1293 797 1369 853 quae

216 867 322 927 habuit
352 869 384 926 in
418 866 522 926 Sicilia
551 865 634 949 (uide
657 865 695 925 ad
723 887 751 926 u.
776 860 864 948 667),
915 865 1018 926 Cicero
1047 868 1120 926 satis
1149 867 1273 943 superbo
1301 886 1368 926 cou-

216 959 339 1033 tempsit
361 955 471 1015 Lucilii
494 956 684 1016 modestiam:
708 959 812 1016 contra
830 955 931 1016 decem
950 958 1035 1016 anuis
1054 959 1124 1015 aute
1142 958 1175 1014 in
1194 956 1367 1032 prohoemio

215 1045 359 1105 librorum
382 1045 419 1106 da
441 1045 594 1122 republica
621 1048 698 1106 teste
721 1044 819 1105 Plinio
843 1047 935 1104 simili
957 1065 1028 1106 usus
1051 1049 1117 1104 erat
1137 1044 1284 1105 modestia
1308 1064 1369 1122 qua

216 1134 363 1211 Lucilius,
397 1155 484 1212 quem
516 1135 718 1212 compluribus
749 1135 883 1195 uersibus
916 1135 952 1194 de
982 1134 1141 1195 lectoribus
1176 1137 1237 1195 suis
1273 1138 1369 1213 egisse

217 1228 350 1303 apparet.
392 1225 482 1302 Apud
501 1223 632 1284 Plinium
651 1243 754 1284 uersus
772 1224 881 1285 Lucilii
900 1227 1034 1302 corrupti
1051 1227 1134 1285 sunt:
1155 1227 1187 1284 iu
1206 1227 1369 1302 posteriore

216 1334 304 1374 uersu
328 1313 410 1375 deest
432 1313 549 1390 syllaba
571 1316 669 1388 initio,
693 1316 800 1390 prioris
823 1332 925 1373 uersus
949 1316 1045 1374 exitus
1063 1318 1212 1392 repugnat
1229 1317 1368 1375 numeris.

216 1403 311 1474 ouem
334 1404 491 1463 emendaui
513 1404 621 1464 leuiter
643 1403 771 1463 traditas
795 1423 907 1483 augens
924 1404 1055 1464 litteras:
1078 1406 1167 1463 sicuti
1190 1406 1369 1463 sescentiens

216 1513 271 1570 pro
294 1493 389 1554 luctus
411 1495 607 1552 restituerunt
630 1493 759 1563 budius,
786 1495 832 1552 its
854 1512 909 1569 pro
931 1495 1064 1552 manium
1087 1495 1174 1569 posui
1197 1494 1368 1553 Manilium.

215 1583 255 1642 M.
269 1582 429 1642 Manilium
449 1601 506 1642 cos.
528 1579 675 1662 sossius
700 1583 736 1643 de
755 1602 815 1659 quo
835 1580 949 1642 Gellius
968 1582 1055 1641 XVII
1076 1585 1104 1655 7,
1124 1583 1142 1641 3
1164 1577 1209 1653 ‘Q.
1225 1582 1369 1643 Scaeuola

216 1673 333 1749 patrem
365 1691 452 1732 suum
484 1675 515 1730 et
545 1671 673 1731 Brutum
705 1675 736 1732 et
767 1671 938 1745 Manilium,
976 1674 1057 1733 uiros
1090 1672 1223 1748 adprime
1255 1672 1368 1749 doctos,

216 1763 365 1836 quaesisse
389 1757 444 1820 ait’
464 1779 489 1820 e.
503 1780 530 1837 q.
546 1780 568 1820 s.
592 1759 712 1820 uidetur
735 1763 888 1821 nominare
918 1764 1022 1838 pocta,
1052 1761 1215 1820 Aemiliani
1237 1764 1367 1821 amicum

215 1843 291 1934 (die.
311 1851 347 1909 de
366 1869 426 1927 rep.
441 1851 457 1909 1
473 1852 513 1909 18
529 1854 601 1910 extr.
616 1849 834 1910 Hirschfeldius
849 1848 1016 1928 Sitzungsb.
1031 1850 1058 1910 d.
1073 1850 1151 1910 lieri.
1165 1850 1261 1909 ulau.
1279 1853 1364 1911 1903

216 1960 244 2016 p.
262 1933 309 2021 1):
328 1957 509 2017 quamquam
523 1939 707 2017 probabilius
721 1943 775 2014 est,
790 1942 927 2017 ignotum
941 1939 1090 2000 hominem
1104 1958 1167 2000 esse
1182 1941 1368 2016 appellatum

216 2048 234 2088 a
257 2027 373 2089 Lucilio
401 2029 481 2105 ideo,
510 2029 589 2106 quod
617 2030 680 2088 eius
708 2048 815 2089 nomeu
839 2028 942 2088 Cicero
968 2029 1004 2087 de
1026 2028 1076 2087 fin.
1094 2029 1114 2087 l.
1134 2048 1156 2088 s.
1179 2048 1239 2089 nou
1263 2031 1369 2089 attulit

216 2121 295 2178 inter
317 2118 413 2179 Persii
434 2119 544 2177 Rutilii
562 2117 711 2194 Scipionis
729 2119 859 2178 uomina.
901 2118 937 2177 D.
956 2117 1076 2178 Laelius
1101 2119 1167 2194 quis
1186 2117 1284 2195 fuerit,
1308 2138 1367 2178 nou

216 2211 341 2268 constat.
392 2206 478 2278 Quod
501 2207 536 2267 D.
551 2207 686 2267 Laelium
715 2208 863 2284 quendam
890 2206 990 2268 Valer.
1014 2207 1091 2266 Mar.
1110 2207 1154 2265 IV
1175 2211 1206 2278 7,
1232 2210 1249 2265 7
1282 2210 1368 2284 ponit

216 2298 383 2373 exemplum
410 2299 500 2357 amici
523 2300 645 2376 egregii,
672 2299 716 2356 nil
744 2297 781 2357 ad
809 2317 884 2372 reru,
908 2316 978 2357 uam
1002 2315 1114 2357 errasse
1137 2316 1205 2356 eum
1227 2296 1258 2355 in
1281 2316 1367 2374 prae-

216 2389 336 2447 nomine
360 2389 518 2463 suspiceris
541 2387 608 2448 coll.
626 2387 743 2446 Velleio
761 2387 791 2445 Π
813 2389 885 2446 127.
931 2386 976 2446 De
1005 2387 1093 2445 Iunio
1117 2384 1218 2464 Congo
1241 2387 1368 2447 Rothius

215 2476 290 2536 Mus.
318 2476 411 2536 Rhcu.
434 2476 510 2536 VHI
535 2479 619 2536 1853
648 2498 677 2554 p.
697 2477 761 2536 615
792 2477 862 2555 egit.
913 2476 1061 2535 Antonius
1089 2478 1167 2534 enim
1195 2479 1297 2536 orator
1320 2496 1367 2553 ap.

217 2565 276 2627 Cic.
297 2566 333 2626 de
352 2569 426 2626 orat.
446 2565 461 2624 Ι
481 2568 544 2626 256
566 2561 693 2644 ‘reliqua
712 2584 782 2626 uero
803 2566 1025 2626 ...historiam
1044 2564 1110 2624 dico
1129 2569 1160 2625 et
1177 2564 1367 2643 prudentiam

215 2658 289 2716 iuris
321 2655 434 2733 publici
466 2660 497 2715 et
528 2656 718 2732 antiquitatis
750 2656 854 2716 literas
886 2646 959 2738 (iter
990 2647 1078 2736 codd)
1109 2658 1139 2714 et
1166 2656 1367 2732 exemplorum

216 2748 347 2822 copiam,
379 2747 406 2804 si
437 2744 555 2823 quando
583 2764 659 2822 opus
686 2747 799 2819 erit,a
826 2747 892 2804 uiro
920 2744 1033 2821 optimo
1060 2748 1092 2803 et
1118 2746 1185 2804 istis
1212 2744 1300 2804 rebus
1322 2747 1366 2805 in·

215 2835 412 2896 structissimo
436 2835 579 2894 familiari
602 2854 668 2894 meo
692 2832 794 2913 Oougo
816 2829 987 2894 mutuabor'
1011 2832 1063 2893 ubi
1086 2835 1169 2908 imago
1193 2833 1282 2909 codd,
1314 2835 1366 2894 sed

215 2926 240 2986 is
264 2927 317 3001 qui
335 2924 550 3002 llrlangensem
573 2925 725 3000 suppleuit
748 2923 888 2983 librarius
911 2925 1032 3001 scripsit
1049 2940 1144 2998 conge,
1168 2923 1246 2983 uude
1269 2923 1366 3000 Congo

215 3018 294 3074 reete
318 3013 455 3073 editores.
496 3014 584 3072 Anno
604 3007 729 3092 663s91
755 3015 850 3091 igitur
867 3013 968 3073 floruit
987 3016 1064 3073 teste
1084 3011 1222 3072 cicerone
1249 3013 1366 3094 (longus

215 3102 380 3163 studiorum
399 3102 486 3163 laude
506 3105 537 3162 et
554 3103 663 3181 gloria:
687 3121 766 3162 auno
787 3097 911 3181 700l54
931 3105 1067 3162 mortuus
1085 3105 1152 3162 erat
1169 3105 1245 3163 teste
1263 3103 1366 3163 eodem

215 3211 270 3269 pro
293 3191 392 3251 Plane.
414 3194 454 3252 58
480 3187 525 3251 ‘ln
550 3211 618 3268 quo,
642 3191 735 3266 Cassi,
762 3194 788 3253 si
811 3191 869 3252 tibi
890 3194 934 3252 ita
957 3191 1160 3269 respondeum,
1184 3193 1312 3252 nescisse
1335 3193 1367 3252 id

214 3280 358 3358 populum
377 3281 553 3357 Romanum,
572 3301 667 3358 neque
686 3282 785 3357 fuisse,
803 3284 857 3360 qui
872 3281 904 3341 id
924 3283 1009 3341 nobis
1027 3285 1172 3358 narraret,
1190 3284 1366 3359 praesertim
1386 3341 1389 3363 ,

214 3372 333 3430 mortuo
358 3369 467 3448 Congo,
497 3390 570 3446 uon,
593 3374 628 3430 ut
650 3373 769 3448 opinor,
792 3372 951 3448 admirere,
974 3391 1041 3431 cum
1065 3391 1120 3450 ego
1143 3374 1207 3449 ipse
1230 3391 1291 3431 uon
1314 3372 1366 3432 ab·

215 3459 338 3519 horrens
369 3478 388 3519 a
419 3460 518 3520 studio
551 3463 741 3537 antiquitatis
763 3481 810 3520 me
833 3461 881 3521 hic
908 3462 940 3520 id
967 3479 1003 3520 er
1030 3465 1060 3520 te
1087 3462 1217 3539 primum
1248 3461 1366 3521 audisse

215 3545 367 3608 confitear’
393 3549 444 3609 ubi
467 3551 541 3625 long.
560 3550 609 3610 uel
631 3552 714 3626 longe
736 3549 820 3624 codd,
843 3550 895 3609 sed
918 3568 1003 3610 conco
1026 3570 1133 3610 nomen
1156 3550 1202 3610 bis
1220 3553 1365 3627 scriptum

215 3641 244 3697 in
276 3639 366 3698 schol.
381 3638 454 3699 Bob.
474 3658 500 3698 a.
520 3639 548 3700 lu
567 3640 586 3698 l.
604 3660 633 3717 p.
655 3641 718 3698 264
750 3637 798 3698 Or.
828 3634 930 3715 ‘atque
961 3639 1028 3700 ideo
1060 3640 1241 3700 mentionem
1274 3639 1365 3700 Conci

214 3729 334 3788 uidetur
360 3730 586 3806 interposuisse,
614 3724 727 3807 qui<a>
756 3748 810 3806 per
837 3728 912 3788 illud
935 3732 1052 3806 tempus
1075 3729 1253 3804 decesserat,
1276 3731 1365 3789 homo

215 3820 348 3880 curiosus
385 3821 416 3878 et
454 3819 581 3898 diligens
614 3818 760 3878 eruendae
792 3820 962 3879 uetustatis.
1011 3817 1091 3878 Nam
1118 3814 1288 3880 historicus'

215 3909 331 3987 reliqua
350 3909 466 3984 desunt,
482 3907 679 3985 supplendum
698 3910 744 3968 est
757 3911 859 3985 aperte
871 3910 931 3983 fue't
945 3908 1058 3969 conae
1072 3908 1191 3968 similia.
1229 3906 1365 3986 Congum

214 3999 302 4059 modo
317 3999 482 4074 decessisse,
500 4015 567 4056 cum
582 3995 683 4057 Cicero
702 4016 757 4074 pro
771 3996 894 4058 Plancio
908 3998 1028 4073 diceret,
1047 3998 1091 4057 nil
1109 3999 1168 4058 nisi
1186 3997 1365 4059 scholiastae

215 4090 262 4148 est
279 4088 421 4163 suspicior
444 4086 604 4148 admodum
622 4086 775 4163 probabile
794 4089 840 4147 est
856 4087 977 4147 Iunium
996 4086 1131 4166 Congum
1149 4088 1237 4147 illum
1254 4086 1365 4148 Lucilii

215 4177 339 4237 eundem
359 4196 421 4237 esse
439 4178 599 4253 hominem,
616 4177 684 4237 ideo
702 4178 773 4253 quia
786 4195 950 4257 cognomen
964 4179 1096 4237 omnium
1111 4179 1157 4237 est
1170 4178 1363 4237 rarissimum.

216 4264 327 4336 Quodsi
362 4285 468 4325 uerum
504 4269 562 4343 ost,
599 4285 676 4326 anno
715 4260 877 4346 623l131,
914 4286 973 4344 quo
1010 4270 1071 4328 fere
1105 4271 1239 4344 tempore
1271 4267 1364 4329 libros

215 4353 440 4415 XXVI-XXX
467 4358 587 4432 scripsit
613 4355 761 4432 Lucilius,
788 4355 1028 4416 adulescentulus
1054 4357 1106 4416 ille
1136 4359 1202 4417 erat
1225 4357 1286 4416 sere
1309 4357 1364 4416 XX

216 4462 369 4518 annorum,
388 4444 530 4504 historiae
550 4448 580 4504 et
598 4446 789 4522 antiquitatis
807 4445 968 4521 studiosus,
986 4464 1082 4522 neque
1094 4450 1197 4505 tamen
1211 4446 1363 4505 doctrinae
