<?xml version="1.0" encoding="UTF-8"?>
<!DOCTYPE html PUBLIC "-//W3C//DTD XHTML 1.0 Transitional//EN"
    "http://www.w3.org/TR/xhtml1/DTD/xhtml1-transitional.dtd">
<html xmlns="http://www.w3.org/1999/xhtml" xml:lang="en" lang="en">
 <head>
  <title>
</title>
<meta http-equiv="Content-Type" content="text/html;charset=utf-8" />
  <meta name='ocr-system' content='tesseract 3.04.00' />
  <meta name='ocr-capabilities' content='ocr_page ocr_carea ocr_par ocr_line ocrx_word'/>
</head>
<body>
  <div class='ocr_page' id='page_1' title='image "./cluciliicarminu00lucigoog_0457.png"; bbox 0 0 3000 5002; ppageno 0'>
   <div class='ocr_carea' id='block_1_1' title="bbox 205 323 997 389">
    <p class='ocr_par' dir='ltr' id='par_1_1' title="bbox 205 323 997 389">
     <span class='ocr_line' id='line_1_1' title="bbox 205 323 997 389; baseline -0.005 -8"><span class='ocrx_word' id='word_1_1' title='bbox 205 326 272 389; x_wconf 72' lang='grc'>424</span> <span class='ocrx_word' id='word_1_2' title='bbox 571 325 668 381; x_wconf 76' lang='lat' dir='ltr'>insert.</span> <span class='ocrx_word' id='word_1_3' title='bbox 688 323 749 378; x_wconf 78' lang='grc' dir='ltr'><strong>ιιι·</strong></span> <span class='ocrx_word' id='word_1_4' title='bbox 765 342 792 378; x_wconf 98' lang='grc' dir='ltr'>ιι.</span> <span class='ocrx_word' id='word_1_5' title='bbox 813 324 997 378; x_wconf 76' lang='lat' dir='ltr'>tete-rm</span> 
     </span>
    </p>
   </div>
   <div class='ocr_carea' id='block_1_2' title="bbox 206 491 1360 1646">
    <p class='ocr_par' dir='ltr' id='par_1_2' title="bbox 206 491 1356 606">
     <span class='ocr_line' id='line_1_2' title="bbox 206 491 1356 606; baseline -0.002 -52"><span class='ocrx_word' id='word_1_6' title='bbox 206 497 238 554; x_wconf 89' lang='lat' dir='ltr'>iu</span> <span class='ocrx_word' id='word_1_7' title='bbox 278 495 517 571; x_wconf 90' lang='lat' dir='ltr'>comparatione</span> <span class='ocrx_word' id='word_1_8' title='bbox 541 494 654 586; x_wconf 87' lang='lat' dir='ltr'>diuersi</span> <span class='ocrx_word' id='word_1_9' title='bbox 699 491 815 571; x_wconf 86' lang='lat' dir='ltr'>generis</span> <span class='ocrx_word' id='word_1_10' title='bbox 859 511 907 569; x_wconf 90' lang='lat' dir='ltr'>ap.</span> <span class='ocrx_word' id='word_1_11' title='bbox 930 493 1009 552; x_wconf 85' lang='lat' dir='ltr'>Plut</span> <span class='ocrx_word' id='word_1_12' title='bbox 1033 511 1142 569; x_wconf 90' lang='lat' dir='ltr'>praec.</span> <span class='ocrx_word' id='word_1_13' title='bbox 1152 497 1224 606; x_wconf 87' lang='lat' dir='ltr'>g&#39;er</span> <span class='ocrx_word' id='word_1_14' title='bbox 1228 493 1309 570; x_wconf 88' lang='lat' dir='ltr'>reip</span> <span class='ocrx_word' id='word_1_15' title='bbox 1336 495 1356 552; x_wconf 83' lang='grc'>3</span> 
     </span>
    </p>

    <p class='ocr_par' dir='ltr' id='par_1_3' title="bbox 206 665 1360 1646">
     <span class='ocr_line' id='line_1_3' title="bbox 299 665 1359 750; baseline -0.003 -17"><span class='ocrx_word' id='word_1_16' title='bbox 299 665 404 734; x_wconf 76' lang='lat'>1321.</span> <span class='ocrx_word' id='word_1_17' title='bbox 437 673 552 733; x_wconf 89' lang='lat' dir='ltr'>Nonius</span> <span class='ocrx_word' id='word_1_18' title='bbox 582 688 617 732; x_wconf 82' lang='lat' dir='ltr'>ex</span> <span class='ocrx_word' id='word_1_19' title='bbox 654 672 849 750; x_wconf 80' lang='lat' dir='ltr'>grammatico</span> <span class='ocrx_word' id='word_1_20' title='bbox 876 691 905 748; x_wconf 91' lang='lat' dir='ltr'>p</span> <span class='ocrx_word' id='word_1_21' title='bbox 926 667 1209 745; x_wconf 74' lang='lat' dir='ltr'>43‚15&#39;‘v0rnas</span> <span class='ocrx_word' id='word_1_22' title='bbox 1240 674 1359 732; x_wconf 80' lang='grc' dir='ltr'><strong>ιιιιιιι</strong></span> 
     </span>
     <span class='ocr_line' id='line_1_4' title="bbox 206 760 1360 840; baseline -0.003 -16"><span class='ocrx_word' id='word_1_23' title='bbox 206 762 401 840; x_wconf 81' lang='lat' dir='ltr'>appellabant</span> <span class='ocrx_word' id='word_1_24' title='bbox 423 765 478 839; x_wconf 91' lang='lat' dir='ltr'>qui</span> <span class='ocrx_word' id='word_1_25' title='bbox 499 783 568 822; x_wconf 87' lang='lat' dir='ltr'>uere</span> <span class='ocrx_word' id='word_1_26' title='bbox 592 766 676 822; x_wconf 79' lang='lat' dir='ltr'>sacro</span> <span class='ocrx_word' id='word_1_27' title='bbox 699 762 819 822; x_wconf 84' lang='lat' dir='ltr'>fuerant</span> <span class='ocrx_word' id='word_1_28' title='bbox 841 761 914 836; x_wconf 90' lang='lat' dir='ltr'>nati,</span> <span class='ocrx_word' id='word_1_29' title='bbox 937 764 968 820; x_wconf 93' lang='lat' dir='ltr'>et</span> <span class='ocrx_word' id='word_1_30' title='bbox 984 760 1155 821; x_wconf 74' lang='lat' dir='ltr'><strong>habebatur</strong></span> <span class='ocrx_word' id='word_1_31' title='bbox 1173 779 1281 825; x_wconf 86' lang='lat' dir='ltr'>nomen</span> <span class='ocrx_word' id='word_1_32' title='bbox 1299 760 1360 820; x_wconf 90' lang='lat' dir='ltr'>hoc</span> 
     </span>
     <span class='ocr_line' id='line_1_5' title="bbox 207 844 1358 929; baseline -0.003 -17"><span class='ocrx_word' id='word_1_33' title='bbox 207 871 261 929; x_wconf 89' lang='lat' dir='ltr'>pro</span> <span class='ocrx_word' id='word_1_34' title='bbox 289 851 409 912; x_wconf 80' lang='lat' dir='ltr'>uitabili</span> <span class='ocrx_word' id='word_1_35' title='bbox 423 851 604 912; x_wconf 86' lang='lat' dir='ltr'>maledicto.</span> <span class='ocrx_word' id='word_1_36' title='bbox 629 846 883 910; x_wconf 80' lang='lat' dir='ltr'>...Lucilius“</span> <span class='ocrx_word' id='word_1_37' title='bbox 885 868 980 910; x_wconf 80' lang='lat' dir='ltr'>uerno</span> <span class='ocrx_word' id='word_1_38' title='bbox 1006 867 1088 910; x_wconf 86' lang='lat' dir='ltr'>aecer</span> <span class='ocrx_word' id='word_1_39' title='bbox 1114 853 1195 924; x_wconf 79' lang='lat' dir='ltr'>cupit</span> <span class='ocrx_word' id='word_1_40' title='bbox 1220 844 1358 923; x_wconf 59' lang='lat' dir='ltr'>beccam</span> <span class='ocrx_word' id='word_1_41' title='bbox 1339 894 1346 908; x_wconf 93' lang='lat'><strong>.</strong></span> 
     </span>
     <span class='ocr_line' id='line_1_6' title="bbox 206 938 1359 1016; baseline -0.002 -16"><span class='ocrx_word' id='word_1_42' title='bbox 206 958 330 1001; x_wconf 79' lang='lat' dir='ltr'>uernam</span> <span class='ocrx_word' id='word_1_43' title='bbox 353 959 388 1001; x_wconf 88' lang='lat' dir='ltr'>cc</span> <span class='ocrx_word' id='word_1_44' title='bbox 417 942 626 1015; x_wconf 69' lang='lat' dir='ltr'>cercopithecon</span> <span class='ocrx_word' id='word_1_45' title='bbox 648 939 803 999; x_wconf 80' lang='lat' dir='ltr'>Mereor-us.</span> <span class='ocrx_word' id='word_1_46' title='bbox 856 939 954 999; x_wconf 77' lang='lat' dir='ltr'>Verere</span> <span class='ocrx_word' id='word_1_47' title='bbox 980 957 1035 1016; x_wconf 89' lang='lat' dir='ltr'>pro</span> <span class='ocrx_word' id='word_1_48' title='bbox 1062 941 1197 1000; x_wconf 88' lang='lat' dir='ltr'>conuicio</span> <span class='ocrx_word' id='word_1_49' title='bbox 1223 938 1359 1016; x_wconf 89' lang='lat' dir='ltr'>positum</span> 
     </span>
     <span class='ocr_line' id='line_1_7' title="bbox 207 1024 1360 1107; baseline -0.002 -17"><span class='ocrx_word' id='word_1_50' title='bbox 207 1047 272 1091; x_wconf 85' lang='lat' dir='ltr'>esse</span> <span class='ocrx_word' id='word_1_51' title='bbox 287 1029 415 1090; x_wconf 79' lang='lat' dir='ltr'>adnotet</span> <span class='ocrx_word' id='word_1_52' title='bbox 433 1030 548 1089; x_wconf 89' lang='lat' dir='ltr'>Nonius</span> <span class='ocrx_word' id='word_1_53' title='bbox 567 1048 614 1107; x_wconf 87' lang='lat' dir='ltr'>ep.</span> <span class='ocrx_word' id='word_1_54' title='bbox 632 1028 734 1088; x_wconf 86' lang='lat' dir='ltr'>Plant.</span> <span class='ocrx_word' id='word_1_55' title='bbox 753 1028 902 1106; x_wconf 76' lang='lat' dir='ltr'>Amphitr.</span> <span class='ocrx_word' id='word_1_56' title='bbox 923 1030 996 1088; x_wconf 82' lang='grc'><strong>179.</strong></span> <span class='ocrx_word' id='word_1_57' title='bbox 1017 1030 1103 1088; x_wconf 82' lang='grc'><strong>1033</strong></span> <span class='ocrx_word' id='word_1_58' title='bbox 1124 1024 1204 1088; x_wconf 84' lang='lat' dir='ltr'>‘cum</span> <span class='ocrx_word' id='word_1_59' title='bbox 1221 1030 1360 1089; x_wconf 64' lang='lat' dir='ltr'>cruciatu</span> 
     </span>
     <span class='ocr_line' id='line_1_8' title="bbox 206 1113 1359 1195; baseline -0.001 -16"><span class='ocrx_word' id='word_1_60' title='bbox 206 1125 259 1179; x_wconf 90' lang='lat' dir='ltr'>tuo</span> <span class='ocrx_word' id='word_1_61' title='bbox 282 1122 376 1180; x_wconf 88' lang='lat' dir='ltr'>istaec</span> <span class='ocrx_word' id='word_1_62' title='bbox 403 1119 506 1193; x_wconf 83' lang='lat' dir='ltr'>hodie,</span> <span class='ocrx_word' id='word_1_63' title='bbox 533 1138 638 1195; x_wconf 87' lang='lat' dir='ltr'>uerna,</span> <span class='ocrx_word' id='word_1_64' title='bbox 666 1117 758 1179; x_wconf 89' lang='lat' dir='ltr'>uerba</span> <span class='ocrx_word' id='word_1_65' title='bbox 785 1113 945 1178; x_wconf 82' lang='lat' dir='ltr'>funditas&#39;:</span> <span class='ocrx_word' id='word_1_66' title='bbox 974 1118 1096 1178; x_wconf 88' lang='lat' dir='ltr'>uidetur</span> <span class='ocrx_word' id='word_1_67' title='bbox 1117 1118 1227 1178; x_wconf 86' lang='lat' dir='ltr'>Lucilii</span> <span class='ocrx_word' id='word_1_68' title='bbox 1254 1136 1359 1178; x_wconf 86' lang='lat' dir='ltr'>uersus</span> 
     </span>
     <span class='ocr_line' id='line_1_9' title="bbox 208 1207 1360 1288; baseline -0.003 -18"><span class='ocrx_word' id='word_1_69' title='bbox 208 1211 322 1288; x_wconf 89' lang='lat' dir='ltr'>positus</span> <span class='ocrx_word' id='word_1_70' title='bbox 356 1228 404 1285; x_wconf 87' lang='lat' dir='ltr'>ap.</span> <span class='ocrx_word' id='word_1_71' title='bbox 437 1209 568 1269; x_wconf 85' lang='lat' dir='ltr'>Nonium</span> <span class='ocrx_word' id='word_1_72' title='bbox 599 1210 679 1268; x_wconf 90' lang='lat' dir='ltr'>inter</span> <span class='ocrx_word' id='word_1_73' title='bbox 708 1207 767 1267; x_wconf 91' lang='lat' dir='ltr'>duo</span> <span class='ocrx_word' id='word_1_74' title='bbox 799 1207 901 1268; x_wconf 89' lang='lat' dir='ltr'>Plauti</span> <span class='ocrx_word' id='word_1_75' title='bbox 936 1225 1040 1268; x_wconf 88' lang='lat' dir='ltr'>uersus</span> <span class='ocrx_word' id='word_1_76' title='bbox 1077 1209 1109 1266; x_wconf 87' lang='lat' dir='ltr'>in</span> <span class='ocrx_word' id='word_1_77' title='bbox 1143 1209 1360 1267; x_wconf 86' lang='lat' dir='ltr'>commentario</span> 
     </span>
     <span class='ocr_line' id='line_1_10' title="bbox 207 1296 1359 1376; baseline -0.001 -17"><span class='ocrx_word' id='word_1_78' title='bbox 207 1299 437 1376; x_wconf 84' lang='lat' dir='ltr'>Amphitruonis</span> <span class='ocrx_word' id='word_1_79' title='bbox 459 1298 551 1358; x_wconf 84' lang='lat' dir='ltr'>tuisse</span> <span class='ocrx_word' id='word_1_80' title='bbox 564 1296 743 1375; x_wconf 88' lang='lat' dir='ltr'>adscriptus</span> <span class='ocrx_word' id='word_1_81' title='bbox 767 1296 805 1357; x_wconf 90' lang='lat' dir='ltr'>ad</span> <span class='ocrx_word' id='word_1_82' title='bbox 826 1317 854 1356; x_wconf 91' lang='lat' dir='ltr'>u.</span> <span class='ocrx_word' id='word_1_83' title='bbox 876 1299 947 1358; x_wconf 86' lang='grc'><strong>179.</strong></span> <span class='ocrx_word' id='word_1_84' title='bbox 984 1297 1118 1357; x_wconf 79' lang='lat' dir='ltr'>Lucilius</span> <span class='ocrx_word' id='word_1_85' title='bbox 1137 1299 1231 1375; x_wconf 89' lang='lat' dir='ltr'>igitur</span> <span class='ocrx_word' id='word_1_86' title='bbox 1248 1296 1359 1358; x_wconf 87' lang='lat' dir='ltr'>descri-</span> 
     </span>
     <span class='ocr_line' id='line_1_11' title="bbox 208 1383 1360 1464; baseline -0.002 -17"><span class='ocrx_word' id='word_1_87' title='bbox 208 1389 254 1449; x_wconf 92' lang='lat' dir='ltr'>bit</span> <span class='ocrx_word' id='word_1_88' title='bbox 275 1383 425 1448; x_wconf 87' lang='lat' dir='ltr'>hominem</span> <span class='ocrx_word' id='word_1_89' title='bbox 449 1405 604 1464; x_wconf 83' lang='lat' dir='ltr'>procacem</span> <span class='ocrx_word' id='word_1_90' title='bbox 628 1390 658 1446; x_wconf 91' lang='lat' dir='ltr'>et</span> <span class='ocrx_word' id='word_1_91' title='bbox 676 1390 800 1463; x_wconf 71' lang='lat' dir='ltr'>¹turpem</span> <span class='ocrx_word' id='word_1_92' title='bbox 818 1387 916 1464; x_wconf 80' lang='lat' dir='ltr'>quella</span> <span class='ocrx_word' id='word_1_93' title='bbox 935 1387 1094 1446; x_wconf 87' lang='lat' dir='ltr'>est&#39;simia.</span> <span class='ocrx_word' id='word_1_94' title='bbox 1113 1418 1159 1427; x_wconf 89' lang='lat'><em>-</em></span> <span class='ocrx_word' id='word_1_95' title='bbox 1174 1386 1360 1462; x_wconf 70' lang='lat' dir='ltr'>oermpithe</span> 
     </span>
     <span class='ocr_line' id='line_1_12' title="bbox 208 1467 1359 1556; baseline -0.003 -19"><span class='ocrx_word' id='word_1_96' title='bbox 208 1494 258 1538; x_wconf 91' lang='lat' dir='ltr'>oos</span> <span class='ocrx_word' id='word_1_97' title='bbox 277 1481 323 1537; x_wconf 88' lang='lat' dir='ltr'>est</span> <span class='ocrx_word' id='word_1_98' title='bbox 341 1477 444 1536; x_wconf 87' lang='lat' dir='ltr'>simiae</span> <span class='ocrx_word' id='word_1_99' title='bbox 464 1493 557 1554; x_wconf 85' lang='lat' dir='ltr'>genus</span> <span class='ocrx_word' id='word_1_100' title='bbox 575 1477 608 1535; x_wconf 88' lang='lat' dir='ltr'>in</span> <span class='ocrx_word' id='word_1_101' title='bbox 621 1476 762 1553; x_wconf 80' lang='lat' dir='ltr'>Aegypto</span> <span class='ocrx_word' id='word_1_102' title='bbox 780 1469 864 1556; x_wconf 86' lang='lat' dir='ltr'>(uide</span> <span class='ocrx_word' id='word_1_103' title='bbox 883 1475 1061 1553; x_wconf 73' lang='lat' dir='ltr'>interpretes</span> <span class='ocrx_word' id='word_1_104' title='bbox 1081 1474 1118 1536; x_wconf 87' lang='grc' dir='ltr'>ιι</span> <span class='ocrx_word' id='word_1_105' title='bbox 1132 1475 1236 1535; x_wconf 87' lang='lat' dir='ltr'>quen.</span> <span class='ocrx_word' id='word_1_106' title='bbox 1250 1472 1307 1534; x_wconf 86' lang='lat' dir='ltr'>XV</span> <span class='ocrx_word' id='word_1_107' title='bbox 1323 1467 1359 1554; x_wconf 80' lang='lat'>4)</span> 
     </span>
     <span class='ocr_line' id='line_1_13' title="bbox 208 1557 1360 1646; baseline -0.001 -21"><span class='ocrx_word' id='word_1_108' title='bbox 208 1569 240 1625; x_wconf 90' lang='lat' dir='ltr'>et</span> <span class='ocrx_word' id='word_1_109' title='bbox 266 1566 428 1642; x_wconf 75' lang='lat' dir='ltr'>Aethiopia</span> <span class='ocrx_word' id='word_1_110' title='bbox 458 1560 548 1646; x_wconf 90' lang='lat' dir='ltr'>(Plin.</span> <span class='ocrx_word' id='word_1_111' title='bbox 568 1568 629 1624; x_wconf 88' lang='lat' dir='ltr'>nat</span> <span class='ocrx_word' id='word_1_112' title='bbox 648 1565 718 1626; x_wconf 83' lang='lat' dir='ltr'>hist</span> <span class='ocrx_word' id='word_1_113' title='bbox 737 1565 811 1624; x_wconf 83' lang='lat' dir='ltr'>VIII</span> <span class='ocrx_word' id='word_1_114' title='bbox 831 1557 900 1646; x_wconf 79' lang='grc'>72);</span> <span class='ocrx_word' id='word_1_115' title='bbox 938 1566 1030 1625; x_wconf 91' lang='lat' dir='ltr'>etiam</span> <span class='ocrx_word' id='word_1_116' title='bbox 1066 1567 1098 1624; x_wconf 93' lang='grc' dir='ltr'>ιιι</span> <span class='ocrx_word' id='word_1_117' title='bbox 1128 1564 1216 1624; x_wconf 89' lang='lat' dir='ltr'>India</span> <span class='ocrx_word' id='word_1_118' title='bbox 1246 1564 1360 1624; x_wconf 82' lang='lat' dir='ltr'>bestias</span> 
     </span>
    </p>
   </div>
   <div class='ocr_carea' id='block_1_3' title="bbox 205 1647 1471 1734">
    <p class='ocr_par' dir='ltr' id='par_1_4' title="bbox 205 1647 1471 1734">
     <span class='ocr_line' id='line_1_14' title="bbox 205 1647 1471 1734; baseline -0.002 -19"><span class='ocrx_word' id='word_1_119' title='bbox 205 1656 284 1716; x_wconf 87' lang='lat' dir='ltr'>tales</span> <span class='ocrx_word' id='word_1_120' title='bbox 307 1656 391 1733; x_wconf 80' lang='lat' dir='ltr'>gigni</span> <span class='ocrx_word' id='word_1_121' title='bbox 414 1658 519 1714; x_wconf 89' lang='lat' dir='ltr'>narrat</span> <span class='ocrx_word' id='word_1_122' title='bbox 537 1654 635 1714; x_wconf 84' lang='lat' dir='ltr'>Strab.</span> <span class='ocrx_word' id='word_1_123' title='bbox 654 1654 709 1713; x_wconf 89' lang='lat' dir='ltr'>XV</span> <span class='ocrx_word' id='word_1_124' title='bbox 728 1672 758 1733; x_wconf 92' lang='lat' dir='ltr'>p.</span> <span class='ocrx_word' id='word_1_125' title='bbox 772 1653 842 1715; x_wconf 72' lang='lat' dir='ltr'>v699</span> <span class='ocrx_word' id='word_1_126' title='bbox 857 1656 923 1713; x_wconf 87' lang='lat' dir='ltr'>init</span> <span class='ocrx_word' id='word_1_127' title='bbox 958 1647 1155 1714; x_wconf 83' lang='lat' dir='ltr'>&#39;Vocabulum</span> <span class='ocrx_word' id='word_1_128' title='bbox 1183 1653 1362 1714; x_wconf 84' lang='lat' dir='ltr'>fiotumest</span> <span class='ocrx_word' id='word_1_129' title='bbox 1467 1727 1471 1734; x_wconf 25' lang='grc' dir='ltr'>Ι</span> 
     </span>
    </p>
   </div>
   <div class='ocr_carea' id='block_1_4' title="bbox 208 1743 1362 2176">
    <p class='ocr_par' dir='ltr' id='par_1_5' title="bbox 208 1743 1362 2091">
     <span class='ocr_line' id='line_1_15' title="bbox 208 1743 1361 1824; baseline -0.001 -21"><span class='ocrx_word' id='word_1_130' title='bbox 208 1748 243 1803; x_wconf 89' lang='grc' dir='ltr'>ιιι</span> <span class='ocrx_word' id='word_1_131' title='bbox 265 1744 492 1824; x_wconf 76' lang='grc' dir='ltr'><strong>χοιροπίθηκοςι</strong></span> <span class='ocrx_word' id='word_1_132' title='bbox 519 1744 600 1822; x_wconf 86' lang='lat' dir='ltr'>apud</span> <span class='ocrx_word' id='word_1_133' title='bbox 630 1744 780 1804; x_wconf 85' lang='lat' dir='ltr'>Lucilium</span> <span class='ocrx_word' id='word_1_134' title='bbox 806 1745 936 1820; x_wconf 87' lang='lat' dir='ltr'>primum</span> <span class='ocrx_word' id='word_1_135' title='bbox 963 1743 1084 1803; x_wconf 89' lang='lat' dir='ltr'>uidetur</span> <span class='ocrx_word' id='word_1_136' title='bbox 1110 1745 1242 1803; x_wconf 85' lang='lat' dir='ltr'>inueniri</span> <span class='ocrx_word' id='word_1_137' title='bbox 1270 1763 1361 1820; x_wconf 91' lang='lat' dir='ltr'>quem</span> 
     </span>
     <span class='ocr_line' id='line_1_16' title="bbox 209 1833 1362 1911; baseline -0.001 -17"><span class='ocrx_word' id='word_1_138' title='bbox 209 1833 459 1894; x_wconf 85' lang='lat' dir='ltr'>studiosissimum</span> <span class='ocrx_word' id='word_1_139' title='bbox 491 1834 583 1894; x_wconf 79' lang='lat' dir='ltr'>fuisse</span> <span class='ocrx_word' id='word_1_140' title='bbox 615 1836 820 1910; x_wconf 88' lang='lat' dir='ltr'>portentorum</span> <span class='ocrx_word' id='word_1_141' title='bbox 854 1837 931 1911; x_wconf 89' lang='lat' dir='ltr'>quae</span> <span class='ocrx_word' id='word_1_142' title='bbox 963 1833 1067 1893; x_wconf 80' lang='lat' dir='ltr'>Africa</span> <span class='ocrx_word' id='word_1_143' title='bbox 1103 1835 1185 1892; x_wconf 77' lang='lat' dir='ltr'>tenu</span> <span class='ocrx_word' id='word_1_144' title='bbox 1220 1836 1362 1910; x_wconf 72' lang='lat' dir='ltr'>procreat</span> 
     </span>
     <span class='ocr_line' id='line_1_17' title="bbox 208 1921 1358 1983; baseline 0 -1"><span class='ocrx_word' id='word_1_145' title='bbox 208 1924 419 1983; x_wconf 90' lang='lat' dir='ltr'>adnotauimus</span> <span class='ocrx_word' id='word_1_146' title='bbox 439 1922 489 1982; x_wconf 90' lang='lat' dir='ltr'>ad</span> <span class='ocrx_word' id='word_1_147' title='bbox 522 1921 572 1982; x_wconf 91' lang='lat' dir='ltr'>lib.</span> <span class='ocrx_word' id='word_1_148' title='bbox 595 1922 642 1983; x_wconf 90' lang='lat' dir='ltr'>III</span> <span class='ocrx_word' id='word_1_149' title='bbox 666 1944 693 1983; x_wconf 89' lang='grc' dir='ltr'>ιι.</span> <span class='ocrx_word' id='word_1_150' title='bbox 719 1923 781 1983; x_wconf 84' lang='grc'>116</span> <span class='ocrx_word' id='word_1_151' title='bbox 815 1925 964 1983; x_wconf 78' lang='lat' dir='ltr'>rinoceros</span> <span class='ocrx_word' id='word_1_152' title='bbox 1000 1925 1103 1982; x_wconf 80' lang='lat' dir='ltr'>insert.</span> <span class='ocrx_word' id='word_1_153' title='bbox 1127 1942 1155 1982; x_wconf 95' lang='lat' dir='ltr'>u</span> <span class='ocrx_word' id='word_1_154' title='bbox 1177 1922 1261 1982; x_wconf 80' lang='grc'><strong>1196</strong></span> <span class='ocrx_word' id='word_1_155' title='bbox 1297 1922 1358 1982; x_wconf 90' lang='lat' dir='ltr'>els-</span> 
     </span>
     <span class='ocr_line' id='line_1_18' title="bbox 208 2011 553 2091; baseline -0.014 -19"><span class='ocrx_word' id='word_1_156' title='bbox 208 2011 471 2091; x_wconf 87' lang='lat' dir='ltr'>phantocamellos.</span> <span class='ocrx_word' id='word_1_157' title='bbox 551 2063 553 2067; x_wconf 87' lang='lat'>.</span> 
     </span>
    </p>

    <p class='ocr_par' dir='ltr' id='par_1_6' title="bbox 302 2039 1360 2176">
     <span class='ocr_line' id='line_1_19' title="bbox 302 2039 1360 2176; baseline -0.002 -16"><span class='ocrx_word' id='word_1_158' title='bbox 302 2093 408 2162; x_wconf 74' lang='lat'>1322.</span> <span class='ocrx_word' id='word_1_159' title='bbox 446 2099 587 2161; x_wconf 80' lang='lat' dir='ltr'>Condidit</span> <span class='ocrx_word' id='word_1_160' title='bbox 622 2100 755 2161; x_wconf 83' lang='lat' dir='ltr'>Lucilius</span> <span class='ocrx_word' id='word_1_161' title='bbox 792 2104 869 2161; x_wconf 86' lang='lat' dir='ltr'>teste</span> <span class='ocrx_word' id='word_1_162' title='bbox 904 2039 1004 2160; x_wconf 91' lang='lat' dir='ltr'>Plinio</span> <span class='ocrx_word' id='word_1_163' title='bbox 1040 2104 1101 2159; x_wconf 87' lang='lat' dir='ltr'>nat</span> <span class='ocrx_word' id='word_1_164' title='bbox 1128 2101 1197 2161; x_wconf 86' lang='lat' dir='ltr'>hist.</span> <span class='ocrx_word' id='word_1_165' title='bbox 1220 2100 1315 2176; x_wconf 85' lang='lat' dir='ltr'>praef</span> <span class='ocrx_word' id='word_1_166' title='bbox 1342 2104 1360 2158; x_wconf 79' lang='lat'><strong>7</strong></span> 
     </span>
    </p>
   </div>
   <div class='ocr_carea' id='block_1_5' title="bbox 208 2189 1362 2270">
    <p class='ocr_par' dir='ltr' id='par_1_7' title="bbox 208 2189 1362 2270">
     <span class='ocr_line' id='line_1_20' title="bbox 208 2189 1362 2270; baseline 0 -20"><span class='ocrx_word' id='word_1_167' title='bbox 208 2193 323 2270; x_wconf 88' lang='lat' dir='ltr'>primus</span> <span class='ocrx_word' id='word_1_168' title='bbox 347 2191 411 2251; x_wconf 89' lang='lat' dir='ltr'>stili</span> <span class='ocrx_word' id='word_1_169' title='bbox 432 2209 540 2250; x_wconf 89' lang='lat' dir='ltr'>nasum</span> <span class='ocrx_word' id='word_1_170' title='bbox 563 2194 594 2250; x_wconf 90' lang='lat' dir='ltr'>et</span> <span class='ocrx_word' id='word_1_171' title='bbox 616 2190 701 2250; x_wconf 91' lang='lat' dir='ltr'>Accii</span> <span class='ocrx_word' id='word_1_172' title='bbox 724 2189 848 2250; x_wconf 89' lang='lat' dir='ltr'>Pacuuii</span> <span class='ocrx_word' id='word_1_173' title='bbox 875 2190 967 2250; x_wconf 79' lang='lat' dir='ltr'>Ennii</span> <span class='ocrx_word' id='word_1_174' title='bbox 993 2190 1062 2250; x_wconf 87' lang='lat' dir='ltr'>risit</span> <span class='ocrx_word' id='word_1_175' title='bbox 1089 2208 1200 2250; x_wconf 87' lang='lat' dir='ltr'>uersus.</span> <span class='ocrx_word' id='word_1_176' title='bbox 1246 2190 1362 2250; x_wconf 85' lang='lat' dir='ltr'>Tamen</span> 
     </span>
    </p>
   </div>
   <div class='ocr_carea' id='block_1_6' title="bbox 82 2271 1362 2361">
    <p class='ocr_par' dir='ltr' id='par_1_8' title="bbox 82 2271 1362 2361">
     <span class='ocr_line' id='line_1_21' title="bbox 82 2271 1362 2361; baseline 0 -20"><span class='ocrx_word' id='word_1_177' title='bbox 82 2280 86 2287; x_wconf 83' lang='lat'>&#39;</span> <span class='ocrx_word' id='word_1_178' title='bbox 210 2281 399 2341; x_wconf 77' lang='lat' dir='ltr'>soloecismos</span> <span class='ocrx_word' id='word_1_179' title='bbox 421 2298 458 2339; x_wconf 89' lang='lat' dir='ltr'>ne</span> <span class='ocrx_word' id='word_1_180' title='bbox 477 2282 541 2356; x_wconf 88' lang='lat' dir='ltr'>ipse</span> <span class='ocrx_word' id='word_1_181' title='bbox 559 2280 679 2356; x_wconf 90' lang='lat' dir='ltr'>quidem</span> <span class='ocrx_word' id='word_1_182' title='bbox 698 2281 810 2341; x_wconf 86' lang='lat' dir='ltr'>uitauit</span> <span class='ocrx_word' id='word_1_183' title='bbox 828 2272 910 2360; x_wconf 89' lang='lat' dir='ltr'>(uide</span> <span class='ocrx_word' id='word_1_184' title='bbox 929 2280 968 2339; x_wconf 90' lang='lat' dir='ltr'>ad</span> <span class='ocrx_word' id='word_1_185' title='bbox 986 2279 1037 2339; x_wconf 88' lang='lat' dir='ltr'>lib.</span> <span class='ocrx_word' id='word_1_186' title='bbox 1056 2279 1138 2338; x_wconf 90' lang='lat' dir='ltr'>XXX</span> <span class='ocrx_word' id='word_1_187' title='bbox 1157 2299 1186 2338; x_wconf 92' lang='grc' dir='ltr'>ιι.</span> <span class='ocrx_word' id='word_1_188' title='bbox 1207 2271 1287 2361; x_wconf 76' lang='grc'><strong>994)</strong></span> <span class='ocrx_word' id='word_1_189' title='bbox 1307 2299 1362 2341; x_wconf 88' lang='lat' dir='ltr'>nec</span> 
     </span>
    </p>
   </div>
   <div class='ocr_carea' id='block_1_7' title="bbox 209 2359 1369 4505">
    <p class='ocr_par' dir='ltr' id='par_1_9' title="bbox 209 2359 1369 4505">
     <span class='ocr_line' id='line_1_22' title="bbox 209 2359 1362 2450; baseline -0.002 -20"><span class='ocrx_word' id='word_1_190' title='bbox 209 2370 368 2449; x_wconf 85' lang='lat' dir='ltr'>figulorum</span> <span class='ocrx_word' id='word_1_191' title='bbox 390 2369 482 2430; x_wconf 89' lang='lat' dir='ltr'>uerba</span> <span class='ocrx_word' id='word_1_192' title='bbox 498 2371 621 2446; x_wconf 68' lang='lat' dir='ltr'>‘spreuit</span> <span class='ocrx_word' id='word_1_193' title='bbox 643 2367 786 2429; x_wconf 85' lang='lat' dir='ltr'>Oscorum</span> <span class='ocrx_word' id='word_1_194' title='bbox 807 2362 925 2450; x_wconf 80' lang='lat' dir='ltr'>(incelt</span> <span class='ocrx_word' id='word_1_195' title='bbox 945 2389 973 2428; x_wconf 87' lang='lat' dir='ltr'>u.</span> <span class='ocrx_word' id='word_1_196' title='bbox 996 2359 1220 2450; x_wconf 70' lang='lat'>1318.1249).</span> <span class='ocrx_word' id='word_1_197' title='bbox 1252 2369 1362 2446; x_wconf 80' lang='lat' dir='ltr'>Itaque</span> 
     </span>
     <span class='ocr_line' id='line_1_23' title="bbox 210 2458 1364 2538; baseline 0.002 -22"><span class='ocrx_word' id='word_1_198' title='bbox 210 2460 344 2520; x_wconf 91' lang='lat' dir='ltr'>Vettium</span> <span class='ocrx_word' id='word_1_199' title='bbox 368 2478 428 2519; x_wconf 91' lang='lat' dir='ltr'>non</span> <span class='ocrx_word' id='word_1_200' title='bbox 451 2463 487 2519; x_wconf 92' lang='lat' dir='ltr'>ut</span> <span class='ocrx_word' id='word_1_201' title='bbox 509 2460 722 2538; x_wconf 79' lang='lat' dir='ltr'>grammaticus</span> <span class='ocrx_word' id='word_1_202' title='bbox 746 2462 776 2518; x_wconf 91' lang='lat' dir='ltr'>et</span> <span class='ocrx_word' id='word_1_203' title='bbox 799 2459 920 2519; x_wconf 88' lang='lat' dir='ltr'>criticus</span> <span class='ocrx_word' id='word_1_204' title='bbox 944 2458 994 2518; x_wconf 89' lang='lat' dir='ltr'>sed</span> <span class='ocrx_word' id='word_1_205' title='bbox 1017 2458 1229 2518; x_wconf 72' lang='lat' dir='ltr'>etfamiliaris</span> <span class='ocrx_word' id='word_1_206' title='bbox 1247 2460 1364 2535; x_wconf 84' lang='lat' dir='ltr'>carpsit</span> 
     </span>
     <span class='ocr_line' id='line_1_24' title="bbox 211 2547 1363 2609; baseline -0.001 0"><span class='ocrx_word' id='word_1_207' title='bbox 211 2552 335 2609; x_wconf 88' lang='lat' dir='ltr'>comiter</span> <span class='ocrx_word' id='word_1_208' title='bbox 357 2551 388 2608; x_wconf 91' lang='lat' dir='ltr'>et</span> <span class='ocrx_word' id='word_1_209' title='bbox 409 2550 507 2609; x_wconf 90' lang='lat' dir='ltr'>iocose</span> <span class='ocrx_word' id='word_1_210' title='bbox 535 2552 569 2607; x_wconf 94' lang='lat' dir='ltr'>ut</span> <span class='ocrx_word' id='word_1_211' title='bbox 596 2551 738 2608; x_wconf 86' lang='lat' dir='ltr'>utentem·</span> <span class='ocrx_word' id='word_1_212' title='bbox 752 2547 1013 2609; x_wconf 82' lang='lat' dir='ltr'>Praenestinorum</span> <span class='ocrx_word' id='word_1_213' title='bbox 1039 2548 1193 2609; x_wconf 86' lang='lat' dir='ltr'>uocabulis</span> <span class='ocrx_word' id='word_1_214' title='bbox 1216 2547 1363 2608; x_wconf 83' lang='lat' dir='ltr'>Plautum</span> 
     </span>
     <span class='ocr_line' id='line_1_25' title="bbox 211 2629 1362 2718; baseline -0.002 -19"><span class='ocrx_word' id='word_1_215' title='bbox 211 2642 329 2699; x_wconf 86' lang='lat' dir='ltr'>secutus</span> <span class='ocrx_word' id='word_1_216' title='bbox 365 2640 417 2715; x_wconf 92' lang='lat' dir='ltr'>qui</span> <span class='ocrx_word' id='word_1_217' title='bbox 453 2638 546 2697; x_wconf 86' lang='lat' dir='ltr'>uerba</span> <span class='ocrx_word' id='word_1_218' title='bbox 580 2637 775 2697; x_wconf 86' lang='lat' dir='ltr'>Praenestina</span> <span class='ocrx_word' id='word_1_219' title='bbox 812 2638 955 2698; x_wconf 80' lang='lat' dir='ltr'>tummodo</span> <span class='ocrx_word' id='word_1_220' title='bbox 992 2641 1023 2697; x_wconf 91' lang='lat' dir='ltr'>et</span> <span class='ocrx_word' id='word_1_221' title='bbox 1058 2655 1146 2698; x_wconf 81' lang='lat' dir='ltr'>conec</span> <span class='ocrx_word' id='word_1_222' title='bbox 1179 2629 1275 2718; x_wconf 72' lang='lat' dir='ltr'>(ibin.</span> <span class='ocrx_word' id='word_1_223' title='bbox 1296 2639 1362 2698; x_wconf 88' lang='grc'>609</span> 
     </span>
     <span class='ocr_line' id='line_1_26' title="bbox 212 2719 1363 2808; baseline 0 -22"><span class='ocrx_word' id='word_1_224' title='bbox 212 2728 298 2787; x_wconf 86' lang='lat' dir='ltr'>Truc.</span> <span class='ocrx_word' id='word_1_225' title='bbox 318 2719 397 2808; x_wconf 85' lang='grc'><strong>691)</strong></span> <span class='ocrx_word' id='word_1_226' title='bbox 421 2729 530 2787; x_wconf 87' lang='lat' dir='ltr'>riserat</span> <span class='ocrx_word' id='word_1_227' title='bbox 552 2727 655 2787; x_wconf 75' lang='lat' dir='ltr'>facete.</span> <span class='ocrx_word' id='word_1_228' title='bbox 692 2727 816 2786; x_wconf 84' lang='lat' dir='ltr'>Veteres</span> <span class='ocrx_word' id='word_1_229' title='bbox 839 2730 940 2786; x_wconf 84' lang='lat' dir='ltr'>tamen</span> <span class='ocrx_word' id='word_1_230' title='bbox 960 2727 1088 2787; x_wconf 88' lang='lat' dir='ltr'>Romani</span> <span class='ocrx_word' id='word_1_231' title='bbox 1106 2726 1136 2785; x_wconf 92' lang='lat' dir='ltr'>in</span> <span class='ocrx_word' id='word_1_232' title='bbox 1155 2727 1248 2786; x_wconf 83' lang='lat' dir='ltr'>sacris</span> <span class='ocrx_word' id='word_1_233' title='bbox 1266 2729 1363 2786; x_wconf 81' lang='lat' dir='ltr'>canti-</span> 
     </span>
     <span class='ocr_line' id='line_1_27' title="bbox 211 2812 1364 2893; baseline 0.001 -18"><span class='ocrx_word' id='word_1_234' title='bbox 211 2812 288 2877; x_wconf 87' lang='lat' dir='ltr'>lenis</span> <span class='ocrx_word' id='word_1_235' title='bbox 310 2814 418 2893; x_wconf 79' lang='lat' dir='ltr'>parum</span> <span class='ocrx_word' id='word_1_236' title='bbox 436 2815 581 2876; x_wconf 82' lang='lat' dir='ltr'>curabant</span> <span class='ocrx_word' id='word_1_237' title='bbox 599 2816 797 2876; x_wconf 87' lang='lat' dir='ltr'>elocutionem</span> <span class='ocrx_word' id='word_1_238' title='bbox 815 2817 960 2876; x_wconf 87' lang='lat' dir='ltr'>urbanam</span> <span class='ocrx_word' id='word_1_239' title='bbox 982 2818 1045 2875; x_wconf 87' lang='lat' dir='ltr'>siue</span> <span class='ocrx_word' id='word_1_240' title='bbox 1063 2817 1242 2876; x_wconf 84' lang='lat' dir='ltr'>Romanam:</span> <span class='ocrx_word' id='word_1_241' title='bbox 1265 2816 1364 2876; x_wconf 90' lang='lat' dir='ltr'>ueluti</span> 
     </span>
     <span class='ocr_line' id='line_1_28' title="bbox 211 2901 1365 2983; baseline -0.001 -17"><span class='ocrx_word' id='word_1_242' title='bbox 211 2910 243 2966; x_wconf 89' lang='lat' dir='ltr'>in</span> <span class='ocrx_word' id='word_1_243' title='bbox 266 2906 396 2966; x_wconf 85' lang='lat' dir='ltr'>carmine</span> <span class='ocrx_word' id='word_1_244' title='bbox 419 2901 527 2965; x_wconf 87' lang='lat' dir='ltr'>Aruali</span> <span class='ocrx_word' id='word_1_245' title='bbox 549 2905 645 2966; x_wconf 85' lang='lat' dir='ltr'>multa</span> <span class='ocrx_word' id='word_1_246' title='bbox 668 2907 783 2981; x_wconf 86' lang='lat' dir='ltr'>insunt,</span> <span class='ocrx_word' id='word_1_247' title='bbox 807 2925 884 2983; x_wconf 93' lang='lat' dir='ltr'>quae</span> <span class='ocrx_word' id='word_1_248' title='bbox 908 2904 1041 2966; x_wconf 87' lang='lat' dir='ltr'>iudicent</span> <span class='ocrx_word' id='word_1_249' title='bbox 1063 2903 1192 2965; x_wconf 84' lang='lat' dir='ltr'>Sabinae</span> <span class='ocrx_word' id='word_1_250' title='bbox 1219 2925 1279 2965; x_wconf 91' lang='lat' dir='ltr'>non</span> <span class='ocrx_word' id='word_1_251' title='bbox 1303 2905 1365 2965; x_wconf 84' lang='lat' dir='ltr'>Ro·</span> 
     </span>
     <span class='ocr_line' id='line_1_29' title="bbox 210 2995 1363 3074; baseline -0.001 -19"><span class='ocrx_word' id='word_1_252' title='bbox 210 3015 316 3055; x_wconf 89' lang='lat' dir='ltr'>manae</span> <span class='ocrx_word' id='word_1_253' title='bbox 339 2998 404 3056; x_wconf 86' lang='lat' dir='ltr'>siue</span> <span class='ocrx_word' id='word_1_254' title='bbox 428 2995 559 3055; x_wconf 86' lang='lat' dir='ltr'>urbanae</span> <span class='ocrx_word' id='word_1_255' title='bbox 581 2996 708 3074; x_wconf 80' lang='lat' dir='ltr'>originis</span> <span class='ocrx_word' id='word_1_256' title='bbox 727 3013 790 3056; x_wconf 86' lang='lat' dir='ltr'>esse</span> <span class='ocrx_word' id='word_1_257' title='bbox 808 2997 863 3055; x_wconf 92' lang='lat' dir='ltr'>hoc</span> <span class='ocrx_word' id='word_1_258' title='bbox 881 3011 1005 3055; x_wconf 85' lang='lat' dir='ltr'>carmen</span> <span class='ocrx_word' id='word_1_259' title='bbox 1019 2996 1115 3055; x_wconf 89' lang='lat' dir='ltr'>ueluti</span> <span class='ocrx_word' id='word_1_260' title='bbox 1133 2999 1164 3054; x_wconf 91' lang='lat' dir='ltr'>et</span> <span class='ocrx_word' id='word_1_261' title='bbox 1182 2995 1363 3056; x_wconf 81' lang='lat' dir='ltr'>uocabulum</span> 
     </span>
     <span class='ocr_line' id='line_1_30' title="bbox 210 3081 1366 3163; baseline 0.001 -19"><span class='ocrx_word' id='word_1_262' title='bbox 210 3088 243 3144; x_wconf 91' lang='lat' dir='ltr'>et</span> <span class='ocrx_word' id='word_1_263' title='bbox 268 3086 366 3146; x_wconf 83' lang='lat' dir='ltr'>forma</span> <span class='ocrx_word' id='word_1_264' title='bbox 392 3087 506 3144; x_wconf 84' lang='lat' dir='ltr'>rustica</span> <span class='ocrx_word' id='word_1_265' title='bbox 533 3103 665 3145; x_wconf 70' lang='lat' dir='ltr'>senones</span> <span class='ocrx_word' id='word_1_266' title='bbox 692 3087 735 3144; x_wconf 90' lang='lat' dir='ltr'>in·</span> <span class='ocrx_word' id='word_1_267' title='bbox 752 3104 840 3145; x_wconf 89' lang='lat' dir='ltr'>uersu</span> <span class='ocrx_word' id='word_1_268' title='bbox 869 3081 1012 3154; x_wconf 82' lang='lat' dir='ltr'>‘semunis</span> <span class='ocrx_word' id='word_1_269' title='bbox 1043 3085 1168 3145; x_wconf 79' lang='lat' dir='ltr'>alternet</span> <span class='ocrx_word' id='word_1_270' title='bbox 1200 3085 1366 3163; x_wconf 85' lang='lat' dir='ltr'>eduocapit</span> 
     </span>
     <span class='ocr_line' id='line_1_31' title="bbox 212 3167 1364 3253; baseline 0 -19"><span class='ocrx_word' id='word_1_271' title='bbox 212 3168 343 3234; x_wconf 86' lang='lat' dir='ltr'>cunctos’</span> <span class='ocrx_word' id='word_1_272' title='bbox 361 3175 425 3233; x_wconf 44' lang='lat' dir='ltr'>ise.</span> <span class='ocrx_word' id='word_1_273' title='bbox 445 3167 543 3233; x_wconf 74' lang='lat' dir='ltr'>‘diuos</span> <span class='ocrx_word' id='word_1_274' title='bbox 575 3173 683 3234; x_wconf 84' lang='lat' dir='ltr'>alterni</span> <span class='ocrx_word' id='word_1_275' title='bbox 717 3173 877 3235; x_wconf 85' lang='lat' dir='ltr'>aduocabit</span> <span class='ocrx_word' id='word_1_276' title='bbox 911 3169 1058 3251; x_wconf 60' lang='lat' dir='ltr'>quisque,</span> <span class='ocrx_word' id='word_1_277' title='bbox 1084 3172 1142 3232; x_wconf 77' lang='lat' dir='ltr'>ubiv</span> <span class='ocrx_word' id='word_1_278' title='bbox 1169 3176 1282 3249; x_wconf 63' lang='lat' dir='ltr'>cipum</span> <span class='ocrx_word' id='word_1_279' title='bbox 1308 3194 1364 3253; x_wconf 89' lang='lat' dir='ltr'>pro</span> 
     </span>
     <span class='ocr_line' id='line_1_32' title="bbox 212 3260 1365 3340; baseline 0.001 -18"><span class='ocrx_word' id='word_1_280' title='bbox 212 3265 312 3322; x_wconf 76' lang='lat' dir='ltr'>elbum</span> <span class='ocrx_word' id='word_1_281' title='bbox 339 3261 466 3322; x_wconf 84' lang='lat' dir='ltr'>Sabinos</span> <span class='ocrx_word' id='word_1_282' title='bbox 489 3262 598 3324; x_wconf 84' lang='lat' dir='ltr'>dixisse</span> <span class='ocrx_word' id='word_1_283' title='bbox 621 3260 867 3323; x_wconf 84' lang='lat' dir='ltr'>considerandum</span> <span class='ocrx_word' id='word_1_284' title='bbox 890 3265 948 3323; x_wconf 90' lang='lat' dir='ltr'>erit</span> <span class='ocrx_word' id='word_1_285' title='bbox 975 3264 1001 3323; x_wconf 89' lang='grc' dir='ltr'>ιι</span> <span class='ocrx_word' id='word_1_286' title='bbox 1028 3262 1186 3338; x_wconf 75' lang='lat' dir='ltr'>cduoccpit</span> <span class='ocrx_word' id='word_1_287' title='bbox 1213 3264 1365 3340; x_wconf 81' lang='lat' dir='ltr'>explicere</span> 
     </span>
     <span class='ocr_line' id='line_1_33' title="bbox 213 3349 1364 3413; baseline 0.002 -2"><span class='ocrx_word' id='word_1_288' title='bbox 213 3352 341 3412; x_wconf 87' lang='lat' dir='ltr'>studeas.</span> <span class='ocrx_word' id='word_1_289' title='bbox 378 3351 549 3412; x_wconf 75' lang='lat' dir='ltr'>Familiaris</span> <span class='ocrx_word' id='word_1_290' title='bbox 572 3351 680 3413; x_wconf 90' lang='lat' dir='ltr'>Lucilii</span> <span class='ocrx_word' id='word_1_291' title='bbox 703 3356 768 3413; x_wconf 80' lang='lat' dir='ltr'>erut</span> <span class='ocrx_word' id='word_1_292' title='bbox 789 3349 911 3413; x_wconf 85' lang='lat' dir='ltr'>Vettius</span> <span class='ocrx_word' id='word_1_293' title='bbox 933 3352 1123 3413; x_wconf 91' lang='lat' dir='ltr'>Philocomus</span> <span class='ocrx_word' id='word_1_294' title='bbox 1145 3354 1220 3412; x_wconf 84' lang='lat' dir='ltr'>teste</span> <span class='ocrx_word' id='word_1_295' title='bbox 1241 3350 1364 3413; x_wconf 82' lang='lat' dir='ltr'>Sueten.</span> 
     </span>
     <span class='ocr_line' id='line_1_34' title="bbox 213 3436 1364 3524; baseline 0.001 -24"><span class='ocrx_word' id='word_1_296' title='bbox 213 3442 250 3501; x_wconf 90' lang='lat' dir='ltr'>de</span> <span class='ocrx_word' id='word_1_297' title='bbox 268 3443 432 3519; x_wconf 64' lang='lat' dir='ltr'>gummi</span> <span class='ocrx_word' id='word_1_298' title='bbox 458 3436 477 3500; x_wconf 57' lang='grc' dir='ltr'><strong>ἦ</strong></span> <span class='ocrx_word' id='word_1_299' title='bbox 493 3486 499 3498; x_wconf 93' lang='grc'><strong>.</strong></span> <span class='ocrx_word' id='word_1_300' title='bbox 516 3489 522 3500; x_wconf 96' lang='grc'><strong>.</strong></span> <span class='ocrx_word' id='word_1_301' title='bbox 541 3440 646 3502; x_wconf 75' lang='lat' dir='ltr'>Crates</span> <span class='ocrx_word' id='word_1_302' title='bbox 666 3489 671 3500; x_wconf 95' lang='lat'>.</span> <span class='ocrx_word' id='word_1_303' title='bbox 689 3488 694 3500; x_wconf 94' lang='lat'>.</span> <span class='ocrx_word' id='word_1_304' title='bbox 711 3490 716 3501; x_wconf 94' lang='lat'><em>.</em></span> <span class='ocrx_word' id='word_1_305' title='bbox 736 3444 845 3524; x_wconf 78' lang='lat' dir='ltr'>nostris</span> <span class='ocrx_word' id='word_1_306' title='bbox 868 3443 1002 3520; x_wconf 85' lang='lat' dir='ltr'>exemplo</span> <span class='ocrx_word' id='word_1_307' title='bbox 1025 3443 1085 3502; x_wconf 85' lang='lat' dir='ltr'>init</span> <span class='ocrx_word' id='word_1_308' title='bbox 1107 3440 1146 3501; x_wconf 86' lang='lat' dir='ltr'>ad</span> <span class='ocrx_word' id='word_1_309' title='bbox 1173 3442 1364 3502; x_wconf 74' lang='lat' dir='ltr'>imitandum</span> 
     </span>
     <span class='ocr_line' id='line_1_35' title="bbox 212 3531 1365 3611; baseline 0 -20"><span class='ocrx_word' id='word_1_310' title='bbox 212 3531 365 3592; x_wconf 74' lang='lat' dir='ltr'>Hactenus</span> <span class='ocrx_word' id='word_1_311' title='bbox 382 3533 483 3590; x_wconf 90' lang='lat' dir='ltr'>tamen</span> <span class='ocrx_word' id='word_1_312' title='bbox 506 3531 631 3606; x_wconf 87' lang='lat' dir='ltr'>imitati,</span> <span class='ocrx_word' id='word_1_313' title='bbox 659 3533 704 3591; x_wconf 65' lang='lat' dir='ltr'>ut*</span> <span class='ocrx_word' id='word_1_314' title='bbox 717 3534 850 3592; x_wconf 88' lang='lat' dir='ltr'>carmina</span> <span class='ocrx_word' id='word_1_315' title='bbox 871 3550 977 3608; x_wconf 83' lang='lat' dir='ltr'>perum</span> <span class='ocrx_word' id='word_1_316' title='bbox 1000 3531 1097 3593; x_wconf 89' lang='lat' dir='ltr'>adhuc</span> <span class='ocrx_word' id='word_1_317' title='bbox 1124 3531 1282 3611; x_wconf 86' lang='lat' dir='ltr'>diuulgata</span> <span class='ocrx_word' id='word_1_318' title='bbox 1312 3533 1365 3591; x_wconf 90' lang='lat' dir='ltr'>uel</span> 
     </span>
     <span class='ocr_line' id='line_1_36' title="bbox 212 3618 1365 3700; baseline 0 -20"><span class='ocrx_word' id='word_1_319' title='bbox 212 3618 420 3681; x_wconf 85' lang='lat' dir='ltr'>defunctorum</span> <span class='ocrx_word' id='word_1_320' title='bbox 441 3622 605 3680; x_wconf 66' lang='lat' dir='ltr'>&#39;amicornm</span> <span class='ocrx_word' id='word_1_321' title='bbox 628 3621 677 3680; x_wconf 91' lang='lat' dir='ltr'>uel</span> <span class='ocrx_word' id='word_1_322' title='bbox 700 3623 731 3681; x_wconf 87' lang='grc' dir='ltr'>ιι·</span> <span class='ocrx_word' id='word_1_323' title='bbox 750 3641 877 3698; x_wconf 90' lang='lat' dir='ltr'>quorum</span> <span class='ocrx_word' id='word_1_324' title='bbox 896 3621 1218 3698; x_wconf 79' lang='lat' dir='ltr'>aliorumprobessent</span> <span class='ocrx_word' id='word_1_325' title='bbox 1235 3621 1365 3700; x_wconf 90' lang='lat' dir='ltr'>diligen-</span> 
     </span>
     <span class='ocr_line' id='line_1_37' title="bbox 213 3702 1367 3788; baseline 0.001 -18"><span class='ocrx_word' id='word_1_326' title='bbox 213 3702 274 3770; x_wconf 85' lang='lat' dir='ltr'>tius</span> <span class='ocrx_word' id='word_1_327' title='bbox 303 3707 502 3770; x_wconf 79' lang='lat' dir='ltr'>retractarent</span> <span class='ocrx_word' id='word_1_328' title='bbox 533 3729 568 3770; x_wconf 90' lang='lat' dir='ltr'>ac</span> <span class='ocrx_word' id='word_1_329' title='bbox 600 3710 725 3788; x_wconf 90' lang='lat' dir='ltr'>legendo</span> <span class='ocrx_word' id='word_1_330' title='bbox 760 3711 1045 3788; x_wconf 86' lang='lat' dir='ltr'>commentandoque</span> <span class='ocrx_word' id='word_1_331' title='bbox 1082 3713 1113 3769; x_wconf 90' lang='lat' dir='ltr'>et</span> <span class='ocrx_word' id='word_1_332' title='bbox 1149 3712 1255 3771; x_wconf 86' lang='lat' dir='ltr'>ceteris</span> <span class='ocrx_word' id='word_1_333' title='bbox 1285 3715 1367 3772; x_wconf 85' lang='lat' dir='ltr'>nota</span> 
     </span>
     <span class='ocr_line' id='line_1_38' title="bbox 214 3797 1366 3876; baseline -0.003 -13"><span class='ocrx_word' id='word_1_334' title='bbox 214 3801 374 3871; x_wconf 59' lang='lat' dir='ltr'>taceant:</span> <span class='ocrx_word' id='word_1_335' title='bbox 387 3802 422 3859; x_wconf 87' lang='lat' dir='ltr'>ut</span> <span class='ocrx_word' id='word_1_336' title='bbox 450 3798 480 3859; x_wconf 81' lang='lat' dir='ltr'>(l.</span> <span class='ocrx_word' id='word_1_337' title='bbox 495 3797 649 3859; x_wconf 79' lang='lat' dir='ltr'>Octauius·</span> <span class='ocrx_word' id='word_1_338' title='bbox 667 3799 833 3876; x_wconf 79' lang='lat' dir='ltr'>Lampsdio</span> <span class='ocrx_word' id='word_1_339' title='bbox 863 3800 978 3860; x_wconf 50' lang='lat' dir='ltr'>Naeuii*</span> <span class='ocrx_word' id='word_1_340' title='bbox 1004 3799 1148 3860; x_wconf 86' lang='lat' dir='ltr'>Punicum</span> <span class='ocrx_word' id='word_1_341' title='bbox 1177 3799 1291 3860; x_wconf 77' lang='lat' dir='ltr'>&#39;bellum</span> <span class='ocrx_word' id='word_1_342' title='bbox 1312 3847 1318 3858; x_wconf 91' lang='lat'>.</span> <span class='ocrx_word' id='word_1_343' title='bbox 1336 3847 1366 3859; x_wconf 92' lang='lat'>..</span> 
     </span>
     <span class='ocr_line' id='line_1_39' title="bbox 214 3887 1367 3967; baseline 0.003 -21"><span class='ocrx_word' id='word_1_344' title='bbox 214 3889 247 3958; x_wconf 78' lang='lat' dir='ltr'>Q.</span> <span class='ocrx_word' id='word_1_345' title='bbox 262 3887 465 3966; x_wconf 82' lang='lat' dir='ltr'>Vargunteius</span> <span class='ocrx_word' id='word_1_346' title='bbox 489 3890 620 3954; x_wconf 75' lang='lat' dir='ltr'>canales:</span> <span class='ocrx_word' id='word_1_347' title='bbox 634 3888 715 3947; x_wconf 83' lang='lat' dir='ltr'>llnni</span> <span class='ocrx_word' id='word_1_348' title='bbox 728 3923 738 3945; x_wconf 62' lang='lat'>=.</span> <span class='ocrx_word' id='word_1_349' title='bbox 755 3935 760 3945; x_wconf 91' lang='lat'><em>.</em></span> <span class='ocrx_word' id='word_1_350' title='bbox 778 3903 784 3947; x_wconf 78' lang='grc'>.’</span> <span class='ocrx_word' id='word_1_351' title='bbox 802 3891 837 3948; x_wconf 90' lang='lat' dir='ltr'>ut</span> <span class='ocrx_word' id='word_1_352' title='bbox 859 3888 980 3957; x_wconf 87' lang='lat' dir='ltr'>Laelius</span> <span class='ocrx_word' id='word_1_353' title='bbox 1003 3889 1166 3949; x_wconf 80' lang='lat' dir='ltr'>Archelaus</span> <span class='ocrx_word' id='word_1_354' title='bbox 1184 3888 1367 3967; x_wconf 84' lang='lat' dir='ltr'>Vettiusque</span> 
     </span>
     <span class='ocr_line' id='line_1_40' title="bbox 214 3976 1368 4056; baseline 0.002 -20"><span class='ocrx_word' id='word_1_355' title='bbox 214 3977 404 4037; x_wconf 89' lang='lat' dir='ltr'>Philocomus</span> <span class='ocrx_word' id='word_1_356' title='bbox 431 3976 529 4037; x_wconf 86' lang='lat' dir='ltr'>Lucili</span> <span class='ocrx_word' id='word_1_357' title='bbox 556 3983 672 4038; x_wconf 76' lang='lat' dir='ltr'>estimas</span> <span class='ocrx_word' id='word_1_358' title='bbox 704 3978 863 4038; x_wconf 84' lang='lat' dir='ltr'>familiaris</span> <span class='ocrx_word' id='word_1_359' title='bbox 895 3980 942 4037; x_wconf 87' lang='lat' dir='ltr'>sui</span> <span class='ocrx_word' id='word_1_360' title='bbox 975 3996 1050 4054; x_wconf 87' lang='lat' dir='ltr'>quas</span> <span class='ocrx_word' id='word_1_361' title='bbox 1081 3977 1188 4056; x_wconf 86' lang='lat' dir='ltr'>legisse</span> <span class='ocrx_word' id='word_1_362' title='bbox 1219 3996 1251 4038; x_wconf 89' lang='lat' dir='ltr'>ee</span> <span class='ocrx_word' id='word_1_363' title='bbox 1280 3979 1368 4056; x_wconf 86' lang='lat' dir='ltr'>apud</span> 
     </span>
     <span class='ocr_line' id='line_1_41' title="bbox 216 4065 1367 4145; baseline 0.003 -20"><span class='ocrx_word' id='word_1_364' title='bbox 216 4065 394 4125; x_wconf 86' lang='lat' dir='ltr'>Archelaum</span> <span class='ocrx_word' id='word_1_365' title='bbox 420 4065 579 4143; x_wconf 86' lang='lat' dir='ltr'>Pompeius</span> <span class='ocrx_word' id='word_1_366' title='bbox 606 4066 755 4141; x_wconf 85' lang='lat' dir='ltr'>Lenaeus,</span> <span class='ocrx_word' id='word_1_367' title='bbox 782 4067 863 4145; x_wconf 86' lang='lat' dir='ltr'>apud</span> <span class='ocrx_word' id='word_1_368' title='bbox 889 4065 1095 4129; x_wconf 91' lang='lat' dir='ltr'>Philocomum</span> <span class='ocrx_word' id='word_1_369' title='bbox 1121 4066 1260 4127; x_wconf 86' lang='lat' dir='ltr'>Valerius</span> <span class='ocrx_word' id='word_1_370' title='bbox 1288 4066 1367 4128; x_wconf 82' lang='lat' dir='ltr'>Cato</span> 
     </span>
     <span class='ocr_line' id='line_1_42' title="bbox 214 4151 1364 4234; baseline 0.003 -20"><span class='ocrx_word' id='word_1_371' title='bbox 214 4151 413 4233; x_wconf 87' lang='lat' dir='ltr'>praedicaut&#39;:</span> <span class='ocrx_word' id='word_1_372' title='bbox 448 4155 499 4215; x_wconf 90' lang='lat' dir='ltr'>ubi</span> <span class='ocrx_word' id='word_1_373' title='bbox 532 4156 612 4234; x_wconf 89' lang='lat' dir='ltr'>quod</span> <span class='ocrx_word' id='word_1_374' title='bbox 645 4176 704 4216; x_wconf 84' lang='lat' dir='ltr'>vau</span> <span class='ocrx_word' id='word_1_375' title='bbox 735 4152 892 4218; x_wconf 86' lang='lat' dir='ltr'>Heusdeus</span> <span class='ocrx_word' id='word_1_376' title='bbox 923 4157 1000 4218; x_wconf 90' lang='lat' dir='ltr'>stud.</span> <span class='ocrx_word' id='word_1_377' title='bbox 1019 4157 1084 4217; x_wconf 84' lang='lat' dir='ltr'>crit</span> <span class='ocrx_word' id='word_1_378' title='bbox 1103 4158 1135 4216; x_wconf 89' lang='grc' dir='ltr'>ιιι</span> <span class='ocrx_word' id='word_1_379' title='bbox 1153 4154 1247 4217; x_wconf 90' lang='lat' dir='ltr'>Lucil.</span> <span class='ocrx_word' id='word_1_380' title='bbox 1270 4178 1299 4234; x_wconf 89' lang='lat' dir='ltr'>p.</span> <span class='ocrx_word' id='word_1_381' title='bbox 1320 4159 1364 4218; x_wconf 80' lang='grc'>46</span> 
     </span>
     <span class='ocr_line' id='line_1_43' title="bbox 214 4245 1368 4331; baseline 0.004 -26"><span class='ocrx_word' id='word_1_382' title='bbox 214 4245 346 4331; x_wconf 78' lang='grc' dir='ltr'><strong>ιιιιιιιιιιι</strong></span> <span class='ocrx_word' id='word_1_383' title='bbox 374 4246 575 4320; x_wconf 70' lang='lat' dir='ltr'>familiaribus</span> <span class='ocrx_word' id='word_1_384' title='bbox 601 4249 677 4320; x_wconf 80' lang='lat' dir='ltr'>cuis,</span> <span class='ocrx_word' id='word_1_385' title='bbox 707 4246 740 4306; x_wconf 91' lang='lat' dir='ltr'>id</span> <span class='ocrx_word' id='word_1_386' title='bbox 766 4247 922 4324; x_wconf 90' lang='lat' dir='ltr'>probabile</span> <span class='ocrx_word' id='word_1_387' title='bbox 954 4247 1075 4308; x_wconf 87' lang='lat' dir='ltr'>minime</span> <span class='ocrx_word' id='word_1_388' title='bbox 1107 4246 1240 4322; x_wconf 85' lang='lat' dir='ltr'>uidetur;</span> <span class='ocrx_word' id='word_1_389' title='bbox 1271 4248 1368 4310; x_wconf 87' lang='lat' dir='ltr'>immo</span> 
     </span>
     <span class='ocr_line' id='line_1_44' title="bbox 212 4326 1369 4410; baseline 0.003 -16"><span class='ocrx_word' id='word_1_390' title='bbox 212 4326 438 4394; x_wconf 78' lang='lat' dir='ltr'>commendatur</span> <span class='ocrx_word' id='word_1_391' title='bbox 474 4334 573 4394; x_wconf 85' lang='lat' dir='ltr'>uerbis</span> <span class='ocrx_word' id='word_1_392' title='bbox 611 4335 852 4397; x_wconf 84' lang='lat' dir='ltr'>antecedentibus</span> <span class='ocrx_word' id='word_1_393' title='bbox 889 4337 978 4397; x_wconf 85' lang='lat' dir='ltr'>lectio</span> <span class='ocrx_word' id='word_1_394' title='bbox 1014 4337 1128 4397; x_wconf 77' lang='lat' dir='ltr'>tradita</span> <span class='ocrx_word' id='word_1_395' title='bbox 1163 4336 1369 4410; x_wconf 62' lang='lat' dir='ltr'>defunctorum</span> 
     </span>
     <span class='ocr_line' id='line_1_45' title="bbox 213 4424 1369 4505; baseline 0.003 -22"><span class='ocrx_word' id='word_1_396' title='bbox 213 4425 374 4483; x_wconf 69' lang='lat' dir='ltr'>‚amicorum</span> <span class='ocrx_word' id='word_1_397' title='bbox 402 4443 478 4500; x_wconf 90' lang='lat' dir='ltr'>quae</span> <span class='ocrx_word' id='word_1_398' title='bbox 506 4443 601 4501; x_wconf 86' lang='lat' dir='ltr'>neque</span> <span class='ocrx_word' id='word_1_399' title='bbox 634 4424 672 4484; x_wconf 90' lang='lat' dir='ltr'>ad</span> <span class='ocrx_word' id='word_1_400' title='bbox 699 4425 933 4501; x_wconf 87' lang='lat' dir='ltr'>Lampadionem</span> <span class='ocrx_word' id='word_1_401' title='bbox 960 4445 1055 4504; x_wconf 89' lang='lat' dir='ltr'>neque</span> <span class='ocrx_word' id='word_1_402' title='bbox 1083 4426 1121 4486; x_wconf 86' lang='lat' dir='ltr'>ud</span> <span class='ocrx_word' id='word_1_403' title='bbox 1146 4425 1369 4505; x_wconf 75' lang='lat' dir='ltr'>Vergrmteium</span> 
     </span>
    </p>
   </div>
   <div class='ocr_carea' id='block_1_8' title="bbox 0 0 1516 5002">
    <p class='ocr_par' dir='ltr' id='par_1_10' title="bbox 0 0 1516 5002">
     <span class='ocr_line' id='line_1_46' title="bbox 0 0 1516 5002; baseline 0 0"><span class='ocrx_word' id='word_1_404' title='bbox 0 0 1516 5002; x_wconf 95' lang='lat' dir='ltr'> </span> 
     </span>
    </p>
   </div>
  </div>
 </body>
</html>
