3000 5002
518 341 614 396 incert.
635 342 691 396 sed.
712 359 738 394 u.
760 346 943 395 1130-1133.
1243 343 1308 409 359

157 529 244 570 nemo
286 511 341 570 illa
378 513 476 569 aetate
517 509 676 570 dubitauit.
735 509 830 570 Immo
865 510 896 569 in
933 511 1070 571 omnibus
1114 512 1182 573 aliis
1223 513 1307 574 libris

156 602 246 676 poeta
268 601 369 676 potuit
392 599 519 659 scribere
543 595 653 660 ‘enisus
676 618 707 659 es
725 600 871 674 omnibus,
894 602 1018 676 inquam
1035 601 1161 676 uiribus,
1181 601 1306 663 Gecilius

157 692 259 766 pretor
280 709 317 749 ne
340 690 469 748 rusticus
491 684 556 748 fiat’
580 689 678 749 ueluti
695 691 727 748 in
745 688 839 748 lib.V
861 690 914 749 ubi
932 690 968 749 de
987 693 1134 767 praetoris
1153 692 1307 752 cuiusdam

157 778 305 858 designati
328 779 405 838 facie
428 780 541 839 nutioa
563 778 715 838 ludentem
738 779 868 839 uidimus
896 785 1017 856 poetam
1040 800 1068 838 ιι.
1090 783 1162 839 210.
1210 781 1307 852 Quare

155 867 231 928 libro
245 868 273 925 V
291 868 370 927 hunc
388 889 416 927 u.
430 868 587 928 tribuerim
606 870 636 927 et
650 867 826 946 (laprarium
844 869 1042 928 intellexerim
1057 888 1116 946 qno
1134 871 1170 929 de
1185 870 1253 929 uide
1268 872 1306 930 ad

154 976 243 1018 uss.
263 977 339 1034 quae
358 958 494 1018 diximus.
532 956 588 1027 Qui
602 957 737 1034 loquitur
756 958 836 1035 apud
853 957 1012 1034 Lucilium,
1032 962 1062 1017 et
1076 958 1180 1019 Gecilii
1197 979 1305 1020 nomen

154 1051 184 1106 et
201 1048 329 1124 pretoris
347 1048 490 1107 honorem
508 1049 686 1124 pronuntiat
703 1050 858 1124 tamquam
872 1066 922 1107 ore
939 1047 1075 1124 Oaprarii
1088 1049 1195 1126 ipsius:
1215 1069 1305 1126 quam

153 1136 428 1213 pronuntiationem
441 1139 584 1197 rusticam
598 1136 720 1215 longea
733 1155 764 1195 se
775 1137 876 1197 abesse
892 1137 1006 1196 indicat
1020 1139 1184 1199 consularis
1199 1139 1236 1198 L.
1249 1139 1305 1199 Go-

154 1227 265 1286 eicilius
278 1226 333 1284 alii
346 1226 560 1304 orthographia
574 1244 609 1285 ea
623 1245 682 1302 qua
697 1245 767 1286 usus
782 1225 1009 1286 0010111547
1026 1225 1153 1287 Graecos
1167 1229 1304 1289 imitatus

153 1317 205 1391 qui
228 1335 313 1387 παεις
335 1315 517 1393 dissyllabon
541 1317 586 1374 ita
608 1301 735 1382 scribere
758 1316 917 1376 uoluerunt
939 1314 1076 1375 IGIMA
1094 1317 1126 1376 Π
1146 1319 1209 1377 304
1230 1316 1304 1378 codd

153 1401 617 1481 Οιιιο.811γ11.1318ΠΙ494
641 1404 777 1484 fragml
798 1407 837 1464 18
862 1405 935 1482 φαεί
955 1425 1009 1482 pro
1036 1406 1100 1483 φαί.
1146 1405 1304 1467 Librorum

152 1493 376 1554 Lucilianorum
399 1496 430 1553 et
453 1493 687 1553 Catonianorum
710 1496 858 1571 scriptura
879 1497 911 1554 in
935 1514 970 1554 ae
989 1498 1019 1554 et
1042 1515 1057 1555 e
1078 1496 1188 1556 litteris
1207 1497 1302 1556 Varro

153 1584 207 1642 illa
230 1585 328 1643 aetate
352 1584 453 1661 potuit
475 1585 639 1643 etiamtunc
658 1583 802 1643 confidere
824 1577 912 1663 (Geli.
932 1584 1003 1643 XVI
1024 1587 1074 1659 12,
1094 1577 1138 1666 8).
1182 1584 1303 1645 Caecilii

152 1672 346 1733 Praenestina
377 1674 459 1731 fuere
490 1673 608 1732 familia
639 1665 736 1755 (Paul.
759 1693 794 1732 ex
826 1673 903 1733 Fert.
930 1694 958 1751 p.
979 1666 1050 1754 44),
1082 1678 1113 1734 et
1145 1674 1303 1736 Praeneste
1418 1716 1420 1719 -

151 1762 388 1838 pronuntiabant
412 1761 519 1823 Grecs‘o
542 1754 730 1844 (Schneideri
747 1761 803 1821 del.
823 1763 910 1822 inscr.
931 1765 993 1821 222
1014 1761 1078 1822 CIL
1096 1757 1303 1846 X1V3304):

150 1850 412 1913 Praenestinorum
452 1870 616 1911 sermonem
652 1852 787 1912 irriserat
824 1851 958 1912 Lucilius
998 1844 1115 1933 (incert.
1139 1873 1167 1911 u.
1194 1846 1303 1935 1322),

149 1941 265 2001 Metelli
286 1940 471 2002 Macedonici
497 1941 592 2001 filium
620 1960 639 1999 a
661 1941 777 2001 Lucilio
804 1942 919 2003 laesum
946 1942 1037 2002 fuisse
1059 1945 1189 2002 testatur
1212 1944 1302 2003 schol.

151 2050 317 2108 anonymus
339 2033 371 2090 in
395 2031 498 2091 Horat.
518 2050 603 2091 serm.
622 2031 654 2089 Π
675 2034 703 2106 1,
723 2032 773 2090 67.

241 2112 347 2180 lidi.
376 2118 497 2179 Sentius
530 2120 568 2179 ad
600 2120 728 2199 Vergilii
759 2140 858 2199 georg.
882 2121 913 2180 Π
938 2122 978 2179 98
1013 2117 1086 2179 ‘Rex
1123 2123 1187 2197 ipse
1224 2122 1299 2182 Pha·

150 2227 250 2269 naeus.
291 2209 336 2266 De
360 2208 474 2269 Lucilio
497 2209 553 2269 hoc
575 2212 706 2269 tractum
729 2212 783 2284 est,
806 2211 858 2286 qui
881 2210 925 2268 ait
949 2209 1022 2281 Χῖός
1045 2231 1074 2270 τε
1097 2209 1245 2288 δυνάστης
1267 2212 1299 2270 id

149 2300 194 2356 est
208 2289 310 2368 olvor’.
346 2295 685 2358 XIOO'PAYNAGTHO
699 2298 753 2358 cod
767 2298 941 2373 Vaticanus,
956 2300 1068 2359 exiocte
1084 2299 1300 2359 AYNAGTHC

149 2386 203 2445 cod
227 2386 387 2460 Parisinus,
409 2387 592 2462 reliquorum
614 2389 779 2463 scripturae
802 2388 889 2448 modo
913 2407 980 2447 cum
1003 2389 1093 2447 huius
1118 2388 1206 2447 modo
1230 2409 1298 2448 cum

148 2474 230 2535 illius
244 2475 354 2536 codicis
368 2478 516 2553 scriptura
530 2478 725 2536 consentiunt.
764 2474 869 2535 Graeci
883 2481 988 2553 poetae
1002 2477 1097 2537 ueluti
1111 2477 1297 2538 Archestrati

147 2565 269 2625 uidetur
299 2565 391 2625 uerba
424 2566 560 2625 attulisse
591 2565 732 2625 Lucilius.
784 2566 827 2625 De
861 2565 934 2624 chio
964 2565 1145 2643 Hermippus
1175 2565 1298 2627 alal

147 2674 176 2730 p.
194 2656 266 2730 249,
286 2654 365 2714 82Κ
392 2662 498 2715 τοῦτον
525 2651 582 2735 ἐγὼ
609 2654 700 2734 κρίνω
728 2653 804 2715 πολὺ
832 2653 953 2715 πάντων
980 2647 1057 2714 εἶναι
1087 2651 1208 2734 ἄριστον
1240 2664 1300 2715 τῶν

147 2739 243 2804 ἄλλων
266 2742 358 2804 οἴνων
381 2736 437 2822 μετ’
463 2741 603 2822 ἀμύμονα
626 2746 703 2804 Χῖον
725 2740 848 2804 ἄλυπον.
896 2744 1041 2804 Similiter
1064 2745 1167 2819 Alpini
1194 2746 1300 2824 regina

147 2834 212 2911 iugi
235 2833 345 2893 dicitur
367 2852 523 2910 cupressus
547 2832 889 2894 81011101111829.

238 2915 344 2984 1132.
367 2923 534 3000 Porphyrio
549 2923 588 2982 ad
601 2922 720 2983 Horatii
735 2926 822 3000 epist.
836 2924 867 2982 H
883 2926 911 2997 2,
928 2925 977 2981 94.
995 2924 1034 2982 95
1051 2925 1164 2982 circum
1179 2922 1296 2999 Specte-

146 3029 212 3071 mus
228 3007 307 3070 ‘Vna
324 3031 394 3089 pars
413 3014 557 3072 orationis
576 3016 621 3074 est
639 3013 737 3072 diuisa
756 3013 787 3071 in
805 3013 879 3073 duos
893 3031 1004 3088 uersus,
1023 3011 1121 3071 Lucili
1136 3005 1196 3095 (ita
1210 3012 1297 3073 Guel-

146 3100 267 3178 ferbyt:
290 3103 360 3162 lucii
382 3094 506 3183 reliqui)
525 3120 606 3161 more
625 3104 655 3161 et
673 3098 887 3179 antiquorum'.
930 3101 1021 3162 Cuius
1039 3120 1110 3162 usus
1130 3103 1297 3179 exemplum

145 3193 259 3251 certum
278 3191 357 3269 apud
374 3191 524 3251 Lucilium
545 3212 604 3252 non
623 3193 718 3250 extat:
737 3192 806 3250 uide
824 3191 862 3250 ad
881 3191 931 3250 lib.
946 3191 977 3250 11
996 3213 1023 3249 u.
1040 3192 1090 3250 62.
1105 3192 1164 3251 XII
1177 3212 1205 3250 u.
1221 3194 1294 3253 433.

238 3273 344 3343 1133.
367 3280 467 3340 Verba
493 3280 621 3360 Vergilii
648 3283 718 3341 sunt
746 3276 938 3341 ‘sternit
966 3279 1125 3359 Ortygium
1153 3281 1297 3356 Caeneus,

145 3372 289 3429 uictorem
318 3369 433 3430 (taenea
463 3370 594 3446 Turnus,
625 3371 743 3429 Turnus
775 3370 845 3446 Ityn
879 3366 1114 3446 Cloniumque’..
1145 3371 1297 3448 Interpres

145 3478 205 3518 non
227 3461 345 3519 tantum
373 3462 490 3536 spectat
514 3461 634 3519 Turnus
663 3460 787 3520 uerbum
814 3461 965 3534 iteratum,
993 3464 1139 3537 quantum
1165 3460 1297 3521 Caeneus

144 3552 175 3607 et
200 3547 315 3609 anneo
340 3551 373 3609 in
402 3548 508 3624 quibus
535 3569 640 3609 reuera
669 3568 772 3610 sensus
795 3551 928 3609 uarietur
949 3551 1109 3609 iteratione
1133 3553 1164 3609 et
1187 3551 1295 3610 climax

144 3637 239 3716 figura
271 3640 367 3714 possit
398 3639 533 3716 agnosci,
566 3638 644 3715 quod
677 3641 708 3698 in
743 3640 863 3698 Tomoe
915 3638 1061 3699 uocabulo
1092 3641 1202 3699 iterato
1235 3659 1295 3700 non

144 3727 261 3787 accidit.
317 3725 450 3796 Quodsi
474 3731 650 3804 spectasset,
681 3729 757 3788 hane
789 3728 915 3808 figuram
944 3729 1167 3805 epanalempsin
1196 3729 1295 3804 qualis

143 3818 190 3876 est
220 3815 272 3875 lib.
293 3816 340 3875 ΠΙ
371 3815 479 3876 Lucilii
506 3837 534 3875 ιι.
556 3819 628 3877 110.
655 3819 715 3876 111
746 3819 845 3895 potius
875 3818 1005 3877 dixisset.
1059 3818 1294 3894 Epanalempsin

143 3925 204 3965 una
226 3923 293 3964 cum
315 3905 437 3966 climace
455 3908 567 3966 tractat
584 3905 784 3985 Hermogenes
802 3906 839 3966 de
857 3905 896 3964 id.
915 3905 931 3965 I
950 3904 1006 3965 aa
1026 3905 1072 3964 llI
1089 3926 1118 3981 p.
1135 3906 1294 3965 attwss

142 4014 170 4070 p.
188 3995 250 4054 336
267 3994 316 4070 Sp.
337 3996 389 4071 qui
407 3999 566 4072 utrumque
584 4003 682 4074 σχῆμα
700 3996 774 4055 dicit
791 4003 849 4054 τῶν
868 3993 1117 4065 καλλωπιζόντων.
1162 3993 1295 4054 Climaca

143 4083 260 4164 egregie
284 4083 384 4161 Scipio
408 4085 519 4145 amicus
538 4085 644 4144 habuit
661 4085 693 4143 in
711 4084 834 4158 deliciis,
857 4087 892 4143 ut
910 4087 1036 4160 apparet
1054 4084 1196 4159 exemplis
1215 4103 1292 4161 quae

141 4171 274 4233 Isidorus
302 4173 357 4232 RL
384 4194 413 4250 p.
429 4175 502 4234 517.
527 4173 631 4233 518Η
659 4176 806 4233 seruauit:
839 4174 922 4232 cuius
945 4176 977 4231 in
999 4173 1179 4233 rhetoricam
1201 4176 1292 4249 poeta

142 4264 269 4323 sommae
300 4263 444 4323 illuserat
500 4262 614 4324 Similis
645 4261 742 4339 figura
774 4265 819 4322 est
851 4280 941 4338 quam
976 4260 1125 4340 διαφοράν
1157 4265 1293 4322 nominat

142 4352 274 4412 Rutilius
302 4351 357 4411 ltL
375 4373 404 4429 p,
420 4354 453 4428 8,
475 4351 555 4412 14Η
584 4347 651 4413 ‘hoc
680 4352 799 4412 schema
827 4356 872 4411 est
899 4369 968 4410 cum
1001 4350 1124 4409 uerbum
1150 4354 1293 4412 iteratum

142 4443 234 4500 aliam
253 4444 432 4503 sententiam
450 4441 600 4521 significat
617 4460 652 4502 ec
666 4441 849 4520 significauit
861 4442 957 4517 primo
972 4436 1105 4499 dictum'.
1145 4441 1235 4501 Libro
1249 4441 1293 4501 IX
