3036 5004
232 374 297 440 336
637 371 725 426 m
741 390 769 425 u.
790 376 976 426 roos-moe.

231 545 342 604 Paulus
373 544 441 621 plus
475 542 613 602 360000
645 541 866 602 drachmarum:
899 540 976 602 unde
1007 543 1087 601 recte
1119 538 1203 618 μόλις
1233 537 1306 600 ἑπτὰ
1336 538 1388 600 καὶ

232 633 387 714 τριάκοντα
414 631 568 714 μυριάδων
595 629 734 711 γενέσθαι
760 630 817 710 τὴν
844 629 950 692 οὐσίαν
976 630 1070 690 tradit
1097 630 1276 691 Plutarchus
1299 630 1390 690 Aeni.

233 724 316 783 Paul.
337 725 377 783 39
398 727 471 783 extr.
525 722 630 798 Neque
656 722 751 801 igitur
782 741 846 781 rem
877 721 988 780 Fabius
1028 722 1152 779 auxerat
1183 720 1234 780 sed
1266 723 1391 797 praeter

233 813 320 873 Pauli
338 814 433 890 patris
452 811 648 871 hereditatem
666 812 813 870 habuerat
830 810 1036 870 tantummodo
1052 810 1126 870 baec
1139 828 1216 885 quae
1230 809 1390 869 abundant

233 904 388 963 denarium
411 903 495 961 milia
514 901 640 980 triginta
658 901 685 960 si
702 904 781 960 recte
799 900 910 960 Lucilii
926 918 1046 959 uersum
1062 899 1254 976 interpretati
1272 919 1388 959 sumne.

233 992 362 1071 Argenti
384 993 459 1051 facti
481 994 512 1050 et
534 991 600 1050 auri
624 994 697 1066 quot
719 991 811 1049 libras
838 976 938 1066 Scipic
961 990 1056 1048 frater
1077 989 1232 1064 reliquerit
1254 989 1390 1048 traditur

234 1082 310 1141 Plin.
330 1085 391 1141 nat.
410 1082 479 1142 hist.
498 1080 628 1139 XXXIII
648 1082 709 1139 141
736 1073 844 1160 [Plut]
869 1079 1058 1157 apopthegm.
1078 1079 1155 1156 Scip.
1175 1079 1246 1137 min.
1268 1081 1295 1137 1.

325 1162 431 1232 1054.
459 1169 776 1247 Vergiliischoliasta
799 1169 963 1228 Vaticanus
991 1168 1029 1228 ad
1062 1170 1221 1246 georgicon
1249 1168 1296 1226 Ill
1323 1170 1387 1226 159

235 1257 287 1321 ‘ut
314 1280 388 1338 quos
416 1261 470 1319 aut
496 1259 597 1336 pecori
623 1259 732 1319 malint
762 1259 936 1318 submittere
964 1253 1121 1317 babendo'.
1225 1262 1256 1316 et
1283 1257 1388 1316 aliter:

235 1346 278 1410 ‘id
302 1350 382 1427 quod
399 1349 535 1410 habetur.
576 1347 709 1409 Lucilius
731 1351 764 1407 in
779 1349 929 1409 tricesimo
949 1342 1197 1423 “nonnumquam
1215 1346 1302 1406 dabit
1319 1349 1389 1423 ipsa

235 1444 317 1500 aetas
345 1439 424 1517 quod
452 1440 548 1516 possit
577 1432 757 1498 habendo”.’
802 1436 912 1498 Lucilii
935 1456 1054 1497 uersum
1077 1456 1137 1497 non
1159 1441 1239 1496 recta
1263 1435 1390 1495 adhibet
1505 1495 1507 1499 .

235 1531 451 1589 commentator
482 1529 520 1588 ad
550 1547 649 1607 georg.
668 1529 687 1586 l.
702 1547 724 1588 s.
739 1546 762 1587 s.
798 1527 851 1586 ubi
884 1529 984 1602 pecori
1015 1527 1146 1587 babendo
1176 1527 1309 1604 positum
1341 1530 1390 1586 est

234 1619 323 1679 sicuti
346 1639 445 1697 georg.
464 1618 480 1675 I
499 1620 527 1677 3.
573 1618 664 1693 Apud
690 1617 839 1676 Lucilium
866 1617 997 1676 babendo
1024 1616 1144 1676 datiuns
1177 1615 1313 1687 absolute
1341 1619 1390 1674 est

234 1711 350 1785 positus
373 1708 462 1767 sicuti
486 1707 636 1766 ablaticus
655 1725 702 1784 ap.
721 1705 838 1766 Lucret.
857 1707 873 1764 I
892 1708 955 1765 312
981 1701 1099 1766 ‘anulm
1117 1708 1150 1765 in
1169 1705 1265 1784 digito
1283 1706 1390 1764 subter

234 1801 377 1857 tenuatur
398 1791 554 1872 babendo’,
582 1795 702 1856 datiuus
730 1815 776 1872 ap.
795 1796 908 1875 Vergil.
928 1795 1002 1855 Aen.
1021 1796 1079 1855 XII
1098 1797 1139 1855 88
1169 1790 1269 1855 ‘simul
1299 1798 1390 1871 aptat

235 1886 370 1947 habendo
393 1904 552 1962 ensemque
575 1886 762 1962 clipeumque
784 1890 815 1944 et
837 1885 945 1945 rubrae
963 1903 1075 1945 cornua
1093 1881 1226 1945 cristae':
1249 1886 1303 1961 qui
1326 1903 1389 1944 non

234 1976 384 2037 Lucilium
419 1976 471 2036 sed
507 1977 596 2036 sicuti
629 1975 763 2036 Lucilius
799 1995 918 2036 uersum
945 1975 1095 2052 quendam
1118 1975 1209 2034 Ennii
1244 1973 1390 2033 uidentur

235 2068 358 2126 imitari.
403 2064 512 2125 Lucilii
545 2065 636 2124 uerba
663 2067 709 2124 ita
735 2065 876 2124 uidentur
902 2064 1106 2143 intellegenda
1132 2083 1195 2125 esse
1228 2060 1390 2123 ‘nonnum-

237 2175 327 2233 quam
353 2157 420 2232 ipsa
446 2156 512 2214 ulta
539 2154 623 2213 dabit
651 2158 797 2231 quantum
823 2155 888 2214 fieri
919 2157 1015 2231 possit
1045 2149 1139 2214 nsui'r
1171 2154 1390 2213 antecedebant

237 2242 321 2305 ‘haec
335 2247 436 2304 omnia
449 2246 610 2322 praecepta
623 2245 813 2321 philosophia
826 2247 964 2321 parentes
979 2245 1069 2305 amici
1083 2243 1225 2320 praebere
1238 2239 1388 2319 possunt'.

236 2335 281 2394 De
299 2336 448 2394 sententia
467 2336 538 2393 conf
553 2334 605 2393 lib.
618 2333 718 2393 XXIX
735 2354 763 2392 0.
780 2336 843 2393 805
867 2333 973 2393 Horat.
992 2352 1077 2393 serm.
1097 2333 1113 2392 I
1132 2336 1161 2408 4,
1182 2334 1253 2392 132.
1290 2332 1389 2391 Lach-

229 2442 362 2484 manuus
394 2425 515 2500 scripsit
540 2426 637 2498 prout
669 2416 715 2505 (in
747 2422 864 2484 Lucret.
888 2444 916 2500 p.
937 2418 1031 2505 212),
1065 2442 1120 2502 ego
1154 2418 1247 2499 ‘quod
1277 2418 1387 2499 possit’

235 2516 417 2590 interpretor
430 2516 519 2574 sicuti
537 2533 584 2591 ap.
599 2514 716 2573 Terent.
731 2513 807 2572 Eun.
823 2515 896 2572 214.
913 2516 976 2572 215
991 2514 1102 2592 legitur
1117 2508 1235 2571 ‘munus
1249 2516 1387 2570 nostrum

237 2607 341 2664 ornato
364 2603 473 2679 uerbis,
501 2604 580 2679 quod
604 2605 729 2679 poteris,
757 2608 788 2663 et
813 2605 906 2662 istum
937 2604 1086 2661 aemulum
1110 2601 1190 2679 quod
1212 2603 1324 2678 poteris
1348 2602 1388 2660 ab

236 2712 271 2752 ea
297 2688 414 2770 pellito'
438 2693 547 2752 Heaut.
562 2695 626 2753 410
647 2688 738 2769 ‘quod
766 2697 869 2770 potero
897 2692 1040 2752 adiutabo
1063 2687 1174 2752 senem'
1206 2690 1272 2752 Liu
1285 2691 1388 2750 XXVI

237 2784 331 2856 32,6
362 2777 453 2858 ‘quod
485 2784 548 2842 sine
581 2785 698 2841 iactura
723 2784 797 2860 reip.
829 2782 894 2841 fieri
928 2776 1039 2858 posset’
1073 2779 1388 2855 caes.b.c.135,4

238 2867 329 2948 ‘quod
347 2872 501 2932 commodo
518 2874 592 2948 reip.
607 2874 703 2931 facere
726 2867 837 2949 poeset’
857 2864 932 2954 (Cic.
948 2874 1033 2948 epist.
1048 2872 1063 2930 I
1080 2874 1107 2947 1,
1123 2864 1158 2953 3)
1181 2869 1247 2928 Liu.
1261 2869 1389 2928 XXXIX

237 2963 327 3037 45,7
354 2957 444 3038 ‘quod
476 2963 539 3021 eius
571 2964 634 3022 sine
662 2960 741 3020 bello
768 2957 889 3039 posset'.
934 2963 1000 3034 ficii
1027 2962 1129 3020 omitti
1158 2978 1243 3036 posse
1270 2961 1301 3018 in
1329 2961 1389 3018 tali

237 3050 386 3111 locutione
410 3051 556 3110 adnotant
577 3053 756 3127 interpretes
779 3052 817 3111 ad
841 3052 957 3111 Terent.
976 3049 1095 3110 Phorm.
1116 3051 1189 3109 303.

331 3132 437 3200 1055.
461 3140 577 3200 Nonius
599 3160 627 3216 p.
644 3142 718 3216 399,
738 3142 778 3200 23
805 3137 984 3201 ‘Subducere
1007 3142 1053 3200 est
1076 3141 1232 3215 surripere.
1258 3137 1389 3197 L..u·

234 3230 324 3289 cilius
342 3229 393 3288 lib.
408 3229 491 3287 XXX
515 3225 597 3288 “neu
624 3231 676 3306 qui
703 3234 733 3289 te
760 3232 862 3306 moro
888 3230 1012 3303 famu&
1038 3223 1244 3289 subducere''.'
1295 3229 1389 3288 Recte

236 3320 341 3393 {peroro
364 3316 537 3380 Gerlachius
560 3322 591 3379 et
608 3319 828 3395 Lachmannus,
850 3322 899 3379 bic
920 3319 1061 3395 fomute,
1090 3319 1252 3378 Muellerus
1270 3318 1389 3394 famuli,

238 3408 317 3485 quod
347 3411 393 3468 est
419 3409 534 3469 melius.
579 3409 684 3469 Horat
704 3429 789 3470 serm.
808 3410 823 3468 I
844 3413 872 3486 1,
893 3412 933 3468 77
965 3405 1138 3469 ‘formidare
1170 3409 1265 3467 malos
1297 3408 1388 3482 fures,

237 3498 383 3572 incendia,
402 3515 512 3574 seruos,
530 3518 567 3558 ne
585 3502 616 3558 te
635 3500 797 3576 compilent
815 3502 972 3579 fugientes,
992 3499 1047 3557 boc
1065 3494 1184 3558 iuuat?
1226 3497 1329 3556 quen.
1343 3496 1388 3555 XI

240 3589 302 3647 142
327 3583 392 3648 ‘nec
419 3588 548 3647 frustum
575 3607 699 3666 capreae
726 3589 888 3649 subducere
915 3608 969 3648 nec
996 3589 1075 3647 latus
1097 3588 1190 3646 Afrae
1214 3589 1300 3646 nouit
1322 3588 1389 3647 suls

238 3681 347 3753 noster,
369 3679 390 3736 ι’.
404 3694 426 3736 e.
449 3695 567 3745 seruus,
596 3679 764 3738 tirunculus
787 3697 822 3740 ac
844 3679 927 3738 rudis
950 3679 1032 3737 omni
1054 3682 1188 3755 tempore
1211 3680 1242 3736 et
1264 3677 1388 3755 exiguae

149 3792 171 3829 μ
238 3767 327 3827 furtis
353 3766 479 3826 inbutus
506 3763 635 3827 ofellae'.
672 3768 756 3828 Idem
779 3769 939 3828 Muellerus
962 3787 1030 3827 cum
1053 3764 1244 3836 Quicberatio
1267 3765 1390 3842 supplet

232 3859 356 3930 possm.
392 3874 451 3916 nou
468 3860 531 3931 qui,
559 3876 617 3916 neu
647 3876 706 3934 quo
733 3862 831 3935 pacto.
872 3858 1071 3918 Vehementer
1100 3859 1135 3916 tu
1162 3875 1248 3916 ouras
1275 3875 1312 3915 ne
1339 3874 1388 3915 res

238 3947 296 4006 tibi
318 3946 399 4006 furto
422 3949 526 4023 pereat
552 3966 610 4006 neu
638 3949 690 4024 qui
717 3951 748 4007 te
774 3949 880 4028 ignaro
909 3949 1016 4008 famuli
1043 3946 1204 4007 subducere
1228 3947 1389 4022 quicquam

238 4038 361 4113 possint.
413 4030 463 4116 [In
486 4056 553 4113 app.
573 4037 638 4096 crit
656 4037 752 4097 scribe
774 4033 897 4119 ignora]

331 4117 437 4186 1050.
455 4125 571 4186 Nonius
589 4147 618 4203 p.
634 4128 707 4201 118,
723 4129 741 4186 9
758 4122 903 4188 ‘Gordius
944 4125 1079 4186 Lucilius
1097 4125 1149 4185 lib.
1162 4125 1245 4184 XXX
1261 4120 1390 4184 “curare

239 4214 321 4273 domi
344 4216 405 4274 sint
427 4214 546 4294 gordius
570 4217 697 4275 ancillae
726 4219 812 4293 pueri
839 4219 975 4278 nonarius
1003 4211 1134 4275 tector''.'
1180 4215 1272 4274 Recte
1298 4219 1392 4273 tector

239 4303 356 4362 Iunius:
389 4304 527 4364 adferunt
558 4306 653 4364 lexico
686 4305 804 4365 Firmic.
828 4306 900 4365 Mat
926 4305 1050 4365 mathes.
1064 4304 1140 4364 v111
1162 4322 1227 4381 cap.
1242 4305 1283 4362 25
1312 4305 1391 4363 med.

240 4411 327 4469 quem
357 4393 455 4452 locum
488 4393 662 4455 Skutschius
695 4395 751 4455 hoc
782 4396 870 4455 modo
904 4415 966 4456 esse
998 4394 1239 4453 constituendum
1271 4393 1309 4452 ad
1342 4413 1392 4455 me

240 4483 373 4558 scripsit:
398 4476 444 4541 ‘In
467 4487 552 4560 parte
575 4482 674 4543 XXVI
696 4483 804 4544 Librae
827 4487 1005 4563 quicumque
1023 4483 1162 4543 habuerit
1183 4484 1393 4561 horoscopum,
