3060 5010
677 331 743 394 vm
760 353 787 395 u.
807 336 957 395 991-299.

758 584 865 672 VIII.

328 737 411 806 296.
448 744 563 803 Nonius
600 764 628 820 p.
648 745 728 818 489,
752 744 794 802 20
832 737 965 802 ‘Gracile
1001 745 1047 802 est
1084 761 1138 819 pro
1175 744 1296 822 gracilis
1334 746 1387 803 est.

237 834 371 894 Lucilius
394 838 564 910 satyrarum
586 832 637 891 lib.
652 832 728 891 VIII
752 827 855 908 “quod
878 832 992 910 gracile
1012 879 1017 890 .
1034 879 1040 890 .
1056 879 1062 890 .
1081 828 1234 893 similis”.'
1276 834 1388 911 Agitur

238 923 274 982 de
306 924 407 1000 puella
438 922 571 983 nondum
603 922 708 982 adulta
740 924 771 981 et
801 923 885 981 casta
916 923 1015 998 qualis
1042 920 1189 983 Atalanta
1216 923 1276 982 fuit
1303 925 1387 982 cuius

237 1013 392 1089 epitheton
409 1014 518 1086 pereto
540 1013 683 1073 sollemne
704 1015 750 1071 est
767 1003 892 1092 (051511.
910 1011 942 1070 H
963 1014 1003 1071 12
1024 1011 1099 1070 Stat.
1119 1012 1209 1071 Theb.
1228 1012 1273 1071 IV
1293 1005 1386 1095 312):

237 1101 274 1162 de
301 1121 362 1178 qua
389 1100 476 1162 Ouid.
500 1106 620 1161 metam.
640 1101 714 1160 VIII
734 1102 811 1160 322:
846 1096 948 1160 ‘fecies
980 1120 1070 1177 quam
1096 1099 1194 1161 dicere
1226 1120 1296 1161 uera
1327 1104 1387 1161 uir·

238 1194 357 1270 gineam
384 1195 417 1251 In
443 1211 549 1268 puero,
576 1191 722 1268 puerilem
749 1193 781 1249 in
808 1192 926 1267 uirgine
953 1185 1075 1266 posses’.
1101 1223 1142 1232 —-
1166 1191 1246 1268 quod
1269 1195 1387 1267 pectore

237 1275 327 1361 puro]
351 1281 389 1342 ad
412 1285 510 1341 castos
532 1299 629 1341 mores
651 1283 783 1358 pertinet
805 1283 839 1337 ut
865 1280 945 1338 idem
968 1298 1071 1339 uersus
1095 1282 1191 1339 exitus
1215 1299 1263 1357 ap.
1281 1280 1386 1341 Horat.

237 1390 323 1431 serm.
342 1371 358 1429 I
378 1373 411 1444 6,
431 1372 472 1429 64
497 1367 568 1431 ‘non
600 1373 686 1447 patre
717 1369 870 1446 praeclaro
902 1369 953 1428 sad
985 1371 1052 1429 uita
1083 1372 1113 1429 et
1140 1373 1259 1447 pectore
1285 1366 1387 1446 puro’3

237 1460 466 1536 epist.12‚67
492 1456 582 1520 ‘nunc
605 1459 711 1519 adhibe
739 1477 813 1535 puro
837 1462 956 1534 pectore
981 1459 1074 1519 uerba
1096 1455 1190 1536 puer'.
1235 1459 1388 1519 Praeierat

238 1549 352 1608 Ennius
379 1552 412 1608 in
439 1550 584 1608 Phoenice
613 1540 744 1630 (55911)
774 1544 820 1607 ‘ea
847 1548 970 1608 libertus
998 1551 1044 1608 est
1074 1551 1127 1625 qui
1153 1553 1256 1626 pectus
1279 1569 1387 1627 purum

237 1642 268 1698 et
294 1638 412 1697 firmum
439 1634 586 1716 gestitat'.
634 1638 742 1713 Itaque
774 1641 961 1697 enumerauit
991 1642 1082 1715 poeta
1112 1641 1240 1699 uirtutes
1269 1639 1386 1716 puellae

238 1727 347 1804 quibus
370 1730 476 1789 ornata
499 1730 573 1788 uiris
595 1730 751 1803 tantopere
774 1729 929 1805 placuerit.

328 1809 410 1879 298.
447 1817 616 1877 Pnscisnus
656 1815 712 1875 GL
736 1816 766 1875 Π
794 1819 922 1893 p.115,
947 1817 1034 1877 15K
1072 1813 1241 1877 ‘Praetores
1281 1837 1387 1896 panus,

236 1908 393 1982 panucula.
439 1907 573 1967 Lucilius
595 1909 627 1965 in
650 1905 725 1965 VIII
753 1901 860 1966 “intus
883 1907 971 1967 modo
998 1911 1051 1966 stet
1076 1910 1174 1968 rectus
1201 1908 1386 1978 subteminis,

236 1991 377 2072 panus''.’
425 1996 470 2054 Ex
497 1997 601 2055 eodem
628 1998 750 2056 auctore
776 1996 892 2057 Nonius
921 2016 949 2072 p.
967 1999 1043 2070 149,
1063 1999 1105 2055 24
1130 1993 1249 2072 ‘Pauus
1271 2001 1387 2057 1555155

238 2087 439 2162 molucrum,
467 2105 558 2163 quam
585 2085 766 2145 diminutiue
792 2087 953 2162 panuclam
984 2105 1125 2145 uocemue
1157 2080 1297 2168 (dicimus
1330 2088 1388 2147 edit

239 2168 393 2257 Ontosesti).
439 2175 572 2236 Lucilius
595 2175 645 2234 lib.
666 2175 774 2235 VIIII
801 2171 899 2250 “for-is
926 2176 1102 2237 subteminis
1125 2168 1292 2258 (Leidensis
1319 2178 1387 2237 eub-

236 2291 390 2381 51555555)
426 2320 522 2377 panus
560 2266 687 2381 (5555515
727 2293 1038 2383 Guelferbytanus)''.'
1089 2302 1134 2360 Ex
1176 2301 1278 2362 eodem
1311 2301 1385 2361 Cha·

236 2392 326 2450 risius
355 2388 412 2449 GL
441 2391 457 2449 I
484 2411 512 2467 p.
539 2392 616 2465 105,
645 2390 714 2449 ΒΚ.
752 2387 924 2450 Ῥ55155155
962 2389 1156 2471 πρωτότοκον
1197 2411 1292 2468 panus
1332 2394 1385 2451 est.

236 2479 369 2539 Lucilius
405 2481 438 2538 In
469 2478 545 2539 VIII
582 2472 733 2562 (impressi
771 2472 889 2562 quarto)
923 2475 1114 2541 “subtimiuie
1144 2477 1285 2559 panus'’.’
1341 2481 1386 2540 Er

237 2567 371 2628 charisio
385 2568 469 2628 Bede
483 2568 538 2629 GL
558 2570 617 2629 VH
636 2591 663 2647 p.
681 2571 754 2645 285,
775 2572 816 2630 20
831 2569 859 2628 Κ
876 2569 929 2629 ubi
946 2570 1115 2630 subteminis
1131 2575 1210 2630 recte
1224 2569 1386 2644 Leidensis,

231 2676 355 2732 ponnus
390 2677 500 2720 omnes.
553 2660 647 2720 Felici
684 2678 754 2720 casu
790 2660 903 2719 factum
941 2662 986 2719 est
1017 2663 1052 2719 nt
1082 2679 1202 2720 uersum
1234 2662 1386 2738 integrum

236 2750 383 2824 possimus
410 2767 592 2826 recuperare.
639 2750 727 2809 Intus
754 2751 833 2808 enim
861 2753 892 2809 et
918 2751 993 2824 soris
1020 2749 1112 2809 uerba
1139 2752 1289 2809 centraria
1316 2752 1387 2809 sunt

235 2839 271 2896 ut
298 2858 344 2914 ap.
364 2836 449 2897 Varr.
472 2838 498 2899 d.
518 2838 599 2898 LV
627 2842 687 2899 131
724 2835 828 2898 ‘unum
860 2839 940 2915 quod
972 2839 1045 2899 foris
1078 2858 1113 2899 55
1143 2840 1257 2915 palam,
1293 2840 1386 2916 palla,

237 2928 364 2987 alterum
387 2927 467 3005 quod
490 2929 580 3004 intus,
603 2949 621 2987 a
643 2948 703 3004 quo
725 2924 893 2989 intusium'.
936 2926 1077 2988 Contenti
1100 2933 1170 2989 sunt
1192 2929 1283 2988 multi
1302 2930 1385 3005 turpi

236 3018 312 3075 faeie
345 3017 492 3094 mulieris,
525 3017 612 3077 modo
645 3021 742 3078 rectus
775 3021 835 3078 stet
866 3019 949 3077 fusus
981 3019 1076 3094 intus,
1108 3019 1181 3078 foris
1209 3018 1384 3078 subteminis

236 3105 342 3184 globus
370 3110 451 3165 recto
479 3107 582 3166 ordine
610 3110 716 3168 auctus
745 3111 903 3185 appareat,
931 3108 1009 3185 quod
1033 3111 1192 3184 utrumque
1215 3107 1331 3169 sobriae
1355 3112 1386 3168 et

235 3194 371 3253 lanificae
394 3198 550 3273 proprium
573 3198 639 3255 erit.
680 3196 770 3257 Libro
793 3197 869 3256 VIII
892 3217 928 3256 ex
948 3196 1075 3257 Charisii
1099 3201 1129 3257 et
1151 3196 1298 3258 Prisciani
1316 3216 1385 3256 oon·

236 3302 322 3342 sensu
350 3302 470 3343 uersum
498 3285 718 3362 adscripsimus.
765 3287 864 3347 Penus
892 3290 938 3346 est
964 3287 1071 3364 globus
1099 3287 1275 3347 subteminis
1305 3287 1384 3364 quod

236 3372 354 3432 ducitur
390 3392 409 3433 5
444 3374 510 3435 fuso
543 3376 562 3434 i.
586 3394 610 3433 e.
647 3371 777 3454 ἠλακάτη
814 3380 909 3436 rector
946 3378 1125 3437 uocabulum
1157 3381 1203 3437 est
1232 3376 1385 3453 Doricum,

234 3469 343 3540 κτῆνος·
370 3461 503 3541 ὕφασμα.
531 3464 653 3542 πηνίον·
681 3465 865 3527 κτανούκλιον
892 3462 913 3546 δ)
940 3462 1082 3546 δι’τρακτος
1103 3465 1146 3538 εἰς
1168 3462 1204 3526 δν
1226 3463 1384 3545 silesceret

234 3549 327 3631 κρόκη
359 3551 534 3628 Hesychius.
562 3554 620 3612 ΑΡ
637 3554 681 3613 VI
706 3556 770 3614 160
801 3556 921 3637 κερκίδα
944 3604 949 3614 .
970 3603 976 3614 .
997 3555 1073 3616 ,τόν
1103 3576 1131 3615 τε
1163 3552 1385 3637 καρηβαρὲοντα

233 3641 489 3721 κολυρροίβδητον
516 3639 673 3723 ἄτρακτον,
700 3647 853 3724 κλωστῆρα
877 3655 1016 3726 στρεκτᾶς
1038 3643 1186 3726 εὔδρομον
1208 3642 1385 3724 ἁρπεδόνας,

233 3728 283 3791 καὶ
314 3729 428 3809 κήνας,
460 3730 510 3791 καὶ
541 3731 626 3792 τόνδε
658 3732 860 3811 φιληλᾶκατον
892 3735 1076 3796 καλαθίσκον
1103 3739 1162 3794 κτλ.
1190 3736 1384 3795 55551551555

235 3821 314 3896 quod
336 3821 461 3898 praebet
478 3822 569 3882 Nonii
592 3821 744 3884 Leidensis
769 3823 910 3885 defendas
932 3825 1029 3884 forma
1049 3829 1194 3898 supstcnet
1216 3823 1298 3883 ctu
1319 3826 1383 3884 929

235 3909 422 3971 Buecheleri:
445 3913 495 3972 uel
518 3913 674 3991 genetiuus
697 3914 729 3973 in
753 3931 802 3973 -55
824 3915 943 3975 defendi
965 3918 1066 3991 potest
1089 3933 1156 3974 cum
1178 3914 1242 3974 Cat.
1261 3913 1297 3973 de
1321 3933 1383 3992 agr.

235 4001 305 4060 cult
322 4002 395 4077 157,
411 4002 429 4060 8
449 4006 549 4061 51555
567 4005 598 4062 51
617 4006 767 4078 superaras
780 4004 891 4064 formas
905 4003 1016 4064 habeat
1028 4003 1083 4064 cod
1097 4004 1125 4062 A
1140 4002 1200 4063 alii.
1234 4003 1293 4064 Sed
1308 4002 1384 4063 illud

233 4090 374 4149 mendum
398 4109 460 4150 esse
483 4091 600 4152 librarii
627 4096 673 4152 est
700 4092 893 4170 probabilius.
939 4094 975 4152 In
994 4112 1062 4171 app.
1082 4093 1146 4153 crit.
1166 4092 1271 4153 addas:
1294 4094 1384 4153 subti-

232 4181 323 4238 miuis
342 4178 454 4239 Charis.
473 4181 515 4239 N:
539 4181 587 4241 lie.
606 4182 660 4241 IX
677 4183 919 4243 5555555155.

324 4259 406 4329 299.
425 4269 595 4331 Priscianus
619 4270 675 4330 GL
693 4271 725 4330 11
743 4292 771 4349 p.
788 4274 861 4348 397,
882 4274 922 4332 24
938 4272 965 4331 Κ
986 4268 1076 4331 ‘Nam
1099 4273 1233 4333 5155155
1252 4272 1383 4332 lentesco

234 4356 398 4432 demutetur,
422 4359 569 4434 quomodo
593 4379 612 4420 5
633 4361 708 4420 duro
731 4361 853 4422 duresco
878 4365 908 4421 et
931 4381 950 4420 a
973 4365 1055 4421 uireo
1079 4365 1201 4422 uiresco.
1248 4361 1384 4422 Lucilius

233 4448 335 4506 tamen
357 4448 389 4504 in
408 4447 483 4505 VIII
508 4444 625 4509 “lentat
648 4446 746 4526 opus''
766 4447 914 4527 protulit'
957 4451 1125 4512 Macrobius
1144 4450 1199 4511 GL
1219 4451 1245 4507 V
1265 4472 1293 4529 p.
1310 4453 1384 4528 650,
