3000 5002
222 345 289 412 380
586 346 683 402 incert
704 347 761 402 aad.
780 366 807 401 u.
830 353 1014 403 nae-rrae.

224 517 268 575 Ex
289 517 346 577 hoo
368 516 471 576 ordine
495 520 620 593 apparet
643 515 755 595 duplici
777 535 830 576 nos
853 518 900 576 uti
924 516 1099 577 traditione:
1127 517 1261 576 alteram
1291 516 1395 576 libra·

222 605 284 665 rius
308 605 427 666 exbibet
449 606 480 664 M
501 606 581 664 unde
604 607 696 666 editio
720 610 806 665 uetus
829 607 927 665 minus
951 605 1111 684 diligenter
1133 605 1283 680 deducta,
1310 607 1393 665 alte·

222 714 287 753 ram
306 694 338 770 (l,
360 695 440 754 unde
458 695 484 754 B
508 699 610 772 aperte
633 696 751 773 pendet,
775 696 828 772 qui
845 696 929 755 illius
948 698 1131 755 correcturas
1150 696 1247 754 falsas
1266 699 1392 754 temere

222 784 419 862 descripserit.
465 785 654 862 Archetypus
677 785 750 845 haec
774 784 954 862 praebuerat

310 875 425 934 lactens
448 876 502 950 qui
524 874 602 934 lacte
626 875 726 953 alitur,
749 876 865 935 lactans
889 875 940 950 qui
961 872 1080 950 decipit.
1117 873 1232 933 lactans
1252 875 1341 934 lacte

282 960 296 1025 ,ι’
312 963 466 1022 abundans
488 964 573 1023 uelut
595 964 739 1024 lactentes
762 965 834 1024 ficos
856 963 989 1024 Lucilius
1013 962 1095 1038 dicit,
1117 963 1266 1023 lactentia

312 1053 438 1130 coagula
461 1071 528 1112 cum
550 1054 639 1113 melle
661 1053 724 1113 bibi
744 1101 750 1112 .
771 1100 804 1112 ..

222 1141 307 1201 Vnde
334 1145 421 1219 patet
448 1142 612 1203 editionum
639 1143 715 1202 illud
742 1144 882 1202 meantia
913 1143 1012 1201 coactu
1043 1159 1105 1201 esse
1137 1142 1387 1218 interpolatoris,

223 1251 321 1293 errare
349 1231 482 1292 Dousam
509 1233 562 1309 qui
589 1232 742 1309 scripserit
769 1223 985 1315 (incert103)
1014 1225 1170 1290 ‘lactentia
1203 1228 1265 1289 Ooa
1301 1232 1387 1292 clam

222 1340 291 1380 cum
312 1322 400 1380 melle
418 1317 502 1379 bibi’.
540 1322 668 1400 Egregie
687 1322 766 1381 enim
785 1321 896 1380 dicitur
913 1321 1048 1380 lactentia
1067 1321 1188 1395 coagulo
1206 1338 1275 1380 cum
1295 1323 1387 1381 mella

222 1412 281 1470 bibi
303 1411 354 1469 ubi
377 1410 521 1470 lactentia
543 1411 691 1489 significet
715 1411 792 1471 lacte
820 1410 931 1470 diluta:
958 1410 1030 1469 conf
1050 1407 1136 1469 Ouid.
1155 1409 1224 1468 fast.
1243 1409 1292 1468 IV
1314 1413 1383 1471 545
1420 1420 1424 1427 '

223 1495 303 1559 ‘hlox
336 1502 439 1577 epulas
471 1503 600 1577 ponunt:
632 1500 796 1577 liquefacta
828 1499 954 1577 coagula
986 1498 1063 1558 lacte
1095 1499 1248 1575 Pomaque
1283 1503 1318 1560 et
1349 1500 1383 1559 in

222 1590 297 1649 ceris
316 1608 408 1648 aurea
426 1590 516 1649 mella
534 1586 608 1651 suis'
628 1582 761 1671 (matam.
776 1589 850 1648 XIII
865 1579 953 1669 830).
986 1587 1046 1646 Vbi
1064 1587 1229 1664 liquefacta
1246 1590 1383 1668 coagula

221 1679 299 1738 lacte
329 1677 480 1752 dicuntur,
513 1680 584 1754 quia
613 1675 655 1738 ‘in
689 1679 776 1739 lactis
808 1678 883 1737 duos
913 1677 1034 1756 congios
1066 1677 1182 1737 addunt
1212 1679 1382 1755 coagulum

221 1767 429 1845 magnitudine
457 1764 551 1827 oleae'
580 1759 681 1849 (Varr.
701 1768 728 1836 d.
747 1788 771 1827 r.
790 1789 813 1827 r.
832 1767 864 1827 H
884 1770 934 1841 11,
954 1760 998 1849 4).
1035 1766 1243 1841 Tibull.H3,
1264 1770 1309 1826 14
1337 1763 1382 1828 ‘et
1461 1796 1466 1805 ·

220 1857 343 1916 miscere
366 1875 445 1916 nouo
464 1857 596 1916 docuisse
615 1858 741 1937 coagula
759 1858 837 1917 lacte
855 1858 969 1917 lacteus
988 1860 1019 1915 et
1036 1850 1059 1933 †
1078 1856 1188 1916 mixtus
1206 1856 1380 1935 obriguisse

222 1940 341 2023 liquor'.
377 1946 438 2005 Lac
461 1950 597 2005 coactum
619 1965 685 2007 cum
707 1947 789 2007 melle
813 1946 874 2007 bibi
897 1949 929 2005 in
948 1946 1044 2021 epulis
1062 1945 1198 2007 uidemus
1216 1950 1381 2022 praeterea

222 2056 237 2092 e
261 2036 410 2112 colloquio
440 2035 699 2112 Montepessulano
729 2035 814 2096 OGL
832 2036 879 2095 III
897 2055 925 2111 p.
946 2036 1020 2111 658,
1040 2037 1080 2095 18
1111 2030 1237 2094 ‘adferto
1270 2037 1379 2114 siquid
1410 2056 1419 2076 0

221 2124 351 2199 habetis,
380 2125 539 2184 colostrum
566 2144 633 2184 cum
660 2126 748 2185 melle
777 2129 808 2184 et
835 2120 1055 2200 Gelonianum'‚
1081 2130 1147 2184 tum
1174 2145 1189 2184 e
1215 2124 1379 2186 Philoxeni

221 2211 331 2298 δείπνῳ
350 2215 406 2292 frg.
427 2217 445 2273 2
466 2235 494 2273 u.
515 2216 555 2274 36
566 2215 674 2292 Bergk.
694 2212 862 2295 ὁμοσύζυγα
880 2211 912 2274 δὲ
931 2213 1046 2287 ξανθόν
1064 2208 1090 2274 τ’
1110 2210 1288 2291 ἐπεισῆλθεν
1309 2214 1377 2291 μέλι

220 2299 270 2362 καὶ
292 2302 367 2382 γάλα
385 2303 558 2380 σύμπακτον
576 2308 667 2380 atque
685 2303 812 2364 lactaria
830 2305 919 2364 melle
937 2304 1031 2364 solere
1050 2303 1164 2363 condiri
1183 2323 1218 2362 ex
1237 2304 1376 2382 Alciphr.

221 2393 276 2470 frg.
298 2392 389 2467 6,10
412 2385 473 2453 εἶτα
500 2392 641 2472 patriarca
668 2393 802 2473 ποικίλα,
828 2389 864 2452 τὰ
892 2389 946 2471 μὲν
975 2392 1135 2470 μελίπηκτα
1157 2396 1216 2452 κτλ.
1261 2393 1377 2471 Itaque

221 2483 385 2542 rectissime
408 2484 545 2543 lactentia
567 2483 689 2558 coagulo
711 2501 778 2543 cam
806 2483 888 2542 melle
915 2484 974 2542 hibi
1002 2481 1080 2559 apud
1104 2480 1242 2559 Capram.
1290 2482 1377 2553 Quae

222 2574 324 2631 tamen
356 2571 447 2631 uerba
474 2573 506 2630 in
533 2575 662 2632 metrum
693 2572 790 2651 redigi
822 2572 904 2631 nullo
936 2571 1024 2631 modo
1055 2574 1181 2648 possunt
1211 2592 1309 2648 neque
1343 2575 1377 2633 iu

222 2660 402 2737 dactylicum
430 2680 525 2738 neque
552 2662 584 2720 in
614 2661 790 2736 iambicum,
821 2682 917 2738 neque
943 2661 1053 2721 Lucilii
1084 2660 1176 2720 uerba
1208 2661 1310 2721 soluta
1344 2664 1376 2721 iu

221 2750 387 2826 pedestrem
406 2751 571 2810 orationem
590 2753 820 2829 grammaticum
833 2751 985 2811 rettulisse
998 2749 1152 2828 probabile
1167 2753 1224 2810 est:
1244 2750 1376 2829 denique

220 2840 307 2899 stilus
325 2839 440 2899 iudicat
458 2842 633 2916 scriptorem
651 2842 845 2918 posteriorem
864 2843 962 2900 aetate
976 2839 1143 2913 Luciliano,
1161 2859 1230 2898 nam
1247 2844 1376 2916 coagula

221 2929 344 2988 uerbum
368 2948 427 2989 uon
450 2928 539 2989 uideo
557 2934 734 3006 usurpatum
753 2933 823 2990 ante
841 2930 1015 2989 Varronem.
1052 2929 1095 2987 At
1112 2929 1205 2988 uerba
1224 2924 1376 2991 ‘lactentes

220 3014 301 3091 ficcs'
321 3050 364 3059 —
383 3017 462 3078 unde
489 3018 521 3077 M
548 3020 682 3079 lactentes
709 3021 796 3092 ficus,
825 3018 847 3078 Ο
876 3019 927 3095 qui
954 3037 1008 3095 pro
1037 3019 1145 3077 lactens
1177 3018 1272 3077 altero
1305 3021 1375 3080 loco

219 3108 321 3183 posuit
344 3108 460 3177 lacteas,
480 3108 559 3185 quod
577 3110 721 3185 scriptum
742 3110 821 3168 recte
840 3111 905 3167 erat
923 3108 1057 3167 lactentes
1074 3110 1145 3180 ficos
1162 3107 1262 3167 uoluit
1280 3111 1374 3168 corri-

220 3215 289 3273 gere
312 3198 343 3255 in
366 3198 473 3257 lacteas
495 3200 570 3270 fictas
593 3197 794 3274 superscripto
818 3217 837 3256 a
860 3200 890 3256 et
911 3217 941 3271 u,
967 3196 1044 3256 uude
1066 3196 1092 3255 B
1116 3198 1270 3256 {amathus
1296 3200 1376 3270 ficara

224 3318 261 3326 —-
281 3287 342 3344 ista
364 3286 455 3346 uerba
479 3286 545 3346 dioo
568 3286 685 3365 egregie
704 3285 819 3346 Lucilio
843 3285 948 3346 tribui:
971 3305 1041 3345 nam
1065 3285 1214 3361 quadrant
1231 3287 1264 3344 in
1283 3289 1373 3347 semi·

219 3374 388 3450 quinariam
411 3377 576 3435 hexametri
598 3379 629 3436 et
650 3378 700 3449 fici
722 3395 776 3453 pro
800 3378 873 3448 ficus
892 3377 988 3435 forma
1006 3374 1163 3434 Luciliana
1182 3378 1227 3435 est
1245 3395 1306 3451 qua
1325 3380 1375 3436 ter

219 3465 322 3524 utitur.
360 3463 467 3523 Statua
486 3467 580 3543 igitur
597 3465 629 3523 in
648 3466 702 3525 cod
720 3465 752 3523 M
770 3465 894 3524 uerbum
913 3485 1005 3523 unum
1029 3467 1181 3524 auctorem
1199 3464 1374 3542 significans

220 3552 363 3613 excidisse
387 3556 441 3612 aut
462 3554 562 3629 plura:
585 3556 617 3612 in
641 3555 716 3614 codd
739 3553 788 3614 OB
810 3573 915 3613 reuera
938 3553 1030 3613 uerba
1048 3554 1102 3614 sub
1120 3553 1209 3613 finem
1227 3553 1374 3615 mutilata

220 3646 303 3718 sunt,
331 3643 414 3702 deest
436 3643 514 3701 enim
538 3644 609 3720 bibi,
637 3642 717 3720 quod
739 3643 772 3703 in
795 3643 958 3719 archetypo
982 3643 1101 3703 litterae
1124 3644 1185 3702 fera
1208 3645 1372 3719 perierant.

311 3723 417 3793 1199.
440 3732 576 3792 Donatus
596 3732 634 3792 ad
653 3733 786 3793 Terentii
803 3733 1012 3793 Phormionem
1030 3733 1046 3791 1
1065 3734 1094 3808 2,
1115 3735 1133 3791 2
1156 3726 1288 3809 ‘Accipe
1306 3752 1373 3794 emt

218 3822 329 3882 lectum
357 3825 415 3897 est,
442 3823 600 3882 conueniet
626 3842 781 3898 numerus,
808 3824 957 3899 quantum
984 3817 1087 3899 debui]
1112 3821 1270 3882 Absolute:
1298 3842 1372 3883 nam

218 3930 278 3970 non
306 3912 381 3971 dicit
408 3912 493 3988 quid,
525 3914 626 3970 utrum
653 3911 786 3972 debitum
814 3931 852 3970 an
880 3913 1038 3989 argentum
1065 3912 1183 3971 lectum.
1233 3910 1372 3975 Lucilius

219 3994 313 4060 “lecti
350 4020 465 4075 omnes,
497 4002 620 4062 Atticen
656 4002 712 4061 hoc
749 3996 838 4061 est'’.'
896 3999 1085 4077 colloquium
1122 4001 1241 4060 uidetur
1276 4001 1372 4063 fixisse

218 4089 350 4164 positum
371 4092 403 4148 in
431 4091 557 4167 palliata
585 4092 670 4151 cuius
697 4092 906 4168 argumentum
932 4090 1066 4150 Lucilius
1094 4092 1261 4149 enarraret:
1289 4109 1371 4151 com·

218 4183 307 4254 parat
324 4178 427 4238 Dousa
439 4179 539 4239 Plaut.
554 4179 689 4239 Pseudol.
706 4181 790 4238 1149
811 4173 938 4254 ‘accipet
952 4180 1000 4238 bic
1014 4181 1085 4238 sunt
1098 4181 1231 4255 quinque
1250 4184 1372 4258 argenti

218 4267 313 4326 lectae
341 4271 514 4328 numeratae
542 4263 663 4342 minac’,
694 4270 818 4345 propius
850 4266 965 4327 accedit
991 4267 1131 4328 Bacchid.
1151 4270 1215 4327 974
1247 4267 1301 4327 ubi
1332 4269 1371 4330 de

218 4357 347 4415 nummis
369 4358 486 4416 iocatur
508 4376 612 4417 seruus
636 4352 882 4435 ‘quadringentos
905 4357 982 4416 filios
1005 4356 1096 4416 babet
1118 4360 1209 4433 atque
1229 4357 1371 4433 equidem

218 4446 314 4507 omnis
340 4446 433 4506 lectos
464 4448 528 4506 sine
559 4441 688 4524 probro'.
741 4447 865 4508 Atticon
895 4447 952 4507 hoc
983 4449 1041 4521 est,
1072 4445 1104 4505 id
1137 4450 1182 4505 est
1213 4442 1370 4528 ἀργύριον,
