3060 5010
474 324 512 378 [x
530 342 558 378 u.
578 327 727 377 eei-eea.
764 320 834 376 xu.
855 324 1004 377 sesses.
1248 316 1311 386 145

163 499 209 556 est
230 489 417 573 inducsn<do
433 541 439 553 .
455 541 460 553 .
477 489 506 554 .'.
541 493 689 553 Neutrum
712 493 789 568 quod
810 493 942 569 positum
965 495 1012 552 est
1034 494 1069 550 ut
1085 511 1114 550 n.
1134 492 1197 551 346
1221 486 1317 568 .‘quod.

163 574 226 644 diri
249 589 318 645 ante
341 579 456 662 poesin’
480 582 531 642 lib.
550 582 648 642 XXIX
666 603 695 641 u.
715 583 778 643 888
804 578 871 641 ‘hoc
895 585 940 642 est
962 576 1062 641 ratio'.

253 667 337 736 382.
361 673 524 752 Vulgarem
551 691 628 748 quae
655 673 686 730 in
715 671 793 731 ludis
820 670 996 731 tradebatur
1023 671 1202 748 scripturam
1234 689 1311 729 oom-

163 765 285 824 mendat
306 767 405 840 poeta.
442 762 520 833 Quid
543 761 651 821 Accius
675 761 710 820 de
730 760 787 820 hec
804 761 907 821 littera
926 760 1068 837 docuerit,
1090 777 1150 820 non
1168 759 1312 819 traditur:

163 856 331 931 suspicatus
362 856 407 912 est
433 851 596 912 Ritschlius
625 870 702 927 quae
728 853 761 910 in
788 851 1032 928 inscriptionibus
1064 848 1216 909 inuenitur
1241 852 1312 908 scri-

162 948 283 1021 pturam
302 962 377 1017 qurn
390 944 522 1017 pequm'a
540 960 596 1015 qur
613 940 698 999 Accii
716 941 895 1000 auctoritate
918 941 976 1000 uiti
999 932 1113 1021 (opusc.
1131 937 1175 998 IV
1193 959 1222 1016 p.
1239 939 1311 998 687.

165 1036 227 1094 492
240 1024 354 1114 adnot)
379 1051 468 1109 quam
491 1030 632 1090 Ritschlii
655 1032 834 1090 sententiam
856 1031 892 1089 de
915 1030 972 1089 hac
994 1029 1097 1089 littera
1121 1029 1216 1089 secuti
1243 1032 1313 1088 sunt

164 1123 251 1182 multi
265 1115 494 1204 (Brambacbius
512 1119 561 1180 die
574 1119 814 1198 Naugestaltung
832 1119 859 1179 d.
878 1119 931 1179 lat.
946 1117 1084 1197 Orthogr.
1104 1139 1132 1195 p.
1153 1120 1203 1177 21.
1224 1110 1312 1199 221).

632 1364 845 1376 ——n-——a

714 1594 766 1679 X.

254 1741 337 1810 383.
362 1746 443 1819 Quae
466 1750 498 1808 in
520 1751 602 1810 uitae
626 1748 721 1810 Persii
743 1750 824 1809 exitu
847 1746 883 1807 de
906 1746 1002 1808 Persii
1024 1747 1131 1808 studiis
1149 1746 1313 1808 Lucilianis

164 1839 337 1914 uaduntur,
362 1859 397 1898 ca
420 1859 455 1898 er
479 1839 634 1917 deperdita
657 1839 787 1917 quadam
810 1837 904 1898 Persii
927 1839 993 1897 uite
1016 1837 1133 1897 saeculo
1156 1836 1200 1895 IV
1218 1837 1268 1895 nel
1286 1836 1313 1892 V

37 1977 40 1984 .
165 1928 304 2005 decerpta
327 1947 389 1989 esse
412 1931 553 2005 apparet:
576 1931 633 1990 seri
657 1931 801 2006 temporis
824 1930 903 1987 enim
926 1947 988 1987 sese
1011 1927 1175 2003 particulas
1197 1944 1264 1985 mon
1282 1931 1315 1985 ct

164 2020 337 2078 coniunctas
373 2018 477 2078 edocet
507 2019 661 2079 Bonnetns
698 2020 734 2078 de
772 2017 893 2097 Gregor.
916 2016 986 2076 Tur.
1009 2015 1108 2076 Latin.
1132 2037 1160 2093 p.
1182 2018 1260 2090 320,
1284 2018 1312 2075 2.

164 2107 268 2184 Neque
291 2107 488 2167 dubitandum
512 2111 558 2168 est
580 2111 653 2186 quin
676 2127 748 2167 uera
765 2106 867 2166 tradat
886 2108 1014 2184 scriptor
1031 2108 1152 2185 ignotus
1172 2106 1207 2165 de
1225 2124 1312 2185 argu·

156 2200 264 2277 ¹mento
296 2197 367 2256 libri
390 2198 417 2256 X
439 2195 557 2258 Lucilii.
612 2198 691 2257 Nam
723 2197 815 2256 uerba
846 2191 916 2256 ‘sibi
946 2198 1044 2273 primo
1077 2215 1144 2256 mox
1176 2195 1313 2255 omnibus

165 2282 394 2346 detrectaturns'
423 2288 535 2347 similia
562 2289 695 2347 referunt
727 2290 817 2364 atque
849 2305 952 2345 uersus
980 2284 1101 2345 Horatii
1133 2284 1170 2344 de
1196 2283 1313 2345 Lucilio

164 2375 272 2453 quibus
300 2378 402 2455 agitur
424 2395 510 2436 serm.
529 2377 545 2436 Ι
564 2380 616 2453 10,
635 2378 676 2436 53
706 2372 770 2435 ‘Nil
797 2378 889 2435 comis
917 2377 1027 2455 tragici
1056 2377 1154 2434 mutat
1180 2373 1313 2433 Lucilius
1338 2409 1341 2414 ·

164 2467 246 2541 Aeci,
268 2466 338 2525 Non
356 2465 435 2525 ridet
452 2485 555 2527 uersus
579 2468 659 2526 Enni
677 2465 827 2546 grauitate
845 2467 984 2540 minores,
1007 2463 1082 2523 Cum
1105 2465 1140 2524 de
1161 2482 1195 2524 se
1218 2464 1313 2540 loqui·

164 2558 214 2615 tur
240 2574 300 2615 non
332 2558 367 2615 nt
397 2558 511 2616 maiore
542 2551 723 2634 reprensis?’
755 2555 807 2614 ubi
834 2553 1001 2632 Porphyris
1033 2554 1160 2613 adnotat
1191 2551 1314 2613 libroX

164 2645 289 2705 Accium
321 2640 526 2722 uituperatnm
555 2665 618 2706 esse
649 2666 667 2706 a
698 2644 828 2705 Lucilio:
867 2645 939 2705 conf
956 2644 1028 2702 384.
1075 2640 1236 2703 Oratorum
1268 2644 1313 2701 in-

165 2737 359 2795 sectationem
373 2736 497 2812 prodere
512 2736 632 2796 uidetur
645 2756 673 2795 u.
681 2736 810 2812 386seq.
830 2730 944 2793 'Omnia
957 2733 1045 2793 buius
1059 2732 1131 2792 libri
1144 2734 1314 2812 fragmenta

164 2827 309 2885 tractauit
331 2825 528 2885 Buechelerus
551 2825 626 2886 Mus.
645 2824 737 2884 Rhen.
757 2823 882 2883 XXXIX
902 2823 987 2882 1884
1007 2843 1035 2900 p.
1052 2823 1125 2882 288.
1161 2822 1204 2881 At
1222 2821 1314 2881 uerba

165 2915 220 2974 illa
248 2910 344 2974 ‘ouius
371 2915 442 2973 libri
468 2917 650 2992 principium
677 2915 813 2973 imitatus
842 2908 897 2972 est'
926 2914 1029 2988 spuria
1056 2915 1127 2972 sunt
1153 2911 1191 2971 ab
1221 2930 1313 2988 eoque

165 3004 295 3080 adiecta,
323 3006 376 3081 qni
402 3023 509 3082 parum
538 3005 698 3082 diligenter
724 3004 950 3063 adnotationem
978 3002 1016 3061 ad
1038 3001 1134 3061 Persii
1161 2999 1314 3061 saturnal

165 3115 194 3153 ιι.
216 3097 231 3154 1
257 3094 385 3173 legerat:
413 3114 502 3171 quern
529 3113 649 3153 uersum
676 3113 712 3151 ex
738 3093 811 3152 libri
836 3093 928 3168 primi
954 3091 1065 3150 Lucilii
1092 3111 1179 3151 uersu
1212 3090 1314 3168 aliquo

165 3184 345 3243 translatum
377 3202 440 3244 esse
471 3183 568 3243 Persii
600 3183 745 3243 docebant
780 3184 957 3258 interpretes
990 3175 1098 3262 (Lucil.
1117 3180 1169 3240 lib.
1187 3179 1203 3239 Ι
1222 3201 1251 3239 u.
1271 3171 1313 3262 9).

165 3273 269 3350 Neque
291 3273 475 3349 reliquorum
493 3273 590 3333 Persii
613 3275 778 3333 carminum
801 3272 890 3331 initia
913 3274 1039 3347 spectes:
1063 3289 1133 3329 nam
1156 3271 1314 3330 insectatio

165 3366 321 3441 poetarum
344 3366 375 3423 et
398 3366 563 3440 oratorum,
592 3383 682 3440 quarn
704 3365 833 3439 scriptor
859 3360 910 3419 ille
938 3363 1162 3435 commemorat,
1189 3362 1221 3419 in
1249 3359 1314 3420 sola

166 3456 269 3513 satura
290 3454 389 3530 prima
411 3456 510 3530 potest
533 3455 663 3532 agnosci.
700 3451 806 3529 Itaque
824 3451 901 3511 hanc
920 3452 1049 3528 primam
1067 3453 1200 3510 saturam
1219 3448 1315 3509 Persii

165 3546 261 3602 totam
289 3543 328 3602 ad
355 3542 465 3602 Lucilii
487 3542 603 3603 libriX
626 3541 794 3619 exemplum
817 3542 1014 3617 compositam
1037 3559 1100 3601 esse
1123 3541 1238 3599 ueteres
1262 3539 1312 3597 do·

166 3632 273 3693 cebant
300 3635 502 3712 grammatici:
530 3636 630 3692 tamon
658 3651 777 3692 uersum
800 3632 930 3707 primum
953 3649 988 3690 er
1011 3629 1121 3689 Lucilii
1143 3630 1241 3706 prima
1268 3646 1313 3687 sa·

165 3724 235 3782 tura
257 3725 410 3798 sumptum
433 3741 495 3783 csse
517 3722 608 3781 iidem
631 3723 771 3799 poterant
794 3721 936 3780 adnotare
959 3739 1013 3779 suo
1036 3721 1109 3778 iure.

257 3803 340 3873 385.
363 3811 479 3872 Nouius
502 3833 530 3889 p.
551 3812 624 3886 262,
646 3814 684 3870 11
711 3807 910 3871 ‘Confidentia
932 3828 1051 3868 rursum
1073 3808 1236 3880 temeritas,
1262 3823 1313 3863 au·

166 3901 261 3961 dacia.
285 3900 432 3962 Pacuuius
453 3948 458 3959 .
480 3948 486 3959 .
507 3947 513 3958 .
531 3901 608 3960 idem
630 3899 681 3959 lib.
699 3900 727 3959 X
752 3895 918 3976 “inprobus
938 3945 944 3956 .
961 3945 966 3956 .
982 3944 988 3956 .
1007 3899 1104 3956 molen
1129 3889 1313 3955 uideatur”.’

166 3990 277 4050 Lucilii
295 4010 413 4051 uersum
427 4011 489 4052 esse
504 3990 575 4050 libri
588 3990 615 4049 X
629 3990 779 4048 intellexit
796 3989 819 4048 1.
833 3987 935 4048 Douaa
955 3979 1037 4068 (uide
1052 3985 1090 4045 ad
1104 3984 1155 4044 lib.
1169 3985 1185 4044 Ι
1199 4005 1227 4043 ιι.
1243 3975 1314 4065 45):

166 4085 199 4140 ut
216 4080 334 4140 addidit
350 4078 567 4140 Lachmannus.
604 4078 790 4139 Sententiam
808 4080 853 4137 ita
870 4078 1004 4147 restitnit
1017 4075 1215 4134 Buechelerus
1229 4074 1248 4133 1.
1258 4092 1280 4133 s.
1291 4092 1313 4133 s.

168 4166 281 4231 ‘orator
303 4172 365 4229 iam
388 4191 447 4230 non
469 4171 504 4230 fit
526 4172 561 4228 ut
584 4171 710 4228 maiores
730 4168 891 4227 uoluerunt
908 4168 956 4225 uir
973 4166 1068 4225 bonus
1087 4164 1138 4224 sed
1155 4165 1201 4224 ita
1217 4183 1313 4224 mora·

166 4263 215 4319 tus
247 4259 399 4337 improbus
418 4280 442 4318 e.
463 4280 489 4336 q.
509 4279 531 4319 s.
559 4262 594 4317 ut
625 4252 785 4317 uideatur’.
840 4253 966 4315 Luciani
997 4253 1096 4336 ρητόρ.
1128 4252 1242 4315 dedeina.
1272 4254 1313 4312 24

167 4350 314 4429 gloriatur
332 4348 478 4410 similibus
493 4348 605 4408 uerbis:
624 4344 735 4428 ὑπῆρχε
749 4345 804 4427 γάρ
819 4367 879 4423 μοι,
898 4336 921 4404 ὦ
936 4344 1010 4423 φίλη
1021 4336 1199 4425 Ἀδράστεια,
1218 4342 1315 4403 πάντα

167 4435 264 4498 ἐκεῖνα
282 4436 301 4498 ἃ
319 4443 461 4519 προεῖπον
484 4429 557 4520 (15)
576 4435 694 4517 ἐφόδια,
711 4434 744 4496 τὸ
758 4434 883 4516 θράσος,
902 4429 1063 4514 bipedia,
1081 4429 1314 4513 ἡᾶναισχυντία.

220 4547 307 4588 nuent
319 4548 369 4589 ren
383 4548 417 4589 en
432 4549 514 4589 niu.
535 4549 566 4588 n
1067 4538 1100 4587 10
