3000 5002
212 329 278 396 396
576 330 673 385 ineert.
693 329 750 385 seu
769 348 796 386 u.
819 334 1003 384 iace-rece.

215 501 334 562 Paulus.
360 499 474 560 Colum.
494 500 552 559 VH
572 503 590 560 2
615 502 719 560 namet
741 499 777 559 de
800 499 871 558 feris
895 498 1037 559 arietibus
1056 491 1193 575 ‘patruus
1209 543 1215 555 .
1231 545 1237 556 .
1253 543 1260 555 .
1276 518 1370 575 quos-

212 591 281 651 dam
312 593 459 651 mercatus
486 592 518 649 in
547 608 634 668 agros
662 589 820 650 transtulit
847 592 878 647 et
905 587 1123 648 mansuefactos
1150 590 1230 648 tectis
1256 588 1369 649 ouibus

213 681 342 741 admisit.
380 681 441 740 Idae
464 682 594 757 primum
616 682 715 754 hirtos,
738 678 788 739 sed
809 679 928 756 paterni
946 678 1053 738 coloris
1071 695 1166 756 agnos
1185 672 1368 739 ediderunt’.

212 770 295 830 Idem
317 771 397 830 intra
421 766 491 829 ‘duo
516 787 625 847 genera
650 772 720 830 suut
747 768 834 829 ouilli
861 769 988 845 peeoris,
1016 767 1105 826 molle
1134 769 1165 826 et
1190 763 1368 830 hirsutum'.

213 861 318 920 Hirtes
350 859 382 919 id
418 877 512 937 genus
554 878 624 920 oues
667 858 800 935 appellat
831 857 927 917 Varro
959 876 1015 916 rer.
1043 859 1118 916 rust.
1135 857 1167 916 Π
1186 859 1219 933 2,
1245 858 1298 916 19.
1325 860 1369 917 20

214 949 327 1009 Colum.
346 949 444 1014 VH4
491 948 568 1007 unde
610 948 833 1024 Marqunrdtius
878 947 1036 1007 enchiridii
1076 947 1137 1006 uol.
1161 946 1219 1005 VII
1242 947 1317 1006 edit
1336 947 1369 1007 11

211 1060 240 1116 p.
260 1041 338 1115 477,
359 1042 399 1098 12
429 1037 600 1098 emendauit
631 1037 751 1098 Laberii
778 1055 897 1097 uersum
922 1037 963 1096 68
973 1037 1008 1095 R.
1062 1035 1153 1095 Libro
1176 1035 1224 1095 III
1255 1036 1369 1096 tribuit

212 1128 379 1188 Muellerus.

304 1209 410 1278 1247.
443 1216 538 1277 lulius
569 1216 720 1276 Romanus
752 1216 833 1292 apud
861 1215 1029 1276 charisium
1054 1213 1189 1292 GLIp.
1210 1216 1285 1290 214,
1306 1215 1368 1275 8Κ

213 1302 450 1385 ‘Pedetemptim
495 1304 628 1366 Lucilius
657 1302 895 1383 “pedetemptim
925 1306 1002 1365 eum
1030 1299 1232 1365 raatem’'.’
1274 1306 1367 1379 pede-

212 1399 377 1472 temptimne
408 1396 523 1472 Dousa,
559 1414 637 1455 nune
672 1415 727 1472 pro
763 1396 840 1455 tunc
870 1395 1082 1469 Baehrensius,
1119 1413 1171 1454 cur
1207 1395 1368 1454 reatorem

213 1487 386 1562 Muellerus,
420 1485 471 1546 sed
503 1485 651 1563 quomodo
684 1486 751 1562 quis
783 1505 870 1561 quem
902 1484 1116 1561 pedetemptim
1148 1483 1280 1544 salutare
1315 1485 1368 1544 uel

211 1576 375 1635 resalutare
407 1577 515 1652 possit,
551 1593 611 1635 nou
647 1575 743 1634 uideo.
797 1573 1007 1634 Lachmannus
1042 1575 1075 1633 in
1106 1573 1223 1632 Lucret
1246 1593 1276 1649 p.
1298 1575 1365 1633 296

214 1660 439 1741 ‘pedetemptim
470 1664 528 1724 huc
556 1666 599 1723 ire
625 1659 774 1738 salutem',
801 1682 856 1743 ego
886 1658 1111 1740 ‘pedetemptim
1137 1664 1216 1722 huno
1242 1657 1367 1740 <fer>re

212 1750 361 1813 selutem’.
403 1753 461 1813 (iio.
481 1753 517 1813 de
535 1753 585 1812 fin.
603 1753 635 1812 11
655 1754 718 1813 118
743 1748 822 1813 ‘cum
845 1772 931 1831 opem
953 1752 1156 1830 indigentibus
1175 1752 1367 1830 salutemque

213 1839 325 1902 ferres'.
372 1843 500 1903 Videtur
521 1842 558 1903 de
581 1843 694 1903 medico
717 1844 769 1921 agi
791 1844 844 1920 qui
867 1844 1034 1920 opitulatur
1056 1841 1233 1921 aegrotanti.

304 1925 409 1993 1248.
423 1931 589 2009 Porphyrio
604 1933 642 1993 ad
655 1931 777 1992 Horatii
790 1952 875 1992 serm.
889 1932 905 1991 Ι
920 1933 949 2008 6,
969 1935 1010 1992 22
1026 1927 1180 2009 ‘quonium
1192 1933 1224 1990 iu
1238 1932 1367 2008 propria

212 2042 271 2081 non
295 2022 373 2101 pelle
396 2018 562 2099 quiessem'.
600 2017 619 2080 ἦ
635 2067 663 2080 ..
683 2021 725 2081 Ilt
744 2022 801 2081 hoc
823 2022 938 2081 scilicet
959 2022 1028 2081 inde
1046 2024 1199 2099 sumptum
1216 2021 1366 2096 estquod

212 2111 348 2172 ductores
372 2103 429 2193 (sic
451 2111 540 2173 codd:
563 2111 771 2172 Lachmannus
793 2114 873 2172 reete
896 2102 1019 2191 adores)
1043 2112 1074 2170 in
1097 2111 1226 2188 pellibus
1252 2108 1366 2170 dormi·

212 2204 285 2261 rent.
328 2203 411 2261 ouius
433 2201 477 2260 rei
501 2204 531 2260 et
553 2200 686 2261 Lucilius
709 2203 794 2260 testis
818 2204 872 2274 est,
895 2220 964 2261 cum
982 2201 1056 2261 dicit
1075 2195 1150 2275 “per
1161 2201 1239 2259 milti
1258 2199 1366 2260 ῑασέααη

211 2291 331 2368 inposui
357 2292 462 2365 pedem
495 2290 623 2368 pellibus
659 2285 791 2350 tabes”.’
847 2291 950 2350 ἰασύιαα
980 2292 1143 2365 permiscui,
1178 2292 1367 2364 impositique

206 2379 379 2454 pudendam
396 2381 524 2454 pellibus
546 2381 640 2440 tabem
662 2379 686 2438 I.
701 2380 815 2454 Dousa,
844 2381 896 2457 qui
918 2380 1059 2440 lectorem
1082 2379 1121 2439 ad
1143 2378 1248 2439 Horat
1274 2397 1365 2439 serm.

212 2469 281 2545 15,
300 2471 342 2529 84
370 2469 490 2547 delegat
522 2465 600 2528 ‘turn
627 2469 771 2530 inmundo
801 2470 917 2530 somnia
944 2469 1012 2529 uisu
1038 2471 1215 2529 nocturnam
1246 2470 1366 2528 uestem

212 2560 364 2620 maculant
381 2561 575 2636 uentremque
594 2555 754 2636 supinum’:
771 2559 849 2618 libro
864 2559 911 2619 111
929 2559 996 2619 ideo
1015 2559 1173 2636 adscripsit
1189 2557 1365 2619 Muellerus.

211 2649 316 2729 Neque
339 2651 440 2708 tamen
463 2651 550 2708 recte.
595 2649 706 2726 Agitur
728 2650 828 2725 potius
852 2647 888 2707 de
916 2649 1044 2708 conuiua
1072 2648 1152 2708 ebrio
1181 2647 1232 2724 qui
1255 2647 1365 2708 Horat.

211 2757 296 2798 serm.
315 2738 330 2798 I
350 2739 379 2812 3,
400 2740 441 2798 90
470 2733 635 2798 ‘commisit
662 2739 772 2798 lectum
800 2733 909 2815 potus'.
955 2739 1085 2798 Permiai
1110 2740 1190 2797 reete
1212 2736 1366 2799 Holderus

211 2829 242 2885 in
271 2826 488 2905 Porphyrione:
520 2826 694 2887 Bueoheleri
726 2826 823 2887 (larm.
846 2827 912 2887 Lat.
936 2828 1029 2905 epigr.
1050 2829 1113 2887 932
1148 2822 1299 2886 ‘miximus
1330 2829 1366 2886 in
1446 2864 1452 2876 ·

211 2912 309 2976 lecto’.
355 2915 453 2975 labem
477 2917 617 2993 inponere
640 2915 705 2975 Liu.
724 2916 769 2975 IV
789 2919 839 2993 32,
861 2919 878 2975 7
904 2916 984 2976 Ourt.
1004 2915 1064 2975 VH
1084 2918 1112 2990 7,
1128 2917 1179 2993 30,
1199 2911 1365 2976 ‘conscien-

211 3007 273 3065 tiae
291 3005 373 3065 labes
391 3007 423 3064 in
442 3007 542 3066 animo
557 3051 563 3063 .
580 3052 586 3064 .
602 3051 608 3064 .
623 3002 773 3066 habuisse’
795 3006 854 3066 Cic.
873 3006 910 3066 de
928 3005 976 3066 off.
996 3005 1042 3065 III
1061 3007 1112 3075 86.
1144 3007 1219 3080 pede
1232 3005 1366 3079 pellitae

212 3095 290 3154 lates
312 3094 391 3154 idem
414 3095 563 3155 Holderus
586 3096 639 3172 qui
661 3095 787 3156 adnotat
805 3097 880 3170 pede
897 3095 1105 3174 Petschenigio
1128 3094 1236 3155 deberi.
1274 3093 1365 3165 Quod

211 3188 312 3244 tamen
330 3183 355 3243 si
373 3187 453 3244 reete
471 3186 530 3243 erit
548 3186 752 3261 constitutum,
765 3187 842 3261 pede
860 3184 1094 3263 intellegendum
1108 3187 1166 3245 erit
1179 3184 1215 3244 de
1229 3184 1365 3245 membro

211 3274 293 3333 uirili
320 3273 400 3350 quod
427 3272 506 3333 nida
533 3274 596 3334 siue
622 3274 760 3335 ποδεῶνα
787 3276 900 3336 dictum
928 3276 1032 3350 fuisse,
1064 3276 1116 3334 der
1144 3274 1240 3349 Zepfcl
1266 3273 1366 3335 tradit

211 3363 300 3422 schol.
316 3363 451 3440 Euripid.
466 3363 543 3423 Med.
559 3365 632 3440 679,
655 3365 745 3425 sicuti
763 3363 841 3424 πόδα
859 3364 1035 3443 βαλλαντίου
1054 3364 1131 3424 dixit
1146 3363 1364 3439 Aristophanes

210 3452 387 3529 Babyloniis
406 3445 498 3535 (CAH
515 3453 531 3512 I
549 3474 578 3530 p.
598 3455 673 3528 414,
692 3455 733 3514 89
743 3446 795 3536 Κ),
820 3449 1003 3529 ‘amicinum,
1026 3455 1102 3515 utris
1123 3453 1302 3530 pediculum,
1325 3473 1364 3512 ex

212 3561 270 3617 quo
294 3545 398 3602 uinum
422 3538 605 3602 defunditur’
629 3542 714 3603 Paul.
733 3562 768 3603 er
787 3543 874 3604 Festo
892 3564 922 3620 p.
945 3546 994 3602 15.

303 3623 408 3693 1249.
431 3631 542 3693 Paulus
566 3652 600 3691 ex
624 3633 712 3694 Festo
735 3653 764 3710 p.
785 3635 859 3707 212,
879 3635 897 3693 9
923 3628 1056 3710 ‘Pipatio
1079 3634 1191 3692 clamor
1213 3632 1363 3709 plorantis

210 3720 315 3797 lingna
342 3717 495 3782 Oscorum'
530 3714 580 3802 (de
614 3723 724 3783 Planta
750 3743 874 3803 gramm.
893 3720 958 3782 Oso.
978 3722 1079 3782 Vmbr.
1098 3722 1129 3781 Π
1152 3743 1181 3799 p.
1202 3723 1274 3783 237.
1295 3722 1362 3781 590

210 3809 359 3869 Vsenerns
381 3809 457 3870 Mus.
476 3811 570 3871 Rhen.
588 3811 657 3871 LVI
678 3815 760 3873 1901
787 3833 815 3888 p.
836 3814 887 3889 23,
907 3804 973 3892 43).
1024 3812 1174 3888 Excerpta
1205 3830 1240 3870 ex
1271 3811 1363 3871 Festo

212 3897 288 3958 GGL
307 3899 351 3958 IV
369 3921 398 3975 p.
417 3900 519 3960 xvm
543 3896 673 3978 ‘Pipatio
697 3905 743 3962 est
765 3904 878 3963 clamor
895 3902 1043 3979 plorantis
1062 3919 1169 3961 acerua
1187 3919 1269 3963 uoce.
1300 3900 1363 3959 Lu·

211 3989 298 4047 cilius
322 3983 415 4063 “petit
442 3990 529 4067 pipas
552 3991 672 4050 delibet
695 3992 726 4050 id
749 3994 794 4051 est
815 3995 890 4067 petit
916 3991 1028 4051 clamas
1056 3990 1094 4051 da
1121 3991 1209 4049 iuuat
1235 3985 1361 4066 inquit''

212 4097 247 4136 er
271 4097 329 4154 quo
353 4078 471 4155 antiqui
494 4079 653 4139 clamorem
677 4098 815 4140 aemma
833 4076 1044 4158 appellarunt'.
1083 4080 1217 4156 Vtroque
1234 4079 1300 4138 loeo
1319 4078 1363 4139 do

210 4166 395 4227 scribendum
434 4185 497 4228 esse
533 4167 648 4228 iudicat
684 4169 880 4231 Buechelerus
915 4170 1001 4229 Thes.
1030 4171 1118 4248 gloss.
1146 4166 1259 4227 emend.
1282 4185 1305 4226 s.
1329 4187 1362 4228 u.

205 4258 335 4330 pmatio,
359 4276 414 4334 ego
437 4257 513 4316 olom
535 4259 749 4334 praetuleram,
776 4279 843 4319 cum
866 4259 1059 4319 desiderarim
1081 4261 1113 4317 in
1135 4257 1235 4317 uerbis
1260 4273 1362 4334 gram-

210 4346 316 4406 matici
338 4346 378 4404 do
400 4346 573 4424 imperatiui
596 4347 871 4425 interpretationem
895 4349 991 4409 ueluti
1013 4349 1068 4423 dic,
1091 4367 1151 4423 qua
1169 4364 1269 4405 carere
1286 4345 1363 4407 haec

211 4453 269 4494 uox
292 4453 352 4494 non
378 4435 523 4511 potuerit,
550 4437 626 4495 illud
653 4437 741 4511 dom,
769 4435 848 4515 quod
875 4440 1066 4499 restituerem
1089 4435 1172 4495 Stud.
1191 4434 1361 4501 Vindobnn.
