3060 5010
216 355 260 419 90
662 353 687 408 V
705 371 731 408 u.
752 358 901 410 220-222.

216 524 254 586 51)
277 524 437 604 Liguribus
464 524 497 584 in
525 523 630 585 castris
660 523 771 584 obsessi
799 526 981 603 smugema
1010 522 1130 583 uidetur
1152 541 1274 583 narrare
1297 542 1365 583 con·

216 615 303 675 uiua:
326 616 397 676 conf
416 613 548 674 LiuXL
569 616 609 674 27
634 618 665 673 et
688 614 729 674 28
754 616 785 672 et
808 613 986 675 5515221.

307 697 390 766 221.
417 703 532 764 Nonius
565 723 600 764 ex
631 705 827 782 grammatico
859 724 886 780 p.
904 704 981 778 546,
1006 705 1049 763 30
1080 698 1278 776 ‘Mirtarium‚
1306 724 1365 779 quc

215 795 380 855 miscemus.
426 793 560 853 Lucilius
588 792 638 853 lib.
654 793 682 849 V
710 788 839 852 “urceus
867 797 919 853 cut
945 795 1033 871 longe
1060 793 1178 872 gemino
1209 793 1364 853 misterius

215 878 351 960 paulc’'.’
406 877 502 942 ‘Haut
534 877 627 959 locpe’
660 884 740 942 recte
771 882 995 943 Lachmannus:
1027 883 1129 942 eadem
1161 899 1263 942 uersus
1296 883 1365 943 sede

214 974 348 1049 posibum
379 975 425 1032 est
457 972 546 1032 Ennii
578 971 736 1032 annalibus
765 972 827 1032 481
844 972 872 1028 V
904 968 1046 1049 ‘impetus
1077 971 1153 1031 haut
1179 962 1248 1052 (aut
1275 972 1365 1032 codex

215 1062 298 1122 Festi
328 1082 357 1138 p.
378 1062 456 1137 285,
482 1053 515 1143 1)
557 1062 645 1140 longe
681 1062 787 1122 mediis
823 1061 994 1140 regionibus
1030 1055 1144 1122 restat’.
1205 1060 1365 1122 Praeterea

215 1153 389 1229 saepissime
411 1152 493 1211 15551
514 1151 597 1227 louge
619 1150 700 1227 apud
721 1151 862 1210 Plautum
889 1154 924 1211 nt
945 1151 1095 1227 Amphitr.
1111 1151 1174 1210 322
1199 1150 1274 1209 Rud.
1291 1151 1363 1211 255,

217 1242 280 1301 266
314 1240 365 1300 ubi
397 1243 470 1300 item
496 1242 529 1300 in
556 1239 631 1300 codd
659 1245 712 1301 5551
737 1240 868 1317 positum
896 1261 951 1317 pro
973 1241 1059 1300 caut:
1087 1238 1241 1300 Cornelius
1265 1239 1365 1316 Nepos

215 1332 268 1406 qui
293 1330 376 1390 15551
403 1329 551 1407 particula
582 1331 678 1390 tribus
705 1332 824 1390 tantum
851 1330 939 1391 modo
965 1348 1036 1390 usus
1064 1331 1110 1389 est
1136 1329 1222 1406 locis,
1251 1329 1364 1390 duobus

214 1419 316 1496 posuit
337 1438 406 1479 cum
428 1421 511 1495 longe
533 1418 675 1479 adnerbio
699 1412 832 1500 (Datum.
853 1420 882 1494 4,
902 1420 921 1479 4
945 1419 1033 1498 Ages.
1053 1421 1082 1494 4,
1103 1410 1146 1500 5).
1191 1418 1315 1479 Gemino
1335 1423 1365 1479 et

214 1510 308 1569 Paulo
340 1508 437 1569 datiui
469 1511 551 1569 sunt:
583 1510 654 1568 conf
678 1508 927 1584 Martial.186‚
952 1511 970 1567 6
1000 1505 1074 1568 ‘tam
1102 1509 1189 1587 longe
1218 1511 1263 1568 est
1289 1508 1365 1568 mihi

215 1590 340 1680 (55515115
376 1589 507 1679 5151555)
545 1617 635 1673 quam
669 1598 865 1658 Terentianus
901 1600 954 1674 qui
989 1616 1068 1658 nunc
1098 1597 1249 1657 Niliacam
1286 1600 1364 1675 regit

216 1682 359 1763 Syenen’:
383 1687 558 1748 Petronii}
584 1683 683 1766 ‘longe
706 1687 763 1746 tibi
786 1689 828 1747 sit
850 1688 967 1747 comula
989 1682 1060 1748 ista'
1084 1686 1197 1766 Vergil.
1217 1687 1290 1747 Aen.
1305 1686 1364 1746 XII

216 1778 257 1836 52
292 1772 391 1856 ‘longe
423 1777 471 1837 1111
502 1776 558 1836 dea
590 1780 686 1836 mater
717 1772 795 1836 erit'.
851 1777 1009 1837 Mixtarius
1041 1781 1086 1838 est
1118 1779 1229 1851 crater,
1260 1795 1364 1838 urceus

215 1865 356 1942 aquarius
375 1860 521 1948 (Mareu.
534 1865 605 1925 x1v
622 1867 843 1940 15551555
860 1864 924 1926 cas.
939 1865 975 1926 55
989 1868 1056 1945 agn
1070 1868 1140 1925 555.
1157 1868 1207 1940 10,
1223 1869 1250 1925 5.
1272 1869 1323 1940 11,
1335 1868 1362 1926 5.

217 1957 268 2031 13,
284 1958 312 2015 2.
329 1956 402 2030 135,
418 1946 452 2036 2)
467 1974 527 2032 quc
541 1958 638 2015 crater
652 1974 732 2032 aqua
749 1956 883 2032 repletur
896 1957 987 2016 sicuti
1000 1956 1068 2035 Dig.
1083 1955 1212 2015 XXXIII
1233 1957 1261 2031 7,
1281 1957 1362 2033 18,3

215 2048 427 2105 enumerantur
446 2040 540 2105 ‘urcei
558 2044 665 2120 quibus
684 2064 764 2122 aqua
783 2046 813 2104 in
830 2065 938 2105 aenum
951 2040 1140 2105 infunditnr’.
1177 2044 1365 2105 Describitur

214 2135 308 2214 igitur
326 2135 499 2194 conuiuium
517 2133 568 2193 ubi
587 2133 713 2194 aderant
731 2135 789 2196 duc
807 2134 987 2195 nobilissImi
1008 2136 1151 2211 homines,
1169 2133 1202 2193 L.
1217 2134 1364 2195 Aemilius
1405 2189 1407 2192 ,

214 2223 326 2284 Ρ55155
355 2227 385 2284 et
406 2223 447 2284 M.
462 2217 607 2284 Seruilius
639 2223 796 2301 Geminus,
823 2225 876 2284 ille
905 2223 1053 2302 Scipionis
1080 2223 1242 2283 Aemiliani
1268 2227 1363 2301 pater,

214 2313 263 2373 bic
299 2317 352 2373 aut
387 2315 474 2390 pater
511 2332 588 2373 cons.
614 2308 777 2393 552J202,
811 2313 993 2375 fortissimus
1024 2313 1242 2388 Romanorum,
1279 2314 1363 2373 55155

214 2404 365 2479 praeclare
384 2403 466 2463 iacta
483 2402 635 2463 celebrant
652 2406 767 2464 nummi
786 2403 948 2464 Seruiliani
967 2395 1094 2485 (Babelc
1112 2422 1211 2463 monn.
1225 2402 1252 2461 d.
1268 2404 1286 2461 1.
1301 2397 1362 2480 resp.

213 2492 246 2552 11
263 2512 291 2568 p.
311 2493 385 2552 446.
416 2494 495 2554 4495
529 2488 599 2553 ‘Ter
630 2496 661 2552 et
687 2493 801 2554 uiciens
828 2512 896 2554 cum
922 2492 1009 2553 hoste
1040 2512 1093 2569 per
1119 2495 1363 2570 prouocationem

214 2583 358 2661 pugnaui,
381 2602 416 2642 ex
439 2582 576 2643 omnibus
595 2602 662 2642 cum
685 2582 793 2659 quibus
815 2602 939 2644 manum
961 2583 1105 2657 conserat,
1128 2582 1225 2660 spolia
1245 2577 1362 2642 rettuli’

213 2672 278 2747 ipse
305 2671 341 2730 de
369 2689 400 2731 se
422 2671 573 2750 glorietur
597 2675 629 2732 in
658 2675 792 2733 oratione
819 2672 924 2733 habite
951 2691 1005 2749 pro
1028 2671 1182 2748 triumpho
1205 2672 1292 2732 Pauli
1316 2673 1364 2732 sui

214 2779 293 2821 anno
317 2755 465 2841 5871167
491 2781 538 2838 ap.
557 2760 678 2821 Liuium
695 2762 777 2821 XLV
796 2763 848 2838 39,
869 2753 925 2843 16)
951 2793 989 2803 -
1015 2764 1069 2822 aut
1091 2761 1154 2822 eius
1177 2760 1257 2821 filius
1281 2753 1367 2840 (conf

213 2849 422 2928 Nipperdeyua
453 2851 501 2910 die
529 2852 609 2930 leges
637 2852 759 2911 annales
787 2851 814 2910 d.
837 2871 926 2912 roem.
946 2851 1018 2928 Rep.
1037 2850 1136 2927 Leipz.
1161 2852 1245 2912 1865
1270 2873 1298 2929 p.
1319 2842 1363 2932 6),

214 2939 267 3016 qui
298 2940 436 3000 tribunus
463 2940 599 3002 militum
631 2941 686 3001 sub
714 2940 809 3002 Paulo
842 2943 907 3003 erat
937 2942 969 3000 in
1000 2940 1079 3000 bello
1107 2943 1210 3000 contra
1236 2939 1363 3019 Ligures

214 3029 286 3088 anni
315 3023 462 3106 573J181
491 3022 572 3112 (Liu.
587 3031 697 3090 XXXX
716 3032 772 3106 27,
795 3021 831 3111 4)
864 3030 943 3107 quod
975 3029 1160 3107 probabilius
1188 3048 1251 3090 esse
1278 3030 1362 3090 duco.

213 3117 389 3178 Narrauisse
422 3138 486 3178 rem
512 3118 633 3179 uidetur
660 3118 760 3196 Scipio
788 3120 988 3180 Aemilianus:
1019 3137 1067 3180 res
1093 3121 1194 3198 gestas
1221 3121 1253 3179 in
1283 3119 1362 3179 bello

214 3209 319 3267 contra
347 3206 479 3285 <Ligures
515 3226 590 3285 quas
629 3207 734 3269 Liuius
771 3212 893 3269 enarrat
923 3209 975 3269 lib.
997 3209 1107 3269 XXXX
1130 3227 1194 3287 cap.
1215 3209 1255 3268 25
1280 3226 1361 3287 seqq.

213 3314 371 3373 possumus
394 3298 563 3357 consociare
587 3317 656 3358 cum
677 3299 813 3375 reliquiis
835 3298 924 3360 huius
947 3298 1016 3358 libri
1048 3319 1075 3358 5.
1091 3299 1155 3358 213
1176 3330 1218 3340 -
1236 3318 1266 3357 5.
1284 3300 1362 3359 2205

213 3383 324 3444 milites
341 3387 372 3444 in
391 3386 497 3446 castris
516 3406 534 3446 a
551 3387 712 3466 Liguribus
731 3388 842 3449 obsessi
861 3389 993 3448 fremunt
1011 3380 1088 3470 (cap.
1105 3390 1157 3463 27,
1173 3379 1229 3470 14)
1242 3390 1362 3466 turpem

213 3493 276 3533 rem
299 3478 463 3553 gementes,
486 3476 650 3552 imperator
676 3476 789 3538 Paulus
814 3479 956 3555 quattuor
978 3478 1072 3555 portis
1095 3477 1246 3555 praesidia
1267 3477 1361 3554 ponit,

214 3583 342 3641 quorum
368 3563 420 3623 uni
444 3564 482 3623 M.
497 3564 641 3627 Seruilius
665 3565 808 3628 Geminus
835 3570 973 3645 praeerat
997 3559 1075 3649 (cap.
1092 3569 1142 3644 27,
1162 3559 1211 3648 4):
1234 3567 1363 3644 denique

215 3649 369 3714 ‘aduersus
391 3655 436 3714 ita
458 3654 670 3732 incompositos
694 3674 744 3717 eos
766 3659 920 3718 uenientes
939 3657 1067 3718 clamore
1086 3658 1201 3733 pariter
1219 3657 1362 3732 omnium,

213 3743 266 3821 qui
292 3745 324 3803 in
352 3745 458 3804 castris
485 3747 583 3821 erant,
611 3745 750 3806 calonum
773 3766 891 3824 quoque
914 3750 945 3807 et
971 3746 1109 3823 11155555,
1131 3745 1250 3807 sublato
1273 3748 1362 3807 simul

214 3833 351 3893 omnibus
372 3836 468 3910 portis
492 3834 619 3896 Romani
642 3840 811 3912 eruperunt.
857 3837 1018 3916 Liguribus
1041 3835 1115 3897 adeo
1137 3837 1293 3914 inprouisa
1315 3856 1362 3897 res

213 3923 286 4095 {uit
320 3926 356 4093 ¹)st
382 3924 504 4000 perinde
531 3943 566 3984 ac
593 3926 620 3986 si
647 3925 765 3986 insidiis
792 3928 989 3987 circumuenti
1020 3925 1132 4001 forent,
1164 3921 1365 4004 trepidarent*

230 4014 280 4089 es,
302 4014 346 4072 4.

304 4095 387 4163 222.
402 4103 538 4164 Donatus
552 4103 590 4163 sd
604 4104 738 4164 Terentii
754 4105 900 4166 Andriam
913 4103 961 4165 111
976 4106 1035 4180 2,4
1051 4099 1186 4175 “‘Quod
1203 4105 1279 4165 15551
1296 4105 1362 4164 dari

213 4189 314 4249 bibere
341 4193 372 4250 et
399 4195 544 4267 quantum
570 4194 719 4270 imperaui
742 4190 844 4255 date’'.
891 4193 1109 4255 consuetudine
1132 4213 1223 4271 quam
1245 4196 1361 4255 ratione

213 4278 289 4337 dixit
311 4298 365 4355 pro
385 4275 479 4341 “date
502 4283 529 4342 ei
547 4278 732 4359 potionem'’.
773 4284 906 4344 Lucilius
924 4286 956 4344 in
974 4285 1080 4362 quinto
1104 4279 1168 4343 “da
1186 4275 1271 4367 (date
1292 4275 1361 4365 OT)

213 4366 313 4427 bibere
332 4364 467 4428 sccuno”
488 4363 617 4452 (summo
635 4390 682 4431 om
703 4364 740 4453 T)
762 4419 811 4433 ...
831 4392 901 4432 nam
918 4373 976 4433 duo
990 4374 1083 4434 uerba
1096 4373 1232 4434 iniuncta
1245 4373 1363 4434 nullum

213 4455 326 4517 babent
348 4457 548 4536 significatum
571 4462 635 4520 sine
658 4463 777 4522 nomine
800 4465 854 4523 aut
876 4465 1059 4540 pronomine,
1080 4464 1117 4523 ut
1138 4462 1163 4524 si
1187 4461 1268 4524 dicas
1290 4458 1362 4524 “dic
