3030 5002
635 337 692 393 Iu.
712 343 826 394 46-48.
1264 339 1307 404 23

158 510 249 570 fuisso
275 527 395 570 uersum
422 512 476 569 aut
503 528 519 568 e
546 507 657 568 libroI
684 508 763 585 qnod
790 508 975 586 probabilius
1003 527 1065 570 esse
1097 508 1226 571 arbitror
1254 512 1307 570 aut

160 618 176 659 e
198 598 275 659 libro
297 599 329 658 Π
351 598 485 659 deelarat
507 597 580 658 ordo
602 597 753 674 expositus
775 599 807 658 in
830 598 934 658 tabula
955 598 1087 679 prolegg.
1106 618 1135 676 p.
1149 596 1237 660 XGV.

247 680 307 749 46.
326 686 478 748 Charisius
492 686 614 764 GLIp.
631 686 755 762 98,8Κ
773 679 913 769 (GLVII
931 708 959 766 p.
976 689 1050 762 294,
1069 689 1110 747 22
1122 679 1164 769 Κ)
1185 683 1308 748 ‘Vultur

157 778 234 837 dixit
259 776 412 857 Vergilius
438 777 471 836 io
498 776 555 850 VI,
582 776 634 836 sed
661 778 693 837 et
719 777 870 837 uulturius
893 777 1025 837 Lucilius
1052 777 1084 835 in
1107 772 1142 836 1.'
1188 775 1306 854 Lupum

157 868 323 927 uolturium
350 866 410 927 dioi
437 866 597 926 admodum
626 865 780 942 probabile
807 870 860 927 est.
906 867 1021 927 Iudices
1052 885 1124 926 auro
1151 869 1307 944 oorruptos

157 956 232 1017 dioit
257 955 406 1016 uulturios
432 958 552 1034 togatos
579 954 725 1032 Apuleius
752 955 867 1015 metX
891 957 932 1016 33
960 958 992 1015 at
1018 955 1107 1016 siouti
1134 954 1203 1015 Piso
1231 957 1306 1016 testo

158 1045 301 1106 Gioarona
318 1045 350 1105 iu
368 1044 426 1105 Pis.
443 1046 485 1106 38
505 1040 686 1123 ‘appellatus
704 1047 750 1105 eat
769 1092 775 1104 .
791 1091 796 1103 .
812 1092 818 1105 .
837 1046 988 1106 uulturius
1012 1045 1095 1106 illius
1112 1040 1307 1121 prouiuoiae’,

156 1135 201 1195 ita
227 1134 327 1212 potuit
355 1134 457 1212 Lupus
483 1136 591 1195 merito
619 1134 779 1212 appellari,
807 1135 858 1211 qui
885 1136 1049 1196 oonsnlaris
1075 1133 1307 1211 repetundarum

157 1226 280 1285 erimine
303 1242 461 1302 oppressus
484 1227 530 1285 est
552 1227 673 1284 auctore
687 1223 785 1284 Valer.
799 1223 876 1284 Max.
891 1223 935 1283 VI
955 1228 984 1298 9,
1005 1226 1054 1284 10.
1097 1223 1155 1284 Sed
1173 1224 1305 1284 omnium

156 1313 431 1391 probabilissimum
463 1315 508 1373 est
539 1312 575 1373 de
607 1313 665 1373 cibi
698 1312 843 1377 auiditate
876 1316 906 1374 et
936 1315 1101 1374 uoraoitate
1129 1313 1305 1373 uooabulum

157 1422 220 1464 asse
254 1402 488 1482 intellegendum
524 1404 613 1462 sicuti
649 1403 730 1480 apud
761 1402 903 1462 Plautum
934 1401 1019 1480 (lapt.
1040 1403 1103 1462 844
1136 1403 1306 1480 Ergasilum

156 1493 276 1554 edaom
298 1491 464 1553 uultur-ium
493 1491 628 1570 appellat
654 1512 704 1552 rex
732 1494 808 1552 eius:
836 1493 908 1553 conf
927 1492 1046 1552 Brixius
1070 1491 1108 1550 ad
1130 1491 1210 1550 Trin.
1233 1493 1305 1552 100.

246 1573 305 1643 47.
329 1581 468 1642 Soholion
493 1586 545 1642 aut
567 1601 584 1642 e
607 1583 820 1642 oommantario
843 1582 875 1641 in
900 1581 1008 1643 Luoilii
1032 1580 1114 1641 lib.l
1135 1583 1221 1658 patet
1242 1599 1305 1641 asse

156 1674 307 1749 sumptum
326 1674 379 1731 aut
402 1691 418 1731 e
440 1670 518 1731 libro
541 1671 556 1730 Ι
577 1670 657 1748 ipso:
680 1672 752 1731 oonf
770 1671 902 1750 prolegg.
922 1693 950 1749 p.
965 1670 1100 1731 XXXVI.

246 1752 305 1822 48.
328 1760 487 1821 Diomedes
511 1760 562 1821 GL
580 1760 595 1820 1
618 1781 647 1837 p.
662 1761 737 1835 486,
757 1762 796 1819 11
811 1760 840 1819 Κ
864 1756 930 1820 ‘alii
947 1762 1048 1821 autem
1066 1760 1178 1821 dietam
1196 1763 1306 1837 putant

156 1870 176 1909 a
201 1851 267 1928 lege
290 1852 406 1924 satura,
433 1869 510 1927 quae
532 1869 591 1908 uno
613 1853 721 1928 rogatu
744 1851 841 1909 multa
863 1850 952 1909 simul
974 1850 1203 1927 oonprabendat,
1226 1849 1304 1926 quod

156 1940 271 2000 soilioet
293 1942 324 1998 et
345 1941 448 1999 satura
471 1940 602 1999 earmina
625 1940 722 1999 multa
743 1939 832 1999 simul
854 1942 994 2016 poemata
1017 1937 1304 2017 conprehenduntur.

155 2030 239 2088 ouius
261 2030 382 2089 saturas
404 2028 480 2106 legis
503 2028 636 2088 Luoilius
660 2031 797 2088 meminit
822 2030 854 2086 in
881 2031 978 2106 primo
1003 2024 1081 2106 “per
1103 2030 1302 2106 satyram...

154 2118 270 2197 legibus
307 2112 451 2177 soluat’'.'
508 2112 602 2199 (conf
630 2119 762 2197 prolegg.
786 2138 815 2195 p.
834 2111 912 2199 XV).
957 2118 1012 2176 Dr
1044 2117 1148 2178 eodem
1184 2120 1304 2177 auctore

155 2207 269 2285 glossas
301 2206 524 2268 Graeoolatinas
554 2204 629 2267 OGL
647 2207 678 2266 11
701 2228 729 2285 p.
751 2210 813 2266 179
838 2209 909 2267 a9:
942 2203 1057 2267 ‘satura
1088 2205 1179 2286 νόμος
1211 2204 1303 2267 πολλὰ

154 2290 302 2375 περιέχων’
324 2297 398 2372 376,
417 2297 458 2356 67
475 2288 579 2375 ’νόμος
597 2293 690 2357 πολλὰ
708 2293 848 2376 περιέχων
866 2297 914 2356 lex
933 2316 987 2373 por
1004 2292 1149 2358 saturam’
1169 2300 1304 2373 sumptas

155 2404 218 2445 essa
237 2405 296 2462 quo
314 2385 473 2446 Diomedes
490 2386 510 2444 l.
525 2404 547 2445 s.
563 2403 585 2446 s.
604 2386 700 2446 utitur
719 2388 852 2462 apparet.
889 2385 1025 2446 Eundem
1044 2385 1180 2447 adhibuit
1198 2386 1303 2447 Festus

155 2496 182 2552 p.
199 2476 277 2535 314:
301 2469 423 2535 ‘Satura
442 2477 544 2533 ...et
565 2476 613 2534 lex
635 2474 737 2534 multis
760 2475 828 2535 aliis
851 2475 966 2554 legibus
985 2471 1129 2535 oonlarta'
1154 2477 1207 2552 qui
1229 2474 1303 2536 baso

154 2564 247 2625 uerba
273 2583 308 2623 ex
335 2564 471 2625 oratione
492 2564 525 2622 Τ.
541 2563 620 2624 Anni
643 2564 731 2624 Lusoi
758 2565 862 2624 habita
891 2584 970 2625 anno
999 2558 1147 2643 ss1s133
1176 2556 1304 2645 (Meyori

155 2652 233 2714 ORF
265 2652 335 2713 edit.
350 2654 402 2714 alt.
421 2673 449 2729 p.
466 2647 545 2734 162)
577 2654 711 2731 exemplo
743 2654 855 2714 adfert:
888 2649 1061 2731 ‘imperium
1093 2652 1173 2729 quod
1202 2652 1303 2728 plebes

154 2763 208 2820 per
245 2744 377 2803 saturam
409 2741 532 2802 dederat
562 2742 593 2801 id
625 2742 803 2820 abrogatum
835 2738 905 2803 est’:
943 2762 1018 2819 quae
1055 2742 1160 2802 Festus
1196 2742 1303 2801 deinde

155 2832 266 2892 adtulit
279 2830 310 2891 G.
325 2831 421 2892 Laelii
439 2833 531 2892 uerba
553 2849 588 2892 ea
611 2850 646 2893 ea
668 2834 797 2892 oratioue
814 2851 904 2907 quam
917 2849 975 2906 pro
993 2850 1024 2892 se
1046 2833 1120 2891 dixit
1143 2850 1219 2907 quae
1243 2849 1302 2906 quo

154 2941 232 2983 anuo
255 2921 360 2982 babita
381 2920 422 2981 sit
443 2923 609 3001 ignoratur,
632 2941 668 2980 ea
689 2923 804 2999 periore
827 2941 846 2982 a
868 2921 990 2981 librario
1014 2923 1125 2981 omissa
1147 2939 1208 2979 una
1235 2938 1300 2980 oum

154 3013 274 3072 nomina
298 3009 447 3071 Sallustii:
470 3011 558 3070 huius
582 3010 662 3070 enim
688 3010 780 3071 uerba
802 3014 833 3070 et
855 3010 935 3087 apud
958 3009 1133 3070 Diomedem
1156 3009 1174 3068 l.
1189 3028 1212 3070 s.
1226 3027 1248 3069 s.
1272 3012 1303 3068 et

154 3100 234 3176 apud
262 3099 383 3159 Festum
411 3101 545 3176 exemplo
572 3099 747 3160 adferuntur
773 3100 837 3179 lug.
854 3101 909 3175 29,
929 3100 962 3159 5:
996 3095 1077 3159 ‘dein
1105 3101 1224 3177 postero
1254 3099 1302 3158 die

154 3191 241 3266 qnasi
267 3208 322 3264 per
348 3192 482 3248 saturam
509 3190 665 3250 sententiis
693 3188 848 3266 exquisitis
875 3191 908 3249 in
931 3188 1112 3250 deditionem
1135 3183 1301 3265 aoaipitur.'

154 3280 195 3338 Et
216 3281 248 3337 in
272 3278 360 3337 Lusci
389 3280 523 3338 oratione
551 3281 582 3337 et
608 3280 640 3337 in
667 3279 778 3340 Luoilii
803 3298 891 3340 uersu
913 3297 970 3354 por
996 3282 1132 3338 suburam
1158 3298 1218 3338 uon
1241 3278 1302 3337 iam

155 3367 304 3446 signifieat
326 3368 387 3442 leqe
409 3370 441 3426 in
463 3371 598 3428 solarum
620 3367 683 3429 totu
705 3360 785 3449 (ΟΠ,
803 3369 819 3428 Ι
840 3369 912 3442 198,
933 3361 989 3450 72)
1012 3368 1064 3428 sed
1086 3371 1249 3444 usurpatur
1266 3386 1303 3427 ea

154 3457 265 3518 looutio
296 3458 329 3515 in
355 3457 520 3533 plebisoitia
547 3459 658 3517 temere
685 3460 716 3516 et
742 3457 959 3518 inoonsiderato
986 3458 1074 3517 faeda
1102 3460 1137 3516 ut
1163 3460 1302 3533 apparet:

153 3566 222 3607 nam
253 3545 335 3623 apud
361 3544 509 3606 Lucilium
537 3546 672 3624 intellegi
699 3566 759 3606 uon
786 3565 872 3624 posse
895 3546 1041 3623 quomodo
1065 3545 1170 3605 aedilis
1194 3546 1303 3622 aliquis

152 3635 207 3696 liat
238 3654 257 3695 a
287 3634 400 3712 populo
427 3654 480 3712 per
506 3636 603 3715 legem
631 3638 764 3696 saturam
790 3638 855 3696 iure
887 3634 1013 3697 adnotat
1038 3635 1238 3696 Mommsenus
1266 3634 1302 3693 de

152 3726 217 3785 iure
239 3746 267 3802 p.
282 3724 317 3784 u.
331 3724 416 3784 1111
442 3717 560 3807 (1887)
583 3745 611 3802 p.
627 3725 702 3800 336,
721 3726 754 3785 5:
777 3744 873 3802 neque
901 3728 1002 3784 taman
1024 3724 1227 3785 coniunxerim
1244 3742 1302 3798 por

153 3820 288 3874 satarum
315 3831 382 3873 oum
408 3813 519 3883 soluat,
546 3832 606 3891 qua
629 3816 836 3876 ooniunotione
862 3815 974 3888 foetum
995 3817 1115 3874 tantum
1138 3833 1198 3873 non
1220 3812 1301 3872 foras

153 3903 319 3982 expellitur.
369 3902 530 3964 Sallustius
557 3904 576 3962 l.
591 3923 614 3964 s.
629 3921 650 3963 s.
674 3905 751 3965 hano
782 3905 964 3966 looutionem
997 3905 1112 3963 ueteres
1142 3903 1301 3979 scriptores

153 3995 270 4054 seoutus
287 3993 361 4052 item
379 3992 518 4052 adhibuit
537 3992 671 4052 aduerbii
685 3993 760 4067 looo,
778 3995 942 4055 sententias
956 3996 1066 4052 temere
1080 3994 1111 4051 et
1124 3992 1302 4052 festinanter

152 4083 249 4143 dictas
277 4100 343 4142 oum
371 4082 525 4143 indicaret.
574 4080 664 4142 Ouios
691 4085 901 4144 auotoritatem
928 4082 1016 4142 multi
1043 4082 1077 4140 in
1098 4080 1154 4141 baa
1176 4099 1208 4140 re
1231 4084 1301 4140 sunt

152 4172 247 4232 saouli
274 4171 370 4231 ueluti
397 4174 502 4231 auctor
527 4173 703 4251 panegyrioi
729 4174 800 4232 anni
831 4174 893 4232 311
920 4165 1009 4254 (vm
1032 4190 1095 4248 cap.
1113 4162 1168 4250 11)
1193 4164 1300 4246 ‘neque

152 4263 232 4321 enim
272 4261 359 4336 quusi
392 4279 451 4337 per
489 4264 625 4321 satarum
660 4261 867 4322 oonfundenda
909 4263 980 4323 sunt
1014 4262 1102 4320 tanta
1137 4256 1300 4335 benefioia',

152 4349 308 4426 Gbsrisp.
326 4350 403 4424 194,
423 4353 459 4410 21
499 4345 610 4410 ‘mania
641 4353 727 4425 quasi
754 4351 860 4412 collata
882 4369 940 4425 per
968 4344 1124 4423 satarum
1150 4347 1299 4408 Ammian.

153 4440 223 4499 XVI
247 4440 324 4514 6,3
363 4434 524 4514 ‘tamquam
550 4458 608 4515 per
642 4435 798 4510 autmom',
835 4440 948 4520 Digeat.
981 4440 1073 4516 praef.
1096 4438 1128 4497 Π
1160 4430 1300 4517 (Omnem
