3036 5004
224 370 290 435 310
586 366 801 423 XXVI-xxm
819 384 846 420 u.
867 369 1008 422 ere-oso

225 541 383 600 tremescat
396 539 492 598 1111111
506 539 536 597 11
554 556 680 616 magnae
699 537 881 596 mandonum
899 530 1033 613 gulae''.'
1066 535 1254 594 Vocabulum
1268 537 1382 595 urendo

225 629 345 706 proprie
369 631 414 688 est
435 628 639 688 Lucilianum:
663 645 697 684 ex
722 625 838 686 Lucilio
861 627 989 702 sumpsit
1011 625 1108 684 Varro
1131 644 1233 684 uersus
1255 624 1381 684 exitum.

315 710 399 779 947.
423 716 537 777 Probus
566 718 736 776 1111111111.
757 713 808 774 GL
827 714 870 773 IV
890 735 918 791 p.
938 717 989 790 67,
1010 713 1089 774 3111
1117 714 1153 774 11
1182 718 1319 776 austerus
1350 720 1382 774 et

226 810 354 868 austeris
377 808 473 866 forma
497 801 587 866 ‘nunc
609 824 676 864 cum
699 805 781 864 dicat
799 803 932 864 Lucilius
956 800 1252 864 “austerissimamm
1272 804 1382 866 herba·

226 918 292 957 rum
316 915 401 957 sucos
424 890 631 972 exprimebat”
660 895 765 971 utique
792 896 853 953 iam
884 888 980 954 “hio’'
1009 894 1058 953 uel
1090 889 1188 954 “baec
1215 891 1383 970 austeris'’,

226 1006 287 1046 non
311 983 382 1045 “bic
406 979 565 1046 austerus'’
589 986 685 1044 facere
709 979 950 1043 demonstratur'.
996 984 1064 1042 Non
1088 984 1235 1059 estquod
1258 982 1382 1045 dubites

227 1077 263 1136 de
291 1080 411 1137 auctore
439 1075 527 1135 buius
554 1093 657 1134 uersus
688 1093 777 1149 quem
809 1075 1011 1150 septenarium
1043 1091 1105 1132 esse
1139 1076 1164 1132 si
1195 1093 1302 1134 reuera
1334 1078 1383 1135 est

228 1165 339 1225 Lucilii
361 1167 592 1224 consentaneum
616 1166 661 1222 est
679 1163 736 1223 nisi
756 1161 835 1239 qnod
854 1162 993 1222 ultimum
1012 1162 1190 1223 uocabulum
1208 1167 1383 1224 mutauerat

227 1255 454 1334 grammaticus:
482 1256 547 1312 iure
570 1255 616 1313 ita
638 1252 766 1313 iudicari
793 1254 906 1312 euincit
933 1253 1014 1311 iusta
1041 1271 1117 1329 quae
1145 1252 1247 1311 euadit
1274 1272 1382 1314 uersus

228 1364 358 1405 caesura.
416 1343 580 1421 suspiceris
612 1342 761 1402 Lucilium
793 1343 946 1418 scripsisse
978 1344 1150 1416 exprimeret
1184 1337 1314 1419 <ueter>
1351 1347 1383 1403 et

229 1437 325 1514 egisse
348 1433 384 1492 de
407 1432 520 1493 medico
542 1434 595 1508 qui
614 1432 765 1491 absinthia
782 1433 862 1490 tetra
880 1432 1009 1508 porrigit
1027 1431 1260 1509 aegrotantibus.
1294 1431 1383 1492 Gom-

228 1523 350 1601 parauit
367 1525 429 1581 iam
448 1522 647 1582 Stowasserus
666 1520 743 1581 stud.
758 1519 884 1579 Vindob.
901 1520 944 1578 IV
965 1521 1050 1579 1882
1069 1541 1098 1597 p.
1120 1521 1182 1580 135
1201 1521 1319 1580 Patron.
1336 1523 1381 1581 88

230 1608 344 1688 ‘itaque
370 1611 530 1671 herbarum
558 1611 690 1672 omnium
718 1629 804 1670 sucos
832 1610 1021 1670 Democritus
1049 1605 1204 1686 expressit’
1233 1612 1286 1686 qui
1313 1608 1384 1692 περὶ

231 1709 334 1780 χυμῶν
367 1703 518 1777 scripserit
544 1700 631 1778 Diog.
655 1699 876 1758 1111111146
904 1699 1098 1775 Theophrast.
1122 1700 1158 1759 de
1182 1717 1260 1759 caus.
1284 1701 1383 1776 plant.

230 1792 273 1849 VI
283 1795 311 1865 1,
322 1792 350 1849 6.
374 1789 599 1865 Superlatiuum
614 1791 832 1848 austerissimae
846 1789 944 1848 adfert
957 1789 1071 1848 Neuius
1085 1788 1121 1848 de
1130 1790 1234 1848 formis
1244 1789 1263 1848 l.
1273 1790 1342 1849 Lat.
1351 1791 1384 1850 Π

232 1878 373 1939 1111ΠΙ
400 1899 428 1956 p.
454 1881 516 1939 189
554 1897 589 1937 ex
627 1877 781 1937 Scribonio
818 1877 917 1956 Largo
942 1881 1004 1937 142
1041 1876 1176 1956 Gargilio
1208 1899 1237 1955 p.
1258 1880 1382 1955 193,3

231 1970 322 2029 Rosci
345 1968 421 2029 11113.

320 2050 405 2119 948.
429 2057 546 2116 Nonius
564 2077 593 2133 p.
610 2058 694 2132 94,5
719 2076 755 2116 ex
773 2058 970 2134 grammatico
990 2053 1196 2133 ‘ooosendicas
1215 2076 1303 2118 coxas
1323 2052 1385 2138 (ita

235 2141 384 2220 Guelferb.
408 2146 580 2207 oocsendioa
608 2165 680 2206 coxa
707 2138 806 2227 Luat.)
835 2146 969 2205 Lucilius
997 2141 1110 2221 “cuput
1138 2149 1214 2207 cotos
1247 2151 1386 2208 temtatur

232 2229 412 2318 (temptetur
436 2228 609 2317 auersere),
631 2238 754 2295 truncus
777 2235 940 2295 sustinetur
962 2255 982 2295 a
1005 2232 1262 2297 coesurdieibus''.’
1309 2237 1386 2298 ’111-

232 2326 329 2385 ctauit
355 2326 434 2386 hunc
460 2344 579 2386 uersum
607 2323 790 2386 Godofredus
817 2325 1006 2385 Hermannus
1033 2328 1066 2385 in
1093 2327 1186 2402 praef.
1215 2325 1251 2385 ad
1280 2326 1386 2388 Plauti

233 2415 394 2475 Bacchides
412 2435 441 2492 p.
456 2414 493 2490 V,
512 2415 563 2492 qui
582 2415 712 2476 contulit
728 2414 832 2475 Isidor.
852 2417 925 2493 orig.
945 2415 987 2473 XI
1008 2419 1036 2491 1,
1057 2417 1096 2474 72
1119 2411 1265 2475 ‘Truncus
1284 2417 1387 2477 media

233 2524 302 2582 pars
317 2506 448 2582 corporis
462 2523 481 2563 1
495 2505 572 2564 collo
586 2523 680 2580 usque
695 2503 733 2563 ad
745 2506 879 2582 inguina.
903 2504 939 2563 11
954 2524 1012 2580 quo
1027 2504 1167 2584 Nigidius
1178 2500 1292 2582 “caput
1306 2506 1386 2567 collo

234 2596 366 2670 uehitur,
386 2598 509 2653 11111111
532 2595 696 2654 sustinetur
718 2596 798 2653 coxis
821 2598 852 2653 et
875 2595 998 2673 genibus
1022 2590 1260 2672 cruribusque'’.'
1308 2594 1391 2655 Ocni

235 2684 381 2744 Swoboda
407 2683 444 2742 de
469 2683 592 2761 Nigidio
615 2686 736 2759 p.130.
784 2683 911 2760 Scripsit
939 2683 1139 2745 Hermannus:
1169 2680 1264 2744 ‘Collo
1293 2689 1389 2764 caput

234 2775 422 2833 sustentatur
443 2777 565 2832 truncus
589 2775 752 2832 sustinetur
775 2768 1004 2833 coxendicibus'.
1040 2773 1207 2833 Hermanni
1225 2775 1387 2835 lectionem

234 2862 375 2939 probauit
396 2861 612 2921 Lachmannus.
654 2862 814 2921 Muellerus
836 2864 868 2921 in
892 2865 1104 2922 commentario
1128 2863 1208 2939 apud
1229 2864 1388 2942 Nigidium

237 2954 298 3029 legi
322 2954 426 3011 auctor
449 2954 495 3010 est
516 2955 703 3025 sustentetur,
726 2951 793 3011 ideo
817 2952 896 3028 quod
919 2952 975 3012 cod
996 2952 1104 3013 Isidori
1123 2951 1271 3013 Guelferb.
1294 2954 1389 3014 habet

235 3045 417 3115 ostentetur,
440 3058 508 3100 cum
530 3039 660 3100 babeant
680 3043 849 3118 1111111111,
872 3045 1035 3102 susteuetur
1056 3041 1178 3118 reliqui,
1201 3043 1281 3102 idem
1305 3044 1388 3119 apud

235 3130 384 3189 Lucilium
407 3128 520 3188 deleuit
541 3132 576 3188 ut
599 3130 746 3206 glossema
769 3131 860 3190 uerba
880 3133 1038 3191 sustinetur
1056 3151 1076 3191 o
1095 3135 1125 3190 et
1143 3134 1264 3210 scripsit
1283 3128 1389 3209 ‘eaput

236 3214 311 3296 (ut)
338 3218 416 3277 collo
443 3216 653 3295 sustentatur,'
673 3222 796 3279 truncus
829 3217 1057 3281 coxendicibus'.
1108 3223 1172 3300 Ego
1200 3222 1388 3282 Lachmanni

236 3307 398 3367 editionem
424 3308 508 3383 sequi
536 3308 643 3384 malui,
672 3311 810 3385 quamuis
832 3311 968 3389 legitima
991 3314 1092 3370 careat
1116 3330 1220 3371 uersus
1248 3330 1388 3371 caesura:

237 3416 297 3474 qua
319 3397 350 3456 in
378 3415 410 3456 re
437 3400 621 3474 septenarius
647 3399 704 3458 iste
731 3400 855 3458 minime
883 3403 929 3460 est
956 3401 1117 3479 singularis
1146 3393 1231 3483 (uide
1257 3401 1387 3461 indicem

237 3506 361 3565 gramm.
385 3504 407 3545 s.
431 3507 458 3545 u.
482 3480 686 3567 septenarius).
739 3489 838 3548 Verba
870 3491 940 3548 rollo
972 3492 1060 3563 capu
1091 3509 1159 3550 oum
1191 3492 1253 3549 sint
1284 3496 1389 3566 aperte

236 3578 411 3651 1111111111,
443 3577 500 3636 hoc
531 3576 597 3636 loco
627 3579 738 3636 iterum
768 3581 895 3638 traicere
922 3597 975 3638 suo
1003 3581 1066 3638 iure
1095 3580 1204 3655 aliquis
1232 3580 1327 3657 possit
1353 3585 1390 3640 ut

237 3665 386 3726 scribatur
423 3661 458 3725 ‘c
491 3683 514 3724 o.
547 3668 745 3741 sustentatur,
787 3669 949 3728 sustinetur
989 3672 1114 3728 truncus
1156 3667 1389 3730 coxendicibus'.

238 3755 372 3815 Similem
395 3757 574 3814 sententiam
596 3756 725 3831 protulit
747 3760 837 3833 poeta
858 3758 909 3816 lib.
929 3756 971 3815 IV
991 3777 1018 3816 u.
1041 3759 1101 3817 161
1114 3776 1174 3834 seq.

327 3837 412 3905 951).
437 3843 557 3904 Serraius
581 3845 620 3904 11
637 3845 786 3906 Aeneidos
804 3846 819 3904 I
839 3848 899 3905 181
927 3842 1058 3906 ‘Anthea
1077 3848 1102 3906 si
1121 3843 1220 3925 quem'
1242 3893 1291 3905 ...
1313 3843 1390 3909 ‘Aut

239 3937 317 3995 certe
341 3929 477 4010 “quem''
501 3936 599 4009 uacat,
621 3937 657 3993 nt
679 3935 814 4011 superius
837 3936 965 3995 dixnnus
987 3939 1062 3998 11111
1085 3938 1255 4014 frequenter
1280 3956 1390 3998 uacare

237 4023 410 4100 particulas.
450 4026 486 4082 ut
507 4024 571 4099 ipse
594 4023 747 4103 Vergilius
769 4018 810 4106 (X
830 4018 909 4106 861)
934 4021 1059 4085 “1111111
1082 4026 1142 4102 diu,
1160 4046 1207 4086 res
1231 4028 1317 4103 siqua
1336 4027 1390 4088 diu

239 4113 417 4172 mortalibus
444 4113 508 4171 ulla
535 4108 613 4173 est’'.
663 4133 750 4174 nemo
778 4116 858 4174 enim
885 4115 959 4174 dicit
987 4111 1098 4192 “siqua
1125 4112 1223 4191 ulla'’,
1257 4116 1309 4176 sad
1338 4113 1391 4178 “si

239 4196 334 4260 ulla'':
368 4205 457 4262 uacat
483 4221 553 4280 ergo
587 4198 703 4278 “qua'’.
749 4203 822 4263 item
848 4205 878 4262 in
906 4204 1021 4265 Lucilio
1056 4201 1106 4265 “et
1137 4225 1220 4280 quern
1247 4206 1391 4283 Pamphi-

238 4291 302 4349 lum
326 4287 478 4368 quaeris'’,
502 4286 633 4366 “quun’'
657 4296 760 4352 uacat:
783 4312 853 4352 nam
875 4293 912 4352 de
934 4314 993 4354 nno
1017 4290 1215 4372 loquebatur'.
1253 4295 1392 4358 Adnotat

238 4379 460 4440 Lachmannus:
489 4377 582 4441 ‘Haeo
609 4401 668 4441 non
695 4383 836 4441 uidentur
863 4402 925 4443 esse
948 4384 1071 4460 Lucilii,
1102 4385 1152 4445 sed
1181 4385 1326 4461 Terentii,
1355 4406 1390 4446 ex

241 4468 359 4545 Hecyra
381 4462 477 4551 (804)
495 4469 523 4526 V
543 4471 573 4545 3,
593 4472 621 4546 6,
653 4473 792 4546 11111111
824 4490 937 4546 ecquem
964 4475 1152 4550 Pumpbitouu
1178 4476 1239 4534 Hic
1268 4473 1391 4536 bubesff
