<?xml version="1.0" encoding="UTF-8"?>
<!DOCTYPE html PUBLIC "-//W3C//DTD XHTML 1.0 Transitional//EN"
    "http://www.w3.org/TR/xhtml1/DTD/xhtml1-transitional.dtd">
<html xmlns="http://www.w3.org/1999/xhtml" xml:lang="en" lang="en">
 <head>
  <title>
</title>
<meta http-equiv="Content-Type" content="text/html;charset=utf-8" />
  <meta name='ocr-system' content='tesseract 3.04.00' />
  <meta name='ocr-capabilities' content='ocr_page ocr_carea ocr_par ocr_line ocrx_word'/>
</head>
<body>
  <div class='ocr_page' id='page_1' title='image "./cluciliicarminu00lucigoog_0083.png"; bbox 0 0 3030 5002; ppageno 0'>
   <div class='ocr_carea' id='block_1_1' title="bbox 194 303 1006 398">
    <p class='ocr_par' dir='ltr' id='par_1_1' title="bbox 194 303 1006 398">
     <span class='ocr_line' id='line_1_1' title="bbox 194 303 1006 398; baseline 0.001 -22"><span class='ocrx_word' id='word_1_1' title='bbox 194 323 238 390; x_wconf 77' lang='lat'>50</span> <span class='ocrx_word' id='word_1_2' title='bbox 643 323 681 398; x_wconf 76' lang='lat'>111</span> <span class='ocrx_word' id='word_1_3' title='bbox 699 341 726 378; x_wconf 86' lang='lat' dir='ltr'>u.</span> <span class='ocrx_word' id='word_1_4' title='bbox 748 327 895 378; x_wconf 74' lang='lat' dir='ltr'>ror-10⁹.</span> <span class='ocrx_word' id='word_1_5' title='bbox 1003 303 1006 308; x_wconf 79' lang='grc'><strong>’</strong></span> 
     </span>
    </p>
   </div>
   <div class='ocr_carea' id='block_1_2' title="bbox 189 492 1349 4504">
    <p class='ocr_par' dir='ltr' id='par_1_2' title="bbox 189 492 1349 3879">
     <span class='ocr_line' id='line_1_2' title="bbox 194 492 1342 572; baseline 0 -19"><span class='ocrx_word' id='word_1_6' title='bbox 194 513 290 571; x_wconf 89' lang='lat' dir='ltr'>neque</span> <span class='ocrx_word' id='word_1_7' title='bbox 312 492 349 553; x_wconf 90' lang='lat' dir='ltr'>de</span> <span class='ocrx_word' id='word_1_8' title='bbox 370 494 478 553; x_wconf 89' lang='lat' dir='ltr'>itinere</span> <span class='ocrx_word' id='word_1_9' title='bbox 500 494 652 553; x_wconf 89' lang='lat' dir='ltr'>maritimo</span> <span class='ocrx_word' id='word_1_10' title='bbox 675 495 734 572; x_wconf 78' lang='lat' dir='ltr'>agi,</span> <span class='ocrx_word' id='word_1_11' title='bbox 757 495 830 570; x_wconf 91' lang='lat' dir='ltr'>quia</span> <span class='ocrx_word' id='word_1_12' title='bbox 849 492 952 570; x_wconf 80' lang='lat' dir='ltr'>(lapus</span> <span class='ocrx_word' id='word_1_13' title='bbox 973 492 1044 552; x_wconf 90' lang='lat' dir='ltr'>urbs</span> <span class='ocrx_word' id='word_1_14' title='bbox 1062 495 1108 554; x_wconf 88' lang='lat' dir='ltr'>est</span> <span class='ocrx_word' id='word_1_15' title='bbox 1125 493 1342 554; x_wconf 82' lang='lat' dir='ltr'>mediterranea</span> 
     </span>
     <span class='ocr_line' id='line_1_3' title="bbox 194 581 1342 661; baseline 0 -19"><span class='ocrx_word' id='word_1_16' title='bbox 194 600 288 661; x_wconf 89' lang='lat' dir='ltr'>neque</span> <span class='ocrx_word' id='word_1_17' title='bbox 330 585 412 642; x_wconf 87' lang='lat' dir='ltr'>uiam</span> <span class='ocrx_word' id='word_1_18' title='bbox 448 581 579 659; x_wconf 84' lang='lat' dir='ltr'>Appiam</span> <span class='ocrx_word' id='word_1_19' title='bbox 615 585 746 642; x_wconf 86' lang='lat' dir='ltr'>ueterem</span> <span class='ocrx_word' id='word_1_20' title='bbox 781 582 923 642; x_wconf 88' lang='lat' dir='ltr'>urbemue</span> <span class='ocrx_word' id='word_1_21' title='bbox 959 582 1085 642; x_wconf 87' lang='lat' dir='ltr'>Romam</span> <span class='ocrx_word' id='word_1_22' title='bbox 1124 583 1172 643; x_wconf 91' lang='lat' dir='ltr'>his</span> <span class='ocrx_word' id='word_1_23' title='bbox 1208 583 1342 644; x_wconf 88' lang='lat' dir='ltr'>uersibus</span> 
     </span>
     <span class='ocr_line' id='line_1_4' title="bbox 193 670 1349 751; baseline -0.002 -18"><span class='ocrx_word' id='word_1_24' title='bbox 193 673 323 751; x_wconf 85' lang='lat' dir='ltr'>speetari</span> <span class='ocrx_word' id='word_1_25' title='bbox 354 689 452 749; x_wconf 86' lang='lat' dir='ltr'>posse,</span> <span class='ocrx_word' id='word_1_26' title='bbox 485 673 556 748; x_wconf 91' lang='lat' dir='ltr'>quia</span> <span class='ocrx_word' id='word_1_27' title='bbox 584 670 688 749; x_wconf 79' lang='lat' dir='ltr'>Capua</span> <span class='ocrx_word' id='word_1_28' title='bbox 718 671 804 731; x_wconf 88' lang='lat' dir='ltr'>abest</span> <span class='ocrx_word' id='word_1_29' title='bbox 829 671 925 732; x_wconf 87' lang='lat' dir='ltr'>Roma</span> <span class='ocrx_word' id='word_1_30' title='bbox 951 692 990 731; x_wconf 88' lang='grc' dir='ltr'><strong>ιιι.</strong></span> <span class='ocrx_word' id='word_1_31' title='bbox 1009 692 1037 750; x_wconf 89' lang='lat' dir='ltr'>p.</span> <span class='ocrx_word' id='word_1_32' title='bbox 1059 671 1195 732; x_wconf 80' lang='lat' dir='ltr'>CXXXII</span> <span class='ocrx_word' id='word_1_33' title='bbox 1202 693 1210 731; x_wconf 74' lang='grc' dir='ltr'><strong><em>ε</em></strong></span> <span class='ocrx_word' id='word_1_34' title='bbox 1242 673 1349 751; x_wconf 80' lang='lat' dir='ltr'>agitur</span> 
     </span>
     <span class='ocr_line' id='line_1_5' title="bbox 192 759 1343 841; baseline 0.001 -20"><span class='ocrx_word' id='word_1_35' title='bbox 192 763 289 841; x_wconf 75' lang='lat' dir='ltr'>igitur</span> <span class='ocrx_word' id='word_1_36' title='bbox 316 760 352 821; x_wconf 89' lang='lat' dir='ltr'>de</span> <span class='ocrx_word' id='word_1_37' title='bbox 381 761 432 820; x_wconf 90' lang='lat' dir='ltr'>uia</span> <span class='ocrx_word' id='word_1_38' title='bbox 462 759 581 838; x_wconf 89' lang='lat' dir='ltr'>Popilia</span> <span class='ocrx_word' id='word_1_39' title='bbox 608 763 638 820; x_wconf 92' lang='lat' dir='ltr'>et</span> <span class='ocrx_word' id='word_1_40' title='bbox 665 760 701 821; x_wconf 92' lang='lat' dir='ltr'>de</span> <span class='ocrx_word' id='word_1_41' title='bbox 728 762 834 821; x_wconf 88' lang='lat' dir='ltr'>itinere</span> <span class='ocrx_word' id='word_1_42' title='bbox 857 761 999 821; x_wconf 84' lang='lat' dir='ltr'>terrestri.</span> <span class='ocrx_word' id='word_1_43' title='bbox 1046 760 1104 820; x_wconf 86' lang='lat' dir='ltr'>Sed</span> <span class='ocrx_word' id='word_1_44' title='bbox 1131 780 1200 821; x_wconf 89' lang='lat' dir='ltr'>oum</span> <span class='ocrx_word' id='word_1_45' title='bbox 1227 763 1343 822; x_wconf 81' lang='lat' dir='ltr'>constet</span> 
     </span>
     <span class='ocr_line' id='line_1_6' title="bbox 193 850 1343 928; baseline 0.001 -18"><span class='ocrx_word' id='word_1_46' title='bbox 193 850 343 912; x_wconf 81' lang='lat' dir='ltr'><strong>Lucilium</strong></span> <span class='ocrx_word' id='word_1_47' title='bbox 375 850 508 910; x_wconf 80' lang='lat' dir='ltr'>Puteolis</span> <span class='ocrx_word' id='word_1_48' title='bbox 539 850 715 910; x_wconf 86' lang='lat' dir='ltr'>Palinurum</span> <span class='ocrx_word' id='word_1_49' title='bbox 746 852 916 928; x_wconf 83' lang='lat' dir='ltr'>nauigasse‚</span> <span class='ocrx_word' id='word_1_50' title='bbox 955 853 1106 927; x_wconf 82' lang='lat' dir='ltr'>pertineat</span> <span class='ocrx_word' id='word_1_51' title='bbox 1137 853 1256 927; x_wconf 86' lang='lat' dir='ltr'>oportet</span> <span class='ocrx_word' id='word_1_52' title='bbox 1286 852 1343 911; x_wconf 88' lang='lat' dir='ltr'>hoo</span> 
     </span>
     <span class='ocr_line' id='line_1_7' title="bbox 195 939 1344 1019; baseline 0 -19"><span class='ocrx_word' id='word_1_53' title='bbox 195 941 399 1019; x_wconf 77' lang='lat' dir='ltr'>fragmentum</span> <span class='ocrx_word' id='word_1_54' title='bbox 421 940 459 999; x_wconf 94' lang='lat' dir='ltr'>ad</span> <span class='ocrx_word' id='word_1_55' title='bbox 483 940 664 1016; x_wconf 80' lang='lat' dir='ltr'>colloquium</span> <span class='ocrx_word' id='word_1_56' title='bbox 685 939 761 998; x_wconf 90' lang='lat' dir='ltr'>illud</span> <span class='ocrx_word' id='word_1_57' title='bbox 785 940 864 1017; x_wconf 88' lang='lat' dir='ltr'>quod</span> <span class='ocrx_word' id='word_1_58' title='bbox 887 958 954 999; x_wconf 88' lang='lat' dir='ltr'>oum</span> <span class='ocrx_word' id='word_1_59' title='bbox 977 942 1074 1000; x_wconf 86' lang='lat' dir='ltr'>amieo</span> <span class='ocrx_word' id='word_1_60' title='bbox 1097 958 1150 1001; x_wconf 89' lang='lat' dir='ltr'>suo</span> <span class='ocrx_word' id='word_1_61' title='bbox 1168 940 1283 1015; x_wconf 90' lang='lat' dir='ltr'>habuit,</span> <span class='ocrx_word' id='word_1_62' title='bbox 1306 941 1344 1000; x_wconf 87' lang='lat' dir='ltr'>de</span> 
     </span>
     <span class='ocr_line' id='line_1_8' title="bbox 193 1029 1342 1107; baseline 0 -18"><span class='ocrx_word' id='word_1_63' title='bbox 193 1049 253 1107; x_wconf 92' lang='lat' dir='ltr'>quo</span> <span class='ocrx_word' id='word_1_64' title='bbox 285 1031 475 1107; x_wconf 77' lang='lat' dir='ltr'>exposuimus</span> <span class='ocrx_word' id='word_1_65' title='bbox 503 1029 540 1089; x_wconf 89' lang='lat' dir='ltr'>ad</span> <span class='ocrx_word' id='word_1_66' title='bbox 563 1049 612 1089; x_wconf 90' lang='lat' dir='ltr'>uu.</span> <span class='ocrx_word' id='word_1_67' title='bbox 636 1031 802 1089; x_wconf 79' lang='lat'>97—104:</span> <span class='ocrx_word' id='word_1_68' title='bbox 834 1048 893 1106; x_wconf 93' lang='lat' dir='ltr'>quo</span> <span class='ocrx_word' id='word_1_69' title='bbox 921 1029 1077 1090; x_wconf 73' lang='lat' dir='ltr'><strong>certiorem</strong></span> <span class='ocrx_word' id='word_1_70' title='bbox 1107 1031 1182 1089; x_wconf 81' lang='lat' dir='ltr'>fauit</span> <span class='ocrx_word' id='word_1_71' title='bbox 1212 1031 1342 1089; x_wconf 85' lang='lat' dir='ltr'>amioum</span> 
     </span>
     <span class='ocr_line' id='line_1_9' title="bbox 193 1118 1342 1196; baseline 0.001 -18"><span class='ocrx_word' id='word_1_72' title='bbox 193 1123 385 1196; x_wconf 74' lang='lat' dir='ltr'>quaerentem</span> <span class='ocrx_word' id='word_1_73' title='bbox 408 1119 444 1178; x_wconf 90' lang='lat' dir='ltr'>de</span> <span class='ocrx_word' id='word_1_74' title='bbox 467 1137 554 1178; x_wconf 85' lang='lat' dir='ltr'>cursu</span> <span class='ocrx_word' id='word_1_75' title='bbox 576 1120 692 1179; x_wconf 85' lang='lat' dir='ltr'>itineris</span> <span class='ocrx_word' id='word_1_76' title='bbox 712 1120 742 1177; x_wconf 87' lang='lat' dir='ltr'>et</span> <span class='ocrx_word' id='word_1_77' title='bbox 759 1120 883 1178; x_wconf 87' lang='lat' dir='ltr'>ratione.</span> <span class='ocrx_word' id='word_1_78' title='bbox 925 1118 1003 1189; x_wconf 80' lang='lat' dir='ltr'>Quid</span> <span class='ocrx_word' id='word_1_79' title='bbox 1022 1119 1195 1194; x_wconf 76' lang='lat' dir='ltr'>deliberent,</span> <span class='ocrx_word' id='word_1_80' title='bbox 1217 1120 1342 1196; x_wconf 90' lang='lat' dir='ltr'>planum</span> 
     </span>
     <span class='ocr_line' id='line_1_10' title="bbox 193 1207 1342 1285; baseline -0.001 -16"><span class='ocrx_word' id='word_1_81' title='bbox 193 1211 238 1270; x_wconf 87' lang='lat' dir='ltr'>est</span> <span class='ocrx_word' id='word_1_82' title='bbox 256 1227 345 1269; x_wconf 90' lang='lat' dir='ltr'>uersu</span> <span class='ocrx_word' id='word_1_83' title='bbox 364 1210 512 1285; x_wconf 88' lang='lat' dir='ltr'>sequenti:</span> <span class='ocrx_word' id='word_1_84' title='bbox 530 1209 662 1268; x_wconf 89' lang='lat' dir='ltr'>satiusne</span> <span class='ocrx_word' id='word_1_85' title='bbox 683 1210 724 1268; x_wconf 90' lang='lat' dir='ltr'>sit</span> <span class='ocrx_word' id='word_1_86' title='bbox 741 1211 822 1267; x_wconf 90' lang='lat' dir='ltr'>terra</span> <span class='ocrx_word' id='word_1_87' title='bbox 840 1227 879 1267; x_wconf 88' lang='lat' dir='ltr'>an</span> <span class='ocrx_word' id='word_1_88' title='bbox 896 1211 973 1267; x_wconf 84' lang='lat' dir='ltr'>mari</span> <span class='ocrx_word' id='word_1_89' title='bbox 993 1207 1096 1285; x_wconf 78' lang='lat' dir='ltr'>(lapus</span> <span class='ocrx_word' id='word_1_90' title='bbox 1113 1211 1214 1284; x_wconf 92' lang='lat' dir='ltr'>petere</span> <span class='ocrx_word' id='word_1_91' title='bbox 1231 1209 1342 1268; x_wconf 89' lang='lat' dir='ltr'>fretum</span> 
     </span>
     <span class='ocr_line' id='line_1_11' title="bbox 193 1289 1341 1379; baseline 0.001 -21"><span class='ocrx_word' id='word_1_92' title='bbox 193 1300 348 1375; x_wconf 89' lang='lat' dir='ltr'>quaeritur</span> <span class='ocrx_word' id='word_1_93' title='bbox 366 1289 451 1379; x_wconf 84' lang='lat' dir='ltr'>(uide</span> <span class='ocrx_word' id='word_1_94' title='bbox 470 1297 508 1357; x_wconf 90' lang='lat' dir='ltr'>ad</span> <span class='ocrx_word' id='word_1_95' title='bbox 528 1289 585 1378; x_wconf 81' lang='lat'>96)</span> <span class='ocrx_word' id='word_1_96' title='bbox 604 1299 763 1375; x_wconf 89' lang='lat' dir='ltr'>monetque</span> <span class='ocrx_word' id='word_1_97' title='bbox 781 1298 985 1372; x_wconf 77' lang='lat' dir='ltr'>interlocutor,</span> <span class='ocrx_word' id='word_1_98' title='bbox 1004 1302 1079 1375; x_wconf 94' lang='lat' dir='ltr'>quot</span> <span class='ocrx_word' id='word_1_99' title='bbox 1096 1297 1182 1357; x_wconf 90' lang='lat' dir='ltr'>milia</span> <span class='ocrx_word' id='word_1_100' title='bbox 1199 1316 1341 1373; x_wconf 84' lang='lat' dir='ltr'>passuum</span> 
     </span>
     <span class='ocr_line' id='line_1_12' title="bbox 192 1379 1341 1468; baseline 0.001 -22"><span class='ocrx_word' id='word_1_101' title='bbox 192 1387 261 1448; x_wconf 92' lang='lat' dir='ltr'>inde</span> <span class='ocrx_word' id='word_1_102' title='bbox 293 1408 312 1449; x_wconf 88' lang='lat' dir='ltr'>a</span> <span class='ocrx_word' id='word_1_103' title='bbox 347 1385 450 1464; x_wconf 84' lang='lat' dir='ltr'>(lapus</span> <span class='ocrx_word' id='word_1_104' title='bbox 481 1388 543 1447; x_wconf 89' lang='lat' dir='ltr'>sint</span> <span class='ocrx_word' id='word_1_105' title='bbox 574 1387 761 1447; x_wconf 87' lang='lat' dir='ltr'>dimetienda.</span> <span class='ocrx_word' id='word_1_106' title='bbox 816 1386 946 1446; x_wconf 81' lang='lat' dir='ltr'>Miliaria</span> <span class='ocrx_word' id='word_1_107' title='bbox 982 1386 1092 1464; x_wconf 90' lang='lat' dir='ltr'><strong>Popilii</strong></span> <span class='ocrx_word' id='word_1_108' title='bbox 1121 1379 1199 1468; x_wconf 80' lang='lat' dir='ltr'>(CIL</span> <span class='ocrx_word' id='word_1_109' title='bbox 1222 1387 1239 1446; x_wconf 96' lang='lat' dir='ltr'>I</span> <span class='ocrx_word' id='word_1_110' title='bbox 1262 1380 1341 1468; x_wconf 77' lang='lat'>551)</span> 
     </span>
     <span class='ocr_line' id='line_1_13' title="bbox 192 1474 1342 1553; baseline 0 -16"><span class='ocrx_word' id='word_1_111' title='bbox 192 1477 288 1538; x_wconf 89' lang='lat' dir='ltr'>adiuti</span> <span class='ocrx_word' id='word_1_112' title='bbox 320 1477 408 1538; x_wconf 79' lang='lat' dir='ltr'>iaoile</span> <span class='ocrx_word' id='word_1_113' title='bbox 441 1477 539 1538; x_wconf 83' lang='lat' dir='ltr'>locum</span> <span class='ocrx_word' id='word_1_114' title='bbox 572 1478 756 1536; x_wconf 89' lang='lat' dir='ltr'>inueniemus</span> <span class='ocrx_word' id='word_1_115' title='bbox 789 1494 877 1552; x_wconf 88' lang='lat' dir='ltr'>quem</span> <span class='ocrx_word' id='word_1_116' title='bbox 906 1475 1009 1552; x_wconf 79' lang='lat' dir='ltr'>(lapua</span> <span class='ocrx_word' id='word_1_117' title='bbox 1036 1497 1073 1535; x_wconf 91' lang='lat' dir='ltr'>m.</span> <span class='ocrx_word' id='word_1_118' title='bbox 1088 1496 1118 1553; x_wconf 89' lang='lat' dir='ltr'>p.</span> <span class='ocrx_word' id='word_1_119' title='bbox 1137 1474 1210 1536; x_wconf 66' lang='lat'>001.</span> <span class='ocrx_word' id='word_1_120' title='bbox 1239 1476 1342 1537; x_wconf 88' lang='lat' dir='ltr'>abesse</span> 
     </span>
     <span class='ocr_line' id='line_1_14' title="bbox 192 1565 1341 1644; baseline 0 -19"><span class='ocrx_word' id='word_1_121' title='bbox 192 1567 278 1626; x_wconf 89' lang='lat' dir='ltr'>dioit:</span> <span class='ocrx_word' id='word_1_122' title='bbox 305 1586 375 1626; x_wconf 89' lang='lat' dir='ltr'>nam</span> <span class='ocrx_word' id='word_1_123' title='bbox 401 1570 546 1643; x_wconf 83' lang='lat' dir='ltr'>punctum</span> <span class='ocrx_word' id='word_1_124' title='bbox 575 1565 745 1644; x_wconf 86' lang='lat' dir='ltr'>ponendum</span> <span class='ocrx_word' id='word_1_125' title='bbox 766 1583 831 1626; x_wconf 86' lang='lat' dir='ltr'>esse</span> <span class='ocrx_word' id='word_1_126' title='bbox 853 1568 923 1643; x_wconf 91' lang='lat' dir='ltr'>post</span> <span class='ocrx_word' id='word_1_127' title='bbox 944 1566 1023 1625; x_wconf 89' lang='lat' dir='ltr'>hune</span> <span class='ocrx_word' id='word_1_128' title='bbox 1044 1584 1201 1625; x_wconf 88' lang='lat' dir='ltr'>numerum</span> <span class='ocrx_word' id='word_1_129' title='bbox 1225 1570 1341 1626; x_wconf 92' lang='lat' dir='ltr'>senten-</span> 
     </span>
     <span class='ocr_line' id='line_1_15' title="bbox 191 1654 1342 1734; baseline 0.002 -20"><span class='ocrx_word' id='word_1_130' title='bbox 191 1657 325 1732; x_wconf 88' lang='lat' dir='ltr'>tiamque</span> <span class='ocrx_word' id='word_1_131' title='bbox 351 1656 501 1734; x_wconf 81' lang='lat' dir='ltr'>integram</span> <span class='ocrx_word' id='word_1_132' title='bbox 529 1656 608 1715; x_wconf 85' lang='lat' dir='ltr'>exire</span> <span class='ocrx_word' id='word_1_133' title='bbox 634 1654 701 1714; x_wconf 91' lang='lat' dir='ltr'>ideo</span> <span class='ocrx_word' id='word_1_134' title='bbox 729 1654 921 1714; x_wconf 89' lang='lat' dir='ltr'>statuendum</span> <span class='ocrx_word' id='word_1_135' title='bbox 944 1657 998 1730; x_wconf 91' lang='lat' dir='ltr'>est,</span> <span class='ocrx_word' id='word_1_136' title='bbox 1021 1655 1100 1732; x_wconf 92' lang='lat' dir='ltr'>quod</span> <span class='ocrx_word' id='word_1_137' title='bbox 1122 1655 1215 1714; x_wconf 90' lang='lat' dir='ltr'><strong>Nonii</strong></span> <span class='ocrx_word' id='word_1_138' title='bbox 1237 1660 1342 1716; x_wconf 79' lang='lat' dir='ltr'>auctor</span> 
     </span>
     <span class='ocr_line' id='line_1_16' title="bbox 192 1744 1343 1822; baseline 0.002 -19"><span class='ocrx_word' id='word_1_139' title='bbox 192 1763 252 1804; x_wconf 94' lang='lat' dir='ltr'>non</span> <span class='ocrx_word' id='word_1_140' title='bbox 278 1745 405 1805; x_wconf 84' lang='lat' dir='ltr'>debebat</span> <span class='ocrx_word' id='word_1_141' title='bbox 427 1745 553 1805; x_wconf 76' lang='lat' dir='ltr'>altanum</span> <span class='ocrx_word' id='word_1_142' title='bbox 581 1746 668 1804; x_wconf 88' lang='lat' dir='ltr'>istius</span> <span class='ocrx_word' id='word_1_143' title='bbox 695 1762 798 1804; x_wconf 88' lang='lat' dir='ltr'>uersus</span> <span class='ocrx_word' id='word_1_144' title='bbox 825 1744 1046 1804; x_wconf 75' lang='lat' dir='ltr'>hemistichium</span> <span class='ocrx_word' id='word_1_145' title='bbox 1074 1745 1195 1820; x_wconf 78' lang='lat' dir='ltr'>addere,</span> <span class='ocrx_word' id='word_1_146' title='bbox 1222 1747 1343 1822; x_wconf 84' lang='lat' dir='ltr'>poterat</span> 
     </span>
     <span class='ocr_line' id='line_1_17' title="bbox 192 1829 1342 1909; baseline 0.001 -15"><span class='ocrx_word' id='word_1_147' title='bbox 192 1836 348 1895; x_wconf 87' lang='lat' dir='ltr'>eontentus</span> <span class='ocrx_word' id='word_1_148' title='bbox 372 1852 435 1894; x_wconf 91' lang='lat' dir='ltr'>esse</span> <span class='ocrx_word' id='word_1_149' title='bbox 457 1832 558 1894; x_wconf 89' lang='lat' dir='ltr'>uerbis</span> <span class='ocrx_word' id='word_1_150' title='bbox 582 1829 640 1894; x_wconf 85' lang='lat' dir='ltr'>‘bis</span> <span class='ocrx_word' id='word_1_151' title='bbox 664 1866 705 1875; x_wconf 85' lang='lat'>—</span> <span class='ocrx_word' id='word_1_152' title='bbox 729 1829 779 1893; x_wconf 92' lang='lat' dir='ltr'>te’.</span> <span class='ocrx_word' id='word_1_153' title='bbox 826 1832 961 1903; x_wconf 80' lang='lat' dir='ltr'>Quodsi</span> <span class='ocrx_word' id='word_1_154' title='bbox 985 1833 1111 1909; x_wconf 80' lang='lat' dir='ltr'>addidit,</span> <span class='ocrx_word' id='word_1_155' title='bbox 1134 1854 1170 1893; x_wconf 89' lang='lat' dir='ltr'>ea</span> <span class='ocrx_word' id='word_1_156' title='bbox 1193 1834 1228 1893; x_wconf 90' lang='lat' dir='ltr'>de</span> <span class='ocrx_word' id='word_1_157' title='bbox 1252 1853 1342 1895; x_wconf 86' lang='lat' dir='ltr'>eausa</span> 
     </span>
     <span class='ocr_line' id='line_1_18' title="bbox 192 1922 1342 2001; baseline 0 -18"><span class='ocrx_word' id='word_1_158' title='bbox 192 1922 316 1998; x_wconf 82' lang='lat' dir='ltr'>addidit,</span> <span class='ocrx_word' id='word_1_159' title='bbox 336 1926 408 2000; x_wconf 90' lang='lat' dir='ltr'>quia</span> <span class='ocrx_word' id='word_1_160' title='bbox 425 1925 605 1984; x_wconf 85' lang='lat' dir='ltr'>sententiam</span> <span class='ocrx_word' id='word_1_161' title='bbox 622 1924 720 1983; x_wconf 90' lang='lat' dir='ltr'>noluit</span> <span class='ocrx_word' id='word_1_162' title='bbox 734 1922 875 1999; x_wconf 86' lang='lat' dir='ltr'>praebere</span> <span class='ocrx_word' id='word_1_163' title='bbox 889 1925 1046 2001; x_wconf 72' lang='lat' dir='ltr'>integram.</span> <span class='ocrx_word' id='word_1_164' title='bbox 1086 1922 1188 2000; x_wconf 79' lang='lat' dir='ltr'>(lapus</span> <span class='ocrx_word' id='word_1_165' title='bbox 1203 1923 1342 1985; x_wconf 80' lang='lat' dir='ltr'>Cosentia</span> 
     </span>
     <span class='ocr_line' id='line_1_19' title="bbox 192 2011 1342 2092; baseline 0.002 -20"><span class='ocrx_word' id='word_1_166' title='bbox 192 2012 276 2073; x_wconf 87' lang='lat' dir='ltr'>abest</span> <span class='ocrx_word' id='word_1_167' title='bbox 297 2034 337 2072; x_wconf 91' lang='lat' dir='ltr'>m.</span> <span class='ocrx_word' id='word_1_168' title='bbox 351 2033 380 2089; x_wconf 89' lang='lat' dir='ltr'>p.</span> <span class='ocrx_word' id='word_1_169' title='bbox 396 2011 511 2088; x_wconf 68' lang='lat' dir='ltr'><strong>ccvii,</strong></span> <span class='ocrx_word' id='word_1_170' title='bbox 535 2011 612 2072; x_wconf 88' lang='lat' dir='ltr'><strong>Vibo</strong></span> <span class='ocrx_word' id='word_1_171' title='bbox 631 2012 772 2072; x_wconf 85' lang='lat' dir='ltr'>Valentia</span> <span class='ocrx_word' id='word_1_172' title='bbox 791 2011 949 2072; x_wconf 80' lang='lat' dir='ltr'>OOLXIV:</span> <span class='ocrx_word' id='word_1_173' title='bbox 972 2013 1124 2092; x_wconf 82' lang='lat' dir='ltr'>signifieat</span> <span class='ocrx_word' id='word_1_174' title='bbox 1141 2014 1235 2091; x_wconf 82' lang='lat' dir='ltr'>igitur</span> <span class='ocrx_word' id='word_1_175' title='bbox 1252 2018 1342 2091; x_wconf 87' lang='lat' dir='ltr'>poeta</span> 
     </span>
     <span class='ocr_line' id='line_1_20' title="bbox 192 2101 1343 2180; baseline 0.002 -19"><span class='ocrx_word' id='word_1_176' title='bbox 192 2103 290 2163; x_wconf 87' lang='lat' dir='ltr'>looum</span> <span class='ocrx_word' id='word_1_177' title='bbox 312 2123 351 2161; x_wconf 92' lang='lat' dir='ltr'>m.</span> <span class='ocrx_word' id='word_1_178' title='bbox 369 2123 398 2180; x_wconf 89' lang='lat' dir='ltr'>p.</span> <span class='ocrx_word' id='word_1_179' title='bbox 413 2102 484 2162; x_wconf 87' lang='lat' dir='ltr'>XIV</span> <span class='ocrx_word' id='word_1_180' title='bbox 512 2103 564 2179; x_wconf 90' lang='lat' dir='ltr'>qui</span> <span class='ocrx_word' id='word_1_181' title='bbox 594 2101 678 2162; x_wconf 88' lang='lat' dir='ltr'>abest</span> <span class='ocrx_word' id='word_1_182' title='bbox 705 2122 724 2162; x_wconf 96' lang='lat' dir='ltr'>a</span> <span class='ocrx_word' id='word_1_183' title='bbox 746 2101 863 2162; x_wconf 86' lang='lat' dir='ltr'>Vibone</span> <span class='ocrx_word' id='word_1_184' title='bbox 890 2121 993 2162; x_wconf 88' lang='lat' dir='ltr'>uersus</span> <span class='ocrx_word' id='word_1_185' title='bbox 1021 2104 1267 2179; x_wconf 77' lang='lat' dir='ltr'>septentrionem,</span> <span class='ocrx_word' id='word_1_186' title='bbox 1289 2103 1343 2163; x_wconf 91' lang='lat' dir='ltr'><strong>ubi</strong></span> 
     </span>
     <span class='ocr_line' id='line_1_21' title="bbox 191 2190 1342 2270; baseline 0.001 -19"><span class='ocrx_word' id='word_1_187' title='bbox 191 2193 242 2251; x_wconf 86' lang='lat' dir='ltr'>uia</span> <span class='ocrx_word' id='word_1_188' title='bbox 264 2191 382 2269; x_wconf 89' lang='lat' dir='ltr'>Popilia</span> <span class='ocrx_word' id='word_1_189' title='bbox 408 2194 539 2269; x_wconf 89' lang='lat' dir='ltr'>primurn</span> <span class='ocrx_word' id='word_1_190' title='bbox 566 2210 647 2251; x_wconf 87' lang='lat' dir='ltr'>mare</span> <span class='ocrx_word' id='word_1_191' title='bbox 674 2192 788 2270; x_wconf 83' lang='lat' dir='ltr'>tetigit,</span> <span class='ocrx_word' id='word_1_192' title='bbox 820 2190 872 2250; x_wconf 91' lang='lat' dir='ltr'><strong>ubi</strong></span> <span class='ocrx_word' id='word_1_193' title='bbox 900 2193 1114 2270; x_wconf 80' lang='lat' dir='ltr'>angustissima</span> <span class='ocrx_word' id='word_1_194' title='bbox 1142 2192 1264 2253; x_wconf 85' lang='lat' dir='ltr'>Bruttia</span> <span class='ocrx_word' id='word_1_195' title='bbox 1296 2196 1342 2254; x_wconf 85' lang='lat' dir='ltr'>est</span> 
     </span>
     <span class='ocr_line' id='line_1_22' title="bbox 190 2280 1340 2359; baseline 0.001 -19"><span class='ocrx_word' id='word_1_196' title='bbox 190 2284 280 2356; x_wconf 86' lang='lat' dir='ltr'>terra,</span> <span class='ocrx_word' id='word_1_197' title='bbox 303 2281 356 2340; x_wconf 89' lang='lat' dir='ltr'><strong>ubi</strong></span> <span class='ocrx_word' id='word_1_198' title='bbox 377 2282 445 2341; x_wconf 91' lang='lat' dir='ltr'>sinu</span> <span class='ocrx_word' id='word_1_199' title='bbox 467 2280 565 2341; x_wconf 89' lang='lat' dir='ltr'>medio</span> <span class='ocrx_word' id='word_1_200' title='bbox 588 2280 752 2341; x_wconf 87' lang='lat' dir='ltr'>Vibonensi</span> <span class='ocrx_word' id='word_1_201' title='bbox 776 2280 839 2339; x_wconf 86' lang='lat' dir='ltr'>Sila</span> <span class='ocrx_word' id='word_1_202' title='bbox 862 2299 947 2340; x_wconf 89' lang='lat' dir='ltr'>mons</span> <span class='ocrx_word' id='word_1_203' title='bbox 974 2281 1114 2359; x_wconf 80' lang='lat' dir='ltr'>incipiat:</span> <span class='ocrx_word' id='word_1_204' title='bbox 1142 2300 1247 2358; x_wconf 87' lang='lat' dir='ltr'>nempe</span> <span class='ocrx_word' id='word_1_205' title='bbox 1270 2282 1340 2342; x_wconf 90' lang='lat' dir='ltr'>inde</span> 
     </span>
     <span class='ocr_line' id='line_1_23' title="bbox 190 2360 1341 2452; baseline 0 -22"><span class='ocrx_word' id='word_1_206' title='bbox 190 2371 291 2447; x_wconf 91' lang='lat' dir='ltr'>potuit</span> <span class='ocrx_word' id='word_1_207' title='bbox 313 2370 402 2430; x_wconf 80' lang='lat' dir='ltr'>facile</span> <span class='ocrx_word' id='word_1_208' title='bbox 424 2369 489 2429; x_wconf 86' lang='lat' dir='ltr'>fieri</span> <span class='ocrx_word' id='word_1_209' title='bbox 511 2372 654 2431; x_wconf 82' lang='lat' dir='ltr'>traiectus</span> <span class='ocrx_word' id='word_1_210' title='bbox 674 2369 771 2446; x_wconf 85' lang='lat' dir='ltr'>Mylas</span> <span class='ocrx_word' id='word_1_211' title='bbox 796 2360 879 2451; x_wconf 89' lang='lat' dir='ltr'>(uide</span> <span class='ocrx_word' id='word_1_212' title='bbox 902 2370 941 2429; x_wconf 87' lang='lat' dir='ltr'>ad</span> <span class='ocrx_word' id='word_1_213' title='bbox 964 2391 992 2429; x_wconf 92' lang='lat' dir='ltr'>u.</span> <span class='ocrx_word' id='word_1_214' title='bbox 1011 2364 1098 2452; x_wconf 83' lang='lat'><strong>104).</strong></span> <span class='ocrx_word' id='word_1_215' title='bbox 1140 2370 1255 2431; x_wconf 89' lang='lat' dir='ltr'><strong>Vibone</strong></span> <span class='ocrx_word' id='word_1_216' title='bbox 1274 2391 1341 2430; x_wconf 88' lang='lat' dir='ltr'>eum</span> 
     </span>
     <span class='ocr_line' id='line_1_24' title="bbox 194 2458 1342 2538; baseline 0.001 -18"><span class='ocrx_word' id='word_1_217' title='bbox 194 2459 273 2520; x_wconf 91' lang='lat' dir='ltr'>absit</span> <span class='ocrx_word' id='word_1_218' title='bbox 296 2460 394 2520; x_wconf 83' lang='lat' dir='ltr'>forum</span> <span class='ocrx_word' id='word_1_219' title='bbox 411 2459 524 2536; x_wconf 94' lang='lat' dir='ltr'><strong>Popilii</strong></span> <span class='ocrx_word' id='word_1_220' title='bbox 547 2481 584 2518; x_wconf 90' lang='lat' dir='ltr'>m.</span> <span class='ocrx_word' id='word_1_221' title='bbox 600 2480 628 2536; x_wconf 89' lang='lat' dir='ltr'>p.</span> <span class='ocrx_word' id='word_1_222' title='bbox 645 2458 788 2535; x_wconf 73' lang='lat' dir='ltr'>CLXXX,</span> <span class='ocrx_word' id='word_1_223' title='bbox 819 2458 857 2518; x_wconf 91' lang='lat' dir='ltr'>ab</span> <span class='ocrx_word' id='word_1_224' title='bbox 885 2479 919 2519; x_wconf 96' lang='lat' dir='ltr'>eo</span> <span class='ocrx_word' id='word_1_225' title='bbox 949 2479 1039 2536; x_wconf 91' lang='lat' dir='ltr'>quem</span> <span class='ocrx_word' id='word_1_226' title='bbox 1060 2460 1149 2521; x_wconf 91' lang='lat' dir='ltr'>modo</span> <span class='ocrx_word' id='word_1_227' title='bbox 1172 2460 1342 2538; x_wconf 79' lang='lat' dir='ltr'>signifioaui</span> 
     </span>
     <span class='ocr_line' id='line_1_25' title="bbox 191 2547 1341 2627; baseline 0.001 -18"><span class='ocrx_word' id='word_1_228' title='bbox 191 2549 256 2609; x_wconf 89' lang='lat' dir='ltr'>loeo</span> <span class='ocrx_word' id='word_1_229' title='bbox 279 2550 394 2610; x_wconf 90' lang='lat' dir='ltr'>Bruttii</span> <span class='ocrx_word' id='word_1_230' title='bbox 423 2548 508 2609; x_wconf 87' lang='lat' dir='ltr'>abest</span> <span class='ocrx_word' id='word_1_231' title='bbox 536 2569 575 2607; x_wconf 91' lang='lat' dir='ltr'>m.</span> <span class='ocrx_word' id='word_1_232' title='bbox 589 2570 617 2627; x_wconf 95' lang='lat' dir='ltr'>p.</span> <span class='ocrx_word' id='word_1_233' title='bbox 635 2547 761 2607; x_wconf 79' lang='lat' dir='ltr'>CLXVI.</span> <span class='ocrx_word' id='word_1_234' title='bbox 807 2547 851 2608; x_wconf 86' lang='lat' dir='ltr'>Vt</span> <span class='ocrx_word' id='word_1_235' title='bbox 877 2548 952 2609; x_wconf 87' lang='lat' dir='ltr'>fiant</span> <span class='ocrx_word' id='word_1_236' title='bbox 982 2548 1341 2625; x_wconf 60' lang='lat' dir='ltr'>unusquisquam</span> 
     </span>
     <span class='ocr_line' id='line_1_26' title="bbox 191 2634 1340 2717; baseline 0.001 -19"><span class='ocrx_word' id='word_1_237' title='bbox 191 2643 334 2714; x_wconf 73' lang='lat' dir='ltr'>estepano,</span> <span class='ocrx_word' id='word_1_238' title='bbox 356 2659 394 2698; x_wconf 88' lang='grc' dir='ltr'><strong>ιιι.</strong></span> <span class='ocrx_word' id='word_1_239' title='bbox 409 2659 437 2716; x_wconf 92' lang='lat' dir='ltr'>p.</span> <span class='ocrx_word' id='word_1_240' title='bbox 452 2638 496 2698; x_wconf 88' lang='lat' dir='ltr'>IV</span> <span class='ocrx_word' id='word_1_241' title='bbox 519 2640 750 2715; x_wconf 79' lang='lat' dir='ltr'>septentrionem</span> <span class='ocrx_word' id='word_1_242' title='bbox 773 2634 875 2698; x_wconf 71' lang='lat' dir='ltr'>uersus</span> <span class='ocrx_word' id='word_1_243' title='bbox 898 2638 1147 2717; x_wconf 83' lang='lat' dir='ltr'>progrediendum</span> <span class='ocrx_word' id='word_1_244' title='bbox 1171 2642 1217 2699; x_wconf 90' lang='lat' dir='ltr'>est</span> <span class='ocrx_word' id='word_1_245' title='bbox 1239 2640 1340 2700; x_wconf 84' lang='lat' dir='ltr'>afore</span> 
     </span>
     <span class='ocr_line' id='line_1_27' title="bbox 189 2726 1340 2806; baseline 0.002 -19"><span class='ocrx_word' id='word_1_246' title='bbox 189 2726 301 2806; x_wconf 86' lang='lat' dir='ltr'><strong>Popilii</strong></span> <span class='ocrx_word' id='word_1_247' title='bbox 322 2730 375 2788; x_wconf 88' lang='lat' dir='ltr'>uia</span> <span class='ocrx_word' id='word_1_248' title='bbox 397 2727 517 2804; x_wconf 89' lang='lat' dir='ltr'>Popilia</span> <span class='ocrx_word' id='word_1_249' title='bbox 543 2731 574 2786; x_wconf 89' lang='lat' dir='ltr'>et</span> <span class='ocrx_word' id='word_1_250' title='bbox 601 2727 793 2789; x_wconf 91' lang='lat' dir='ltr'>adueniemus</span> <span class='ocrx_word' id='word_1_251' title='bbox 820 2728 881 2787; x_wconf 84' lang='lat' dir='ltr'>fere</span> <span class='ocrx_word' id='word_1_252' title='bbox 904 2727 1096 2788; x_wconf 80' lang='lat' dir='ltr'>Acerroniam</span> <span class='ocrx_word' id='word_1_253' title='bbox 1125 2748 1213 2805; x_wconf 89' lang='lat' dir='ltr'>quern</span> <span class='ocrx_word' id='word_1_254' title='bbox 1241 2730 1340 2790; x_wconf 89' lang='lat' dir='ltr'>loeum</span> 
     </span>
     <span class='ocr_line' id='line_1_28' title="bbox 190 2816 1340 2897; baseline 0.003 -21"><span class='ocrx_word' id='word_1_255' title='bbox 190 2837 227 2876; x_wconf 90' lang='lat' dir='ltr'>m.</span> <span class='ocrx_word' id='word_1_256' title='bbox 253 2839 282 2895; x_wconf 92' lang='lat' dir='ltr'>p.</span> <span class='ocrx_word' id='word_1_257' title='bbox 308 2816 337 2874; x_wconf 86' lang='lat' dir='ltr'>V</span> <span class='ocrx_word' id='word_1_258' title='bbox 369 2817 471 2878; x_wconf 90' lang='lat' dir='ltr'>abesse</span> <span class='ocrx_word' id='word_1_259' title='bbox 504 2836 523 2877; x_wconf 90' lang='lat' dir='ltr'>a</span> <span class='ocrx_word' id='word_1_260' title='bbox 553 2817 630 2877; x_wconf 80' lang='lat' dir='ltr'>Foro</span> <span class='ocrx_word' id='word_1_261' title='bbox 661 2817 773 2894; x_wconf 87' lang='lat' dir='ltr'><strong>Popilii</strong></span> <span class='ocrx_word' id='word_1_262' title='bbox 804 2819 926 2877; x_wconf 85' lang='lat' dir='ltr'>nuntiat</span> <span class='ocrx_word' id='word_1_263' title='bbox 958 2817 1063 2877; x_wconf 89' lang='lat' dir='ltr'>tabula</span> <span class='ocrx_word' id='word_1_264' title='bbox 1094 2817 1340 2897; x_wconf 83' lang='lat' dir='ltr'>Peutingeriana:</span> 
     </span>
     <span class='ocr_line' id='line_1_29' title="bbox 189 2905 1339 2984; baseline 0.003 -20"><span class='ocrx_word' id='word_1_265' title='bbox 189 2925 282 2983; x_wconf 88' lang='lat' dir='ltr'>prope</span> <span class='ocrx_word' id='word_1_266' title='bbox 305 2905 390 2967; x_wconf 89' lang='lat' dir='ltr'>abest</span> <span class='ocrx_word' id='word_1_267' title='bbox 412 2908 494 2967; x_wconf 85' lang='lat' dir='ltr'>loeus</span> <span class='ocrx_word' id='word_1_268' title='bbox 517 2906 570 2984; x_wconf 92' lang='lat' dir='ltr'>qui</span> <span class='ocrx_word' id='word_1_269' title='bbox 592 2907 702 2967; x_wconf 82' lang='lat' dir='ltr'>dieitur</span> <span class='ocrx_word' id='word_1_270' title='bbox 725 2907 763 2966; x_wconf 88' lang='lat' dir='ltr'>ad</span> <span class='ocrx_word' id='word_1_271' title='bbox 780 2907 880 2966; x_wconf 84' lang='lat' dir='ltr'>Nares</span> <span class='ocrx_word' id='word_1_272' title='bbox 898 2906 1041 2967; x_wconf 61' lang='lat' dir='ltr'>boenes</span> <span class='ocrx_word' id='word_1_273' title='bbox 1063 2908 1142 2967; x_wconf 92' lang='lat' dir='ltr'>unde</span> <span class='ocrx_word' id='word_1_274' title='bbox 1166 2906 1269 2968; x_wconf 82' lang='lat' dir='ltr'>Gioero</span> <span class='ocrx_word' id='word_1_275' title='bbox 1288 2910 1339 2968; x_wconf 91' lang='lat' dir='ltr'>uia</span> 
     </span>
     <span class='ocr_line' id='line_1_30' title="bbox 190 2994 1338 3074; baseline 0.002 -20"><span class='ocrx_word' id='word_1_276' title='bbox 190 2994 308 3072; x_wconf 91' lang='lat' dir='ltr'>Popilia</span> <span class='ocrx_word' id='word_1_277' title='bbox 330 2995 476 3056; x_wconf 88' lang='lat' dir='ltr'>Vibonem</span> <span class='ocrx_word' id='word_1_278' title='bbox 500 2999 531 3055; x_wconf 90' lang='lat' dir='ltr'>et</span> <span class='ocrx_word' id='word_1_279' title='bbox 553 2994 687 3055; x_wconf 85' lang='lat' dir='ltr'>Sieiliarn</span> <span class='ocrx_word' id='word_1_280' title='bbox 710 3015 777 3056; x_wconf 90' lang='lat' dir='ltr'>oum</span> <span class='ocrx_word' id='word_1_281' title='bbox 803 2998 920 3072; x_wconf 90' lang='lat' dir='ltr'>peteret</span> <span class='ocrx_word' id='word_1_282' title='bbox 946 2997 1067 3074; x_wconf 83' lang='lat' dir='ltr'><strong>scripsit</strong></span> <span class='ocrx_word' id='word_1_283' title='bbox 1096 2995 1136 3055; x_wconf 92' lang='lat' dir='ltr'>ad</span> <span class='ocrx_word' id='word_1_284' title='bbox 1158 2996 1221 3057; x_wconf 84' lang='lat' dir='ltr'>Att.</span> <span class='ocrx_word' id='word_1_285' title='bbox 1236 2997 1284 3056; x_wconf 90' lang='grc' dir='ltr'>ΙΠ</span> <span class='ocrx_word' id='word_1_286' title='bbox 1304 3000 1338 3056; x_wconf 80' lang='lat'>2:</span> 
     </span>
     <span class='ocr_line' id='line_1_31' title="bbox 190 3083 1338 3163; baseline 0.001 -20"><span class='ocrx_word' id='word_1_287' title='bbox 190 3084 260 3143; x_wconf 88' lang='lat' dir='ltr'>uide</span> <span class='ocrx_word' id='word_1_288' title='bbox 282 3083 404 3144; x_wconf 85' lang='lat' dir='ltr'>Rioardi</span> <span class='ocrx_word' id='word_1_289' title='bbox 426 3085 561 3161; x_wconf 88' lang='lat' dir='ltr'>Kieperti</span> <span class='ocrx_word' id='word_1_290' title='bbox 585 3086 696 3145; x_wconf 86' lang='lat' dir='ltr'>formae</span> <span class='ocrx_word' id='word_1_291' title='bbox 719 3085 800 3146; x_wconf 87' lang='lat' dir='ltr'>orbis</span> <span class='ocrx_word' id='word_1_292' title='bbox 823 3087 941 3163; x_wconf 84' lang='lat' dir='ltr'><strong>antiqui</strong></span> <span class='ocrx_word' id='word_1_293' title='bbox 961 3084 1021 3146; x_wconf 90' lang='lat' dir='ltr'>tab.</span> <span class='ocrx_word' id='word_1_294' title='bbox 1036 3086 1106 3145; x_wconf 88' lang='lat' dir='ltr'>XIX</span> <span class='ocrx_word' id='word_1_295' title='bbox 1124 3086 1221 3146; x_wconf 89' lang='lat' dir='ltr'>Berol.</span> <span class='ocrx_word' id='word_1_296' title='bbox 1244 3088 1338 3146; x_wconf 85' lang='lat'><strong>1901.</strong></span> 
     </span>
     <span class='ocr_line' id='line_1_32' title="bbox 190 3171 1340 3253; baseline 0.003 -22"><span class='ocrx_word' id='word_1_297' title='bbox 190 3171 374 3233; x_wconf 83' lang='lat' dir='ltr'>Dehortatur</span> <span class='ocrx_word' id='word_1_298' title='bbox 404 3174 500 3252; x_wconf 80' lang='lat' dir='ltr'>igitur</span> <span class='ocrx_word' id='word_1_299' title='bbox 526 3173 658 3233; x_wconf 86' lang='lat' dir='ltr'>Luoilius</span> <span class='ocrx_word' id='word_1_300' title='bbox 690 3194 727 3235; x_wconf 95' lang='lat' dir='ltr'>ne</span> <span class='ocrx_word' id='word_1_301' title='bbox 759 3193 847 3236; x_wconf 84' lang='lat' dir='ltr'>eursu</span> <span class='ocrx_word' id='word_1_302' title='bbox 874 3176 1008 3235; x_wconf 75' lang='lat' dir='ltr'>terrestu</span> <span class='ocrx_word' id='word_1_303' title='bbox 1035 3176 1145 3234; x_wconf 77' lang='lat' dir='ltr'>fretrm</span> <span class='ocrx_word' id='word_1_304' title='bbox 1172 3178 1294 3253; x_wconf 87' lang='lat' dir='ltr'>petatur</span> <span class='ocrx_word' id='word_1_305' title='bbox 1321 3194 1340 3234; x_wconf 90' lang='lat' dir='ltr'>a</span> 
     </span>
     <span class='ocr_line' id='line_1_33' title="bbox 191 3260 1338 3341; baseline 0.003 -19"><span class='ocrx_word' id='word_1_306' title='bbox 191 3260 307 3338; x_wconf 79' lang='lat' dir='ltr'>Capua:</span> <span class='ocrx_word' id='word_1_307' title='bbox 337 3264 456 3324; x_wconf 88' lang='lat' dir='ltr'>namsi</span> <span class='ocrx_word' id='word_1_308' title='bbox 478 3264 529 3322; x_wconf 90' lang='lat' dir='ltr'>uia</span> <span class='ocrx_word' id='word_1_309' title='bbox 551 3262 751 3340; x_wconf 87' lang='lat' dir='ltr'>Popiliaiter</span> <span class='ocrx_word' id='word_1_310' title='bbox 773 3264 874 3340; x_wconf 81' lang='lat' dir='ltr'>faeies,</span> <span class='ocrx_word' id='word_1_311' title='bbox 901 3266 1032 3341; x_wconf 89' lang='lat' dir='ltr'>primum</span> <span class='ocrx_word' id='word_1_312' title='bbox 1057 3263 1159 3341; x_wconf 79' lang='lat' dir='ltr'>Capua</span> <span class='ocrx_word' id='word_1_313' title='bbox 1182 3265 1220 3324; x_wconf 88' lang='lat' dir='ltr'>ad</span> <span class='ocrx_word' id='word_1_314' title='bbox 1243 3264 1338 3326; x_wconf 86' lang='lat' dir='ltr'>Nares</span> 
     </span>
     <span class='ocr_line' id='line_1_34' title="bbox 190 3351 1340 3431; baseline 0.006 -22"><span class='ocrx_word' id='word_1_315' title='bbox 190 3351 326 3412; x_wconf 87' lang='lat' dir='ltr'>Luoauas</span> <span class='ocrx_word' id='word_1_316' title='bbox 357 3351 473 3413; x_wconf 90' lang='lat' dir='ltr'>uidebis</span> <span class='ocrx_word' id='word_1_317' title='bbox 505 3371 568 3413; x_wconf 91' lang='lat' dir='ltr'>esee</span> <span class='ocrx_word' id='word_1_318' title='bbox 598 3373 637 3412; x_wconf 88' lang='lat' dir='ltr'>m.</span> <span class='ocrx_word' id='word_1_319' title='bbox 651 3374 680 3431; x_wconf 90' lang='lat' dir='ltr'>p.</span> <span class='ocrx_word' id='word_1_320' title='bbox 695 3353 812 3429; x_wconf 83' lang='lat' dir='ltr'>LXXX,</span> <span class='ocrx_word' id='word_1_321' title='bbox 842 3354 913 3413; x_wconf 87' lang='lat' dir='ltr'>inde</span> <span class='ocrx_word' id='word_1_322' title='bbox 944 3354 982 3414; x_wconf 90' lang='lat' dir='ltr'>ad</span> <span class='ocrx_word' id='word_1_323' title='bbox 1014 3355 1113 3414; x_wconf 90' lang='lat' dir='ltr'>sinum</span> <span class='ocrx_word' id='word_1_324' title='bbox 1141 3352 1340 3416; x_wconf 89' lang='lat' dir='ltr'>Vibonensem</span> 
     </span>
     <span class='ocr_line' id='line_1_35' title="bbox 189 3436 1341 3524; baseline 0.005 -24"><span class='ocrx_word' id='word_1_325' title='bbox 189 3436 372 3518; x_wconf 73' lang='lat' dir='ltr'>&lt;confecisse</span> <span class='ocrx_word' id='word_1_326' title='bbox 393 3438 458 3520; x_wconf 87' lang='lat' dir='ltr'><strong>ibi&gt;</strong></span> <span class='ocrx_word' id='word_1_327' title='bbox 483 3437 540 3503; x_wconf 88' lang='lat' dir='ltr'>‘bis</span> <span class='ocrx_word' id='word_1_328' title='bbox 563 3444 655 3519; x_wconf 90' lang='lat' dir='ltr'>quina</span> <span class='ocrx_word' id='word_1_329' title='bbox 681 3447 827 3522; x_wconf 81' lang='lat' dir='ltr'>octogena</span> <span class='ocrx_word' id='word_1_330' title='bbox 853 3443 969 3503; x_wconf 89' lang='lat' dir='ltr'>uidebis</span> <span class='ocrx_word' id='word_1_331' title='bbox 991 3443 1147 3504; x_wconf 89' lang='lat' dir='ltr'>eommoda</span> <span class='ocrx_word' id='word_1_332' title='bbox 1169 3447 1212 3520; x_wconf 88' lang='lat' dir='ltr'>te,</span> <span class='ocrx_word' id='word_1_333' title='bbox 1237 3443 1341 3524; x_wconf 75' lang='lat' dir='ltr'>(lapus</span> 
     </span>
     <span class='ocr_line' id='line_1_36' title="bbox 190 3525 1340 3609; baseline 0.004 -19"><span class='ocrx_word' id='word_1_334' title='bbox 190 3525 285 3590; x_wconf 82' lang='lat' dir='ltr'><strong>OGL&#39;.</strong></span> <span class='ocrx_word' id='word_1_335' title='bbox 337 3530 439 3591; x_wconf 82' lang='lat' dir='ltr'>Aliam</span> <span class='ocrx_word' id='word_1_336' title='bbox 470 3551 559 3609; x_wconf 90' lang='lat' dir='ltr'>porro</span> <span class='ocrx_word' id='word_1_337' title='bbox 591 3550 712 3593; x_wconf 87' lang='lat' dir='ltr'>oausam</span> <span class='ocrx_word' id='word_1_338' title='bbox 743 3551 803 3609; x_wconf 87' lang='lat' dir='ltr'>qua</span> <span class='ocrx_word' id='word_1_339' title='bbox 834 3534 911 3592; x_wconf 87' lang='lat' dir='ltr'>mari</span> <span class='ocrx_word' id='word_1_340' title='bbox 942 3535 1001 3592; x_wconf 89' lang='lat' dir='ltr'>iter</span> <span class='ocrx_word' id='word_1_341' title='bbox 1032 3534 1138 3593; x_wconf 89' lang='lat' dir='ltr'>melius</span> <span class='ocrx_word' id='word_1_342' title='bbox 1171 3536 1212 3594; x_wconf 89' lang='lat' dir='ltr'>sit</span> <span class='ocrx_word' id='word_1_343' title='bbox 1243 3535 1340 3595; x_wconf 85' lang='lat' dir='ltr'>faeere</span> 
     </span>
     <span class='ocr_line' id='line_1_37' title="bbox 190 3620 1340 3701; baseline 0.006 -22"><span class='ocrx_word' id='word_1_344' title='bbox 190 3639 278 3682; x_wconf 88' lang='lat' dir='ltr'>uersu</span> <span class='ocrx_word' id='word_1_345' title='bbox 301 3623 422 3697; x_wconf 77' lang='lat' dir='ltr'>exponit</span> <span class='ocrx_word' id='word_1_346' title='bbox 445 3624 590 3699; x_wconf 91' lang='lat' dir='ltr'>sequenti.</span> <span class='ocrx_word' id='word_1_347' title='bbox 614 3655 656 3663; x_wconf 95' lang='lat'><strong>—</strong></span> <span class='ocrx_word' id='word_1_348' title='bbox 681 3622 806 3701; x_wconf 79' lang='lat' dir='ltr'>Signum</span> <span class='ocrx_word' id='word_1_349' title='bbox 834 3620 895 3697; x_wconf 79' lang='lat' dir='ltr'>CO,</span> <span class='ocrx_word' id='word_1_350' title='bbox 923 3641 982 3683; x_wconf 93' lang='lat' dir='ltr'>non</span> <span class='ocrx_word' id='word_1_351' title='bbox 1010 3622 1127 3684; x_wconf 79' lang='lat' dir='ltr'>litterae</span> <span class='ocrx_word' id='word_1_352' title='bbox 1154 3625 1243 3701; x_wconf 91' lang='lat' dir='ltr'>posui</span> <span class='ocrx_word' id='word_1_353' title='bbox 1272 3645 1340 3686; x_wconf 88' lang='lat' dir='ltr'>eum</span> 
     </span>
     <span class='ocr_line' id='line_1_38' title="bbox 190 3708 1338 3792; baseline 0.003 -22"><span class='ocrx_word' id='word_1_354' title='bbox 190 3709 265 3770; x_wconf 86' lang='lat' dir='ltr'>codd</span> <span class='ocrx_word' id='word_1_355' title='bbox 296 3712 387 3771; x_wconf 82' lang='lat' dir='ltr'>sicuti</span> <span class='ocrx_word' id='word_1_356' title='bbox 409 3730 437 3770; x_wconf 91' lang='lat' dir='ltr'>u.</span> <span class='ocrx_word' id='word_1_357' title='bbox 454 3713 516 3770; x_wconf 87' lang='grc'>114</span> <span class='ocrx_word' id='word_1_358' title='bbox 541 3714 572 3772; x_wconf 90' lang='lat' dir='ltr'>et</span> <span class='ocrx_word' id='word_1_359' title='bbox 595 3710 753 3771; x_wconf 61' lang='lat'><strong>0112134</strong></span> <span class='ocrx_word' id='word_1_360' title='bbox 781 3714 812 3771; x_wconf 92' lang='lat' dir='ltr'>in</span> <span class='ocrx_word' id='word_1_361' title='bbox 841 3711 984 3792; x_wconf 81' lang='lat' dir='ltr'>Saturnio</span> <span class='ocrx_word' id='word_1_362' title='bbox 1009 3708 1113 3773; x_wconf 77' lang='lat' dir='ltr'>‘annos</span> <span class='ocrx_word' id='word_1_363' title='bbox 1140 3715 1250 3792; x_wconf 78' lang='lat' dir='ltr'>gnatus</span> <span class='ocrx_word' id='word_1_364' title='bbox 1273 3709 1338 3774; x_wconf 88' lang='lat' dir='ltr'>XX&#39;</span> 
     </span>
     <span class='ocr_line' id='line_1_39' title="bbox 193 3797 1146 3879; baseline 0.002 -20"><span class='ocrx_word' id='word_1_365' title='bbox 193 3802 276 3860; x_wconf 91' lang='grc'>1011</span> <span class='ocrx_word' id='word_1_366' title='bbox 301 3802 334 3858; x_wconf 92' lang='lat' dir='ltr'>in</span> <span class='ocrx_word' id='word_1_367' title='bbox 357 3803 544 3878; x_wconf 82' lang='lat' dir='ltr'>pentametro</span> <span class='ocrx_word' id='word_1_368' title='bbox 568 3797 689 3860; x_wconf 81' lang='lat' dir='ltr'>‘XXXX</span> <span class='ocrx_word' id='word_1_369' title='bbox 711 3819 804 3861; x_wconf 90' lang='lat' dir='ltr'>annos</span> <span class='ocrx_word' id='word_1_370' title='bbox 827 3804 901 3861; x_wconf 88' lang='lat' dir='ltr'>nata</span> <span class='ocrx_word' id='word_1_371' title='bbox 923 3804 1004 3863; x_wconf 86' lang='lat' dir='ltr'>neeis</span> <span class='ocrx_word' id='word_1_372' title='bbox 1026 3798 1146 3879; x_wconf 91' lang='lat' dir='ltr'>potior‘.</span> 
     </span>
    </p>

    <p class='ocr_par' dir='ltr' id='par_1_3' title="bbox 190 3882 1340 4504">
     <span class='ocr_line' id='line_1_40' title="bbox 283 3882 1340 3967; baseline 0.006 -18"><span class='ocrx_word' id='word_1_373' title='bbox 283 3882 364 3951; x_wconf 74' lang='lat'><strong>109.</strong></span> <span class='ocrx_word' id='word_1_374' title='bbox 394 3889 509 3950; x_wconf 87' lang='lat' dir='ltr'>Nonius</span> <span class='ocrx_word' id='word_1_375' title='bbox 532 3910 560 3966; x_wconf 88' lang='lat' dir='ltr'>p.</span> <span class='ocrx_word' id='word_1_376' title='bbox 576 3892 655 3964; x_wconf 82' lang='lat'>489,</span> <span class='ocrx_word' id='word_1_377' title='bbox 676 3895 714 3950; x_wconf 94' lang='lat'>11</span> <span class='ocrx_word' id='word_1_378' title='bbox 741 3886 801 3949; x_wconf 77' lang='lat' dir='ltr'>‘Ab</span> <span class='ocrx_word' id='word_1_379' title='bbox 832 3910 867 3951; x_wconf 90' lang='lat' dir='ltr'>eo</span> <span class='ocrx_word' id='word_1_380' title='bbox 899 3891 981 3967; x_wconf 91' lang='lat' dir='ltr'>quod</span> <span class='ocrx_word' id='word_1_381' title='bbox 1011 3896 1058 3951; x_wconf 88' lang='lat' dir='ltr'>est</span> <span class='ocrx_word' id='word_1_382' title='bbox 1088 3891 1172 3952; x_wconf 89' lang='lat' dir='ltr'>labos</span> <span class='ocrx_word' id='word_1_383' title='bbox 1203 3894 1340 3956; x_wconf 87' lang='lat' dir='ltr'>labosum</span> 
     </span>
     <span class='ocr_line' id='line_1_41' title="bbox 190 3976 1338 4058; baseline 0.004 -20"><span class='ocrx_word' id='word_1_384' title='bbox 190 3977 272 4051; x_wconf 71' lang='lat' dir='ltr'>feeit,</span> <span class='ocrx_word' id='word_1_385' title='bbox 295 3997 355 4038; x_wconf 93' lang='lat' dir='ltr'>non</span> <span class='ocrx_word' id='word_1_386' title='bbox 377 3978 571 4055; x_wconf 85' lang='lat' dir='ltr'>laboriosum,</span> <span class='ocrx_word' id='word_1_387' title='bbox 598 3979 731 4039; x_wconf 88' lang='lat' dir='ltr'>Luoilius</span> <span class='ocrx_word' id='word_1_388' title='bbox 761 3983 930 4058; x_wconf 87' lang='lat' dir='ltr'>satyrarum</span> <span class='ocrx_word' id='word_1_389' title='bbox 953 3980 1003 4040; x_wconf 93' lang='lat' dir='ltr'>lib.</span> <span class='ocrx_word' id='word_1_390' title='bbox 1017 3980 1065 4040; x_wconf 85' lang='grc' dir='ltr'>ΠΙ</span> <span class='ocrx_word' id='word_1_391' title='bbox 1089 3976 1268 4058; x_wconf 87' lang='lat' dir='ltr'>“praeterea</span> <span class='ocrx_word' id='word_1_392' title='bbox 1287 4031 1293 4042; x_wconf 90' lang='lat'><strong>.</strong></span> <span class='ocrx_word' id='word_1_393' title='bbox 1310 4029 1338 4042; x_wconf 92' lang='lat'>..</span> 
     </span>
     <span class='ocr_line' id='line_1_42' title="bbox 191 4063 1338 4148; baseline 0.005 -22"><span class='ocrx_word' id='word_1_394' title='bbox 191 4069 282 4143; x_wconf 87' lang='lat' dir='ltr'>atque</span> <span class='ocrx_word' id='word_1_395' title='bbox 308 4063 485 4128; x_wconf 90' lang='lat' dir='ltr'>lutosum”.&#39;</span> <span class='ocrx_word' id='word_1_396' title='bbox 536 4069 654 4129; x_wconf 82' lang='lat' dir='ltr'>Delirat</span> <span class='ocrx_word' id='word_1_397' title='bbox 680 4072 905 4148; x_wconf 69' lang='lat' dir='ltr'>grammatiow</span> <span class='ocrx_word' id='word_1_398' title='bbox 937 4070 1122 4146; x_wconf 87' lang='lat' dir='ltr'>quantitates</span> <span class='ocrx_word' id='word_1_399' title='bbox 1154 4072 1338 4148; x_wconf 83' lang='lat' dir='ltr'>syliabarum</span> 
     </span>
     <span class='ocr_line' id='line_1_43' title="bbox 191 4157 1339 4236; baseline 0.004 -21"><span class='ocrx_word' id='word_1_400' title='bbox 191 4176 259 4215; x_wconf 90' lang='lat' dir='ltr'>eum</span> <span class='ocrx_word' id='word_1_401' title='bbox 281 4157 434 4234; x_wconf 80' lang='lat' dir='ltr'>ignorasse</span> <span class='ocrx_word' id='word_1_402' title='bbox 456 4177 516 4218; x_wconf 92' lang='lat' dir='ltr'>nou</span> <span class='ocrx_word' id='word_1_403' title='bbox 538 4158 698 4218; x_wconf 88' lang='lat' dir='ltr'>mirabitur</span> <span class='ocrx_word' id='word_1_404' title='bbox 720 4161 772 4236; x_wconf 92' lang='lat' dir='ltr'>qui</span> <span class='ocrx_word' id='word_1_405' title='bbox 794 4160 965 4219; x_wconf 85' lang='lat' dir='ltr'>meminerit</span> <span class='ocrx_word' id='word_1_406' title='bbox 986 4158 1106 4218; x_wconf 80' lang='lat' dir='ltr'>Aelium</span> <span class='ocrx_word' id='word_1_407' title='bbox 1128 4159 1281 4220; x_wconf 88' lang='lat' dir='ltr'>Donatum</span> <span class='ocrx_word' id='word_1_408' title='bbox 1299 4161 1339 4220; x_wconf 90' lang='lat' dir='ltr'>ad</span> 
     </span>
     <span class='ocr_line' id='line_1_44' title="bbox 190 4241 1339 4331; baseline 0.005 -28"><span class='ocrx_word' id='word_1_409' title='bbox 190 4244 303 4323; x_wconf 77' lang='lat' dir='ltr'>Vergil.</span> <span class='ocrx_word' id='word_1_410' title='bbox 326 4246 400 4306; x_wconf 88' lang='lat' dir='ltr'>Aen.</span> <span class='ocrx_word' id='word_1_411' title='bbox 419 4246 451 4305; x_wconf 91' lang='lat' dir='ltr'><strong>H</strong></span> <span class='ocrx_word' id='word_1_412' title='bbox 471 4248 534 4307; x_wconf 73' lang='lat'>798</span> <span class='ocrx_word' id='word_1_413' title='bbox 566 4266 620 4325; x_wconf 91' lang='lat' dir='ltr'>pro</span> <span class='ocrx_word' id='word_1_414' title='bbox 653 4248 738 4307; x_wconf 67' lang='lat' dir='ltr'>exilio</span> <span class='ocrx_word' id='word_1_415' title='bbox 769 4251 903 4325; x_wconf 85' lang='lat' dir='ltr'>posuisse</span> <span class='ocrx_word' id='word_1_416' title='bbox 935 4267 969 4308; x_wconf 76' lang='lat' dir='ltr'>ea</span> <span class='ocrx_word' id='word_1_417' title='bbox 1000 4248 1063 4307; x_wconf 80' lang='lat' dir='ltr'>Ilio</span> <span class='ocrx_word' id='word_1_418' title='bbox 1096 4241 1193 4329; x_wconf 85' lang='lat' dir='ltr'>(Seru.</span> <span class='ocrx_word' id='word_1_419' title='bbox 1208 4249 1227 4307; x_wconf 89' lang='lat' dir='ltr'>l.</span> <span class='ocrx_word' id='word_1_420' title='bbox 1241 4241 1279 4331; x_wconf 93' lang='lat' dir='ltr'>s.)</span> <span class='ocrx_word' id='word_1_421' title='bbox 1308 4253 1339 4309; x_wconf 89' lang='lat' dir='ltr'>et</span> 
     </span>
     <span class='ocr_line' id='line_1_45' title="bbox 192 4329 1338 4398; baseline 0.004 -5"><span class='ocrx_word' id='word_1_422' title='bbox 192 4329 307 4394; x_wconf 78' lang='lat' dir='ltr'>‘oontm</span> <span class='ocrx_word' id='word_1_423' title='bbox 333 4331 472 4394; x_wconf 88' lang='lat' dir='ltr'>metrum&#39;</span> <span class='ocrx_word' id='word_1_424' title='bbox 496 4335 543 4394; x_wconf 91' lang='lat' dir='ltr'>III</span> <span class='ocrx_word' id='word_1_425' title='bbox 567 4337 630 4396; x_wconf 78' lang='lat'>6³6</span> <span class='ocrx_word' id='word_1_426' title='bbox 660 4332 768 4397; x_wconf 78' lang='lat' dir='ltr'>‘solum</span> <span class='ocrx_word' id='word_1_427' title='bbox 795 4337 850 4398; x_wconf 91' lang='lat' dir='ltr'>sub</span> <span class='ocrx_word' id='word_1_428' title='bbox 878 4339 976 4397; x_wconf 80' lang='lat' dir='ltr'>fronte</span> <span class='ocrx_word' id='word_1_429' title='bbox 1003 4332 1127 4397; x_wconf 82' lang='lat' dir='ltr'>latebat’</span> <span class='ocrx_word' id='word_1_430' title='bbox 1156 4337 1338 4398; x_wconf 84' lang='lat' dir='ltr'>intellexisse</span> 
     </span>
     <span class='ocr_line' id='line_1_46' title="bbox 190 4420 1337 4504; baseline 0.005 -22"><span class='ocrx_word' id='word_1_431' title='bbox 190 4425 344 4499; x_wconf 87' lang='lat' dir='ltr'>tamquam</span> <span class='ocrx_word' id='word_1_432' title='bbox 374 4424 415 4483; x_wconf 91' lang='lat' dir='ltr'>sit</span> <span class='ocrx_word' id='word_1_433' title='bbox 442 4420 515 4483; x_wconf 83' lang='lat' dir='ltr'>‘late</span> <span class='ocrx_word' id='word_1_434' title='bbox 541 4421 685 4500; x_wconf 90' lang='lat' dir='ltr'>patebat&#39;.</span> <span class='ocrx_word' id='word_1_435' title='bbox 731 4426 842 4488; x_wconf 83' lang='lat' dir='ltr'>Labem</span> <span class='ocrx_word' id='word_1_436' title='bbox 871 4430 902 4486; x_wconf 90' lang='lat' dir='ltr'>et</span> <span class='ocrx_word' id='word_1_437' title='bbox 928 4427 1025 4486; x_wconf 90' lang='lat' dir='ltr'>lutum</span> <span class='ocrx_word' id='word_1_438' title='bbox 1053 4426 1199 4504; x_wconf 83' lang='lat' dir='ltr'>pedestris</span> <span class='ocrx_word' id='word_1_439' title='bbox 1221 4427 1337 4488; x_wconf 86' lang='lat' dir='ltr'>itineris</span> 
     </span>
    </p>
   </div>
   <div class='ocr_carea' id='block_1_3' title="bbox 0 0 1520 5002">
    <p class='ocr_par' dir='ltr' id='par_1_4' title="bbox 0 0 1520 5002">
     <span class='ocr_line' id='line_1_47' title="bbox 0 0 1520 5002; baseline 0 0"><span class='ocrx_word' id='word_1_440' title='bbox 0 0 1520 5002; x_wconf 95' lang='lat' dir='ltr'> </span> 
     </span>
    </p>
   </div>
  </div>
 </body>
</html>
