3030 5002
225 336 267 403 18
697 335 711 392 1
728 357 755 395 u.
775 340 889 394 aa-ee.

313 501 372 571 32.
396 508 510 570 Nouius
533 530 561 587 p.
582 510 611 586 5,
631 511 673 570 30
697 506 832 570 ‘Cinaedi
855 510 929 569 dicti
951 514 1021 570 sunt
1043 510 1122 587 apud
1145 512 1261 570 ueteres
1279 512 1371 571 salta·

222 601 301 658 tores
334 600 384 659 uel
415 600 599 676 pantomimi.
699 599 832 660 Lucilius
865 604 1034 677 satyrarum
1062 600 1147 658 lih.I
1178 595 1294 661 “stulte

223 685 386 748 cinedos'’.’
432 688 489 748 Dei
512 691 677 750 orationem
699 691 755 749 hoc
777 690 935 766 prouerbio
958 694 1094 750 ornatam
1118 708 1180 749 esse
1203 710 1239 750 ex
1262 710 1369 767 prono·

222 777 301 836 mine
334 783 359 837 tc
391 781 518 855 apparet
549 780 637 838 sicuti
669 779 859 856 prouerbium
892 782 937 839 est
964 800 992 839 u.
1013 780 1054 839 36
1087 778 1126 838 ad
1160 779 1208 839 dei
1244 780 1370 840 alicuius

223 869 367 927 orationis
392 866 472 943 quod
497 867 654 944 pertineat.
700 868 808 945 Itaque
830 869 910 928 idem
933 868 1084 947 significat
1105 869 1153 928 hic
1180 870 1266 928 stulte
1290 870 1371 946 quod

221 957 285 1015 illic
309 960 339 1015 et
360 959 393 1015 in
416 957 484 1016 aliis
507 957 672 1035 prouerbiis
690 960 796 1018 hacne
814 958 1064 1035 prouerbiumque
1082 958 1160 1017 idem
1179 959 1262 1017 ualet
1280 963 1371 1035 atquo

221 1047 276 1104 illa
298 1038 397 1125 γλαῦκ’
422 1044 464 1118 εἰς
484 1038 631 1124 Ἀθήνας,
658 1049 691 1105 in
713 1048 822 1107 siluam
845 1048 929 1125 ligna
952 1048 1055 1107 insane
1078 1048 1154 1106 lona
1178 1038 1263 1128 (Hor.
1283 1066 1368 1107 serm.

221 1134 309 1211 110,
329 1127 399 1217 35):
427 1138 502 1195 iuter
524 1138 639 1195 uenisse
661 1138 797 1197 cinaedos
819 1137 998 1205 collocatum
1021 1140 1055 1195 ut
1079 1140 1156 1196 inter
1182 1137 1281 1195 uem
1308 1139 1369 1196 uir-

219 1227 303 1298 pines
325 1223 395 1284 Hor.
410 1243 504 1304 carm.
523 1224 570 1283 ΙΠ
590 1226 640 1300 15,
661 1227 689 1284 5.

311 1305 371 1375 33.
390 1314 485 1374 Iulius
500 1313 676 1374 Rufinianus
690 1314 727 1374 de
744 1314 829 1394 figor.
844 1317 918 1374 sent.
934 1318 964 1374 ot
978 1315 1050 1375 eloc
1067 1317 1109 1375 30
1124 1313 1175 1373 RL
1189 1335 1217 1390 p.
1228 1316 1281 1389 45,
1292 1315 1369 1374 affl

223 1398 434 1479 ‘Enthymema
460 1403 495 1461 fit
521 1420 588 1462 cum
615 1403 753 1479 periodos
783 1405 927 1463 orationis
959 1424 993 1464 ex
1026 1404 1183 1464 contrariis
1214 1406 1370 1465 sententiis

221 1493 408 1571 astringitur.
446 1493 526 1568 apud
548 1493 697 1552 Lucilium
722 1489 771 1552 “si
795 1513 842 1552 me
863 1496 975 1553 nescire
995 1495 1050 1553 hoc
1068 1495 1164 1553 noscis
1183 1493 1262 1569 quod
1281 1513 1369 1570 quae·

221 1600 285 1640 rere
309 1581 375 1640 dico
398 1600 490 1657 quere
513 1581 630 1642 diuinas
655 1582 889 1658 quicquam‘cut
911 1600 1003 1656 poure
1025 1582 1113 1641 debes
1135 1582 1200 1659 ipse
1219 1585 1250 1642 et
1267 1584 1294 1642 si
1312 1585 1369 1643 scis

222 1691 249 1746 q.
263 1670 290 1729 b.
307 1691 330 1730 e.
354 1673 429 1730 scire
451 1671 507 1731 hoc
530 1668 640 1732 d.t’'.’
678 1672 774 1730 Deum
798 1672 948 1749 Apollinis
971 1672 1128 1731 diuinandi
1151 1674 1245 1730 artem
1268 1672 1369 1732 ludere

220 1761 268 1819 his
291 1780 339 1818 uu.
363 1780 431 1819 cum
453 1759 607 1835 probabile
631 1763 679 1839 sit,
702 1761 898 1837 probabiliter
920 1761 997 1820 libro
1015 1760 1031 1819 I
1050 1779 1099 1821 eos
1118 1760 1283 1837 adsumptos
1307 1779 1370 1821 esso

222 1849 285 1909 aI.
301 1849 431 1908 Bechero
454 1849 646 1909 manifestum
669 1853 715 1909 eat
736 1842 857 1932 (Philol.
877 1849 905 1906 V
926 1852 1011 1910 1850
1034 1871 1062 1926 p.
1085 1843 1171 1932 728).
1209 1849 1303 1910 Poeta
1325 1851 1368 1909 in·

221 1938 303 1997 ducit
329 1937 417 1998 deum
446 1939 669 2014 enthymemata
701 1958 847 1999 nouorum
880 1944 1031 1999 oratorum
1063 1941 1116 2016 qni
1148 1940 1283 1999 oratione
1315 1959 1369 1998 sua

221 2028 395 2103 aemuletur,
413 2028 509 2086 ueluti
529 2026 559 2087 0.
574 2027 700 2088 Gracchi
718 2019 825 2110 (Olth'²
848 2049 876 2104 p.
898 2020 1025 2109 231M):
1051 2025 1173 2088 ‘Abesse
1192 2048 1250 2088 non
1270 2032 1370 2104 potest

220 2119 293 2193 quin
316 2117 448 2176 eiusdem
471 2116 600 2176 hominis
622 2120 663 2177 sit
685 2118 793 2194 probos
815 2119 984 2194 improbare
1004 2120 1054 2194 qui
1072 2118 1224 2196 improbos
1241 2115 1368 2195 probet,

220 2210 251 2265 et
274 2199 307 2288 (l.
327 2225 348 2266 s.
371 2226 400 2283 p.
421 2199 514 2289 238):
542 2203 637 2276 ‘Quae
664 2226 719 2267 uos
747 2208 854 2286 cupide
882 2227 936 2285 par
963 2208 1049 2267 hosce
1077 2225 1170 2267 annos
1198 2210 1368 2284 appetiistis

220 2297 310 2372 atquo
333 2296 481 2371 uoluistis,
504 2314 540 2355 ea
562 2297 588 2354 si
610 2300 720 2356 temere
743 2297 944 2373 repudiaritis,
968 2297 1069 2357 abesse
1091 2316 1151 2356 non
1174 2299 1274 2375 potest
1296 2296 1368 2374 quin

220 2389 274 2444 aut
297 2385 369 2445 olim
392 2385 497 2462 cupide
521 2388 681 2462 appetiisse
704 2389 758 2445 aut
780 2406 859 2447 nunc
881 2390 992 2446 temere
1014 2387 1185 2463 repudiasse
1205 2383 1366 2446 dicamini’.

218 2474 300 2533 Dens
323 2475 417 2553 igitur
438 2476 484 2533 ita
506 2475 567 2534 fere
594 2476 685 2535 struit
712 2476 903 2552 enthymema
929 2494 1029 2535 sunm:
1057 2471 1115 2534 ‘Tu
1143 2476 1168 2534 si
1196 2478 1291 2535 nescis
1320 2496 1368 2534 me

219 2565 274 2624 hoo
298 2563 418 2639 nescire,
442 2564 520 2640 quod
543 2564 610 2624 dico
633 2565 796 2624 identidem
818 2583 865 2623 me
889 2583 1039 2642 quaerere,
1063 2564 1136 2640 quid
1159 2567 1212 2624 toa
1233 2564 1291 2624 tibi
1314 2585 1368 2623 un-

220 2672 309 2729 quam
331 2654 447 2731 profuit
469 2652 636 2715 diuinatio?
673 2674 711 2714 an
735 2658 768 2714 tu
791 2657 864 2731 ipse,
888 2654 968 2731 qood
991 2673 1045 2733 ego
1068 2674 1114 2713 me
1139 2672 1281 2730 quaerere
1299 2673 1366 2731 pro

218 2742 316 2817 fiteor,
346 2743 375 2801 id
405 2743 492 2803 debes
522 2763 663 2819 quaerere
690 2764 744 2803 nec
771 2745 932 2820 quicquam
958 2746 1044 2819 potes
1071 2740 1227 2801 diuinare?
1272 2743 1314 2802 Et
1340 2745 1367 2804 si

219 2833 275 2892 scis
297 2852 344 2890 me
368 2834 423 2892 hoc
446 2834 570 2909 nescire,
598 2837 663 2892 tum
685 2832 717 2892 id
741 2833 819 2909 quod
843 2833 954 2892 bellum
977 2834 1035 2891 erit
1057 2832 1131 2892 scire
1155 2832 1225 2891 dare
1252 2834 1368 2909 tempta

219 2924 282 2980 siue
305 2919 439 2997 profari'.
478 2921 611 2981 Similem
634 2923 732 2981 lusum
754 2925 786 2980 in
810 2922 894 2982 uerbi
916 2923 991 2982 scire
1014 2922 1172 2982 iteratione
1195 2921 1367 2981 adhibuisse

218 3012 338 3086 poetam
361 3011 486 3070 adnotat
508 3012 597 3069 schol.
622 3011 660 3069 ad
682 3009 873 3072 Pars.127:
902 3008 1007 3088 ‘usque
1037 3012 1147 3070 adeone
1171 3009 1252 3070 Scire
1279 3014 1366 3070 tuum

218 3099 293 3157 nihil
321 3102 379 3173 est,
411 3099 468 3157 nisi
496 3102 526 3157 te
554 3101 628 3158 scire
656 3101 712 3160 hoc
739 3099 815 3159 sciat
842 3097 929 3160 alter’
963 3093 1080 3181 (incert.
1104 3120 1132 3158 u.
1159 3100 1252 3159 1345.
1279 3100 1364 3159 1346

218 3186 268 3245 lib.
284 3187 365 3245 XXX
379 3208 407 3246 u.
426 3181 533 3269 1033).
567 3188 703 3249 Eundem
722 3208 810 3266 quem
827 3189 899 3249 deus
918 3188 1090 3249 Lucilianos
1108 3209 1162 3266 per
1176 3191 1275 3248 iocum
1289 3192 1366 3249 sario

217 3276 384 3336 aemulatus
407 3280 452 3335 est
474 3281 623 3337 oratorem
642 3276 754 3337 Caluus
777 3280 879 3339 orator
896 3270 1005 3360 (ORF’
1026 3299 1054 3355 p.
1074 3270 1203 3362 477M):
1228 3273 1366 3339 ‘Factum

217 3365 363 3424 ambitum
386 3366 468 3425 scitis
492 3385 593 3427 omnes
616 3369 646 3426 et
669 3369 725 3427 boc
747 3387 801 3428 uos
824 3369 898 3427 scire
922 3387 1023 3428 omnes
1046 3363 1164 3427 sciunt’:
1187 3368 1259 3427 conf
1275 3367 1364 3445 Soph.

217 3455 294 3513 Phil.
316 3457 378 3514 253
403 3452 443 3527 ὡς
466 3452 559 3534 μηδὲν
582 3449 666 3517 εἰδότ’
688 3456 753 3516 ἴσθι
772 3449 798 3536 μ’
820 3447 863 3517 ὧν
881 3454 1053 3536 ἀνιστορεῖς.
1067 3490 1110 3499 -
1125 3457 1205 3533 quod
1224 3476 1366 3533 quaerere

217 3538 297 3623 dico]
338 3565 385 3604 me
421 3547 576 3621 omissum,
618 3548 689 3604 cont
727 3546 871 3606 Daiatzlso
913 3547 952 3606 ad
989 3546 1054 3606 Ter.
1086 3545 1213 3623 Adelph.
1244 3548 1293 3606 77.
1322 3579 1364 3589 —

218 3634 268 3693 34.
302 3652 393 3710 quare
432 3633 550 3694 dininas
591 3634 774 3712 quicquam?
818 3656 857 3696 cn
895 3641 926 3695 tu
963 3654 1105 3713 quaerere
1141 3634 1229 3695 debes
1265 3634 1364 3713 ipset]

217 3723 501 3785 Scru.Aen.1202
525 3719 687 3804 ‘audierat]
712 3744 731 3784 a
753 3726 825 3785 Ioue
848 3730 902 3785 aut
924 3724 1051 3785 asath.
1089 3744 1148 3784 non
1167 3726 1245 3784 enim
1264 3727 1366 3785 omnia

216 3815 339 3873 numina
371 3812 481 3872 habent
512 3812 668 3872 diuinandi
700 3815 888 3875 facultatem:
924 3814 1050 3891 denique
1080 3833 1117 3873 ne
1147 3816 1211 3890 ipse
1243 3814 1364 3891 quidem

215 3901 326 3980 Apollo
350 3922 406 3962 sua
427 3906 533 3979 sponte
556 3903 682 3977 diuinat,
705 3909 741 3963 ut
763 3909 808 3963 est
828 3898 916 3986 (Aen.
935 3904 982 3962 111
1002 3896 1095 3983 251):
1120 3898 1221 3979 “quae
1244 3902 1365 3963 Phoebo

215 3996 301 4068 pater
324 3994 520 4068 omnipotens,
542 3992 616 4050 mihi
639 3991 775 4052 Phoebus
798 3993 908 4068 Apollo
930 3987 1126 4068 praedixit'’.'
1168 3992 1240 4052 conf
1257 3991 1363 4053 Horat.

215 4099 301 4141 serm.
314 4081 346 4140 Π
362 4085 390 4155 5,
410 4083 459 4140 co.
475 4114 518 4123 -
534 4083 584 4140 es.
604 4083 683 4158 quod
701 4081 813 4142 bellum
831 4086 878 4142 ec
895 4078 983 4159 seue]
1002 4083 1079 4156 quoe
1096 4082 1202 4140 omem
1220 4084 1365 4143 estsere

215 4168 430 4229 Lachmannus.
445 4203 480 4211 —
494 4171 549 4231 hoc
563 4165 649 4250 dare]
665 4171 684 4230 i.
699 4191 723 4230 e.
742 4171 798 4230 boc
815 4171 922 4245 dicere,
940 4172 1012 4229 conf
1027 4170 1103 4230 Non.
1119 4171 1192 4248 278,
1208 4171 1249 4229 33
1269 4169 1365 4232 Lucil.

216 4258 266 4317 lib.
281 4258 410 4317 xxvffl
428 4280 456 4319 u.
477 4262 548 4320 758.
594 4261 645 4319 hoc
667 4261 740 4320 dore
761 4265 819 4320 tute
842 4259 1058 4320 Lachmannus.

306 4341 364 4410 36.
388 4347 523 4408 Donatus
547 4350 585 4408 ad
603 4349 736 4409 Terentii
753 4349 899 4409 Andriam
913 4349 941 4406 V
956 4352 985 4424 4,
1004 4350 1046 4409 38
1066 4345 1197 4409 ‘Nodum
1214 4350 1247 4408 in
1265 4349 1364 4427 scirpo

217 4437 341 4512 quaeris.
388 4436 509 4515 Scirpus
531 4439 673 4515 palustris
697 4458 743 4499 res
771 4442 817 4498 est
843 4439 1002 4498 leuissima.
1049 4437 1181 4498 Lucilius
1207 4439 1238 4496 in
1266 4441 1364 4516 primo
