3060 5010
600 366 652 420 xv
669 385 696 422 u.
716 372 865 422 sse-sor.
1244 368 1308 434 185

158 533 269 600 “nemo
297 539 343 598 est
365 538 545 599 humatae
567 539 715 616 posterior
737 532 791 596 te”
816 556 884 597 cum
912 537 1115 614 adspiratione
1138 532 1307 616 <discrit>’.

90 645 94 653 ¹
158 626 287 689 (tharisii
309 627 407 688 locum
430 629 477 687 its
498 628 655 687 constituit
672 627 788 688 Keilius
812 628 864 704 qui
884 627 916 686 in
938 630 1078 688 contextu
1101 628 1255 704 scriptoris
1274 632 1309 689 ut

156 718 226 777 edit
250 738 293 795 pr.
317 716 442 795 praebet
467 716 602 777 Lucilius
624 717 689 792 XV,
719 716 751 776 in
784 716 883 777 adnot.
916 719 1007 795 negat
1038 717 1097 777 sibi
1133 716 1307 795 adparuisse

157 809 257 868 utrum
276 807 332 866 XV
350 826 389 866 an
407 806 466 866 XII
484 808 627 885 scriptum
647 808 788 867 fueritin
807 806 915 868 codice.
952 806 1065 867 Tamen
1083 827 1239 867 ursmerum
1252 808 1308 866 XV
1382 802 1384 805 ’

158 897 286 972 seruaui,
310 899 381 974 quia
399 896 501 958 Dousa
525 897 644 956 omnino
668 897 704 957 de
723 896 907 958 Coloniensis
930 898 978 957 sui
1000 898 1082 957 tacet
1099 895 1307 974 discrepantia.

158 988 320 1048 halicarias
342 988 423 1047 recte
446 985 516 1046 edit
540 1006 584 1065 pr.
621 986 673 1047 Nil
692 987 751 1045 huc
768 986 900 1062 pertinet
918 986 1015 1047 Plaut
1033 985 1123 1047 Poen.
1144 987 1207 1046 266
1229 981 1307 1065 ‘pro-

158 1076 257 1150 sedas,
281 1078 427 1154 pistorum
451 1075 576 1152 amicas,
602 1076 745 1153 reliquias
769 1070 919 1136 alicarias'
943 1077 1027 1136 cuius
1050 1095 1153 1138 uersus
1176 1076 1308 1137 scholion

159 1168 242 1227 extat
269 1185 316 1244 ap.
335 1165 422 1225 Paul.
441 1184 477 1225 ex
495 1165 573 1225 Fest.
592 1169 660 1242 p?
691 1162 843 1226 ‘ahcariae
875 1168 1047 1227 meretrices
1078 1165 1309 1245 appellabantur

156 1255 188 1315 in
216 1254 381 1332 Campania
409 1255 515 1316 solitae
548 1258 618 1315 ante
646 1257 776 1332 pistrina
803 1255 994 1317 alicarlorum
1020 1257 1135 1316 uersari
1167 1254 1308 1332 quaestus

157 1340 267 1426 gratia'
287 1366 312 1405 e.
327 1366 354 1422 q.
369 1364 391 1405 s.
424 1343 489 1415 Quo
512 1344 587 1420 loco,
610 1345 698 1407 nauti
719 1348 935 1422 frumentarius
954 1346 1148 1420 strumento,
1171 1347 1215 1405 ita
1233 1346 1307 1407 toli·

157 1437 256 1496 comus
284 1434 322 1495 ab
350 1435 428 1494 alica
455 1438 501 1494 est
527 1433 649 1509 dictum,
676 1436 756 1512 quod
779 1436 921 1495 immenti
952 1453 1045 1514 genus
1077 1437 1231 1513 proprium
1264 1438 1310 1500 est

158 1525 392 1605 Campanorum:
424 1523 500 1583 Plin.
519 1527 581 1584 nat.
600 1525 670 1585 hist.
688 1525 791 1586 XVIII
812 1527 873 1585 112
903 1520 1003 1585 ‘Alica
1029 1525 1065 1585 fit
1091 1544 1107 1585 e
1135 1544 1187 1584 nea
1218 1544 1309 1601 quam

159 1633 259 1675 semen
287 1614 506 1691 appellauimus
601 1614 781 1676 admiscetur
804 1617 886 1675 creta
909 1634 984 1691 quae
1007 1614 1117 1675 transit
1144 1615 1175 1674 in
1202 1633 1309 1692 corpus

159 1705 346 1780 coloremque
369 1706 400 1763 et
427 1703 616 1764 teneritatem
644 1704 749 1765 adfert.
786 1706 941 1765 inuenitur
968 1704 1040 1765 haec
1068 1706 1147 1763 inter
1168 1703 1309 1765 Puteolos

159 1797 190 1854 et
211 1794 441 1871 Neapolim...
462 1795 603 1870 quoniam
626 1798 785 1872 negassent
807 1794 952 1872 Campani
976 1795 1085 1856 alicam
1113 1794 1218 1854 confici
1245 1794 1309 1854 siue

158 1903 193 1943 eo
216 1884 340 1944 metallo
362 1878 469 1960 posse’.
506 1883 642 1960 Apparet
664 1883 793 1944 Charisii
815 1888 966 1945 auctorem
990 1885 1063 1945 satis
1086 1883 1229 1945 confisum
1247 1903 1309 1945 csse

157 1974 234 2034 libro
262 1991 315 2032 suo
338 1973 446 2033 Lucilii
475 1973 597 2050 eiusque
623 1974 740 2034 librarii
767 1973 933 2053 diligentia.
979 1973 1041 2034 Nec
1071 1970 1171 2033 tamen
1200 1976 1310 2034 temere

158 2062 285 2124 confisus
313 2065 371 2123 cst:
400 2081 470 2122 uam
498 2064 640 2123 otkarius
669 2063 771 2124 Plauti
794 2063 869 2124 codd
883 2063 902 2122 l.
922 2083 944 2123 s.
964 2083 997 2138 s,
1024 2064 1077 2140 qui
1105 2063 1215 2140 ubique
1242 2083 1310 2128 con·

160 2153 292 2212 sentiunt
328 2153 361 2210 in
398 2153 473 2211 aiulo
505 2144 620 2233 (Aulul.
641 2154 714 2212 318.
736 2155 808 2213 727.
830 2154 892 2213 796
917 2153 1002 2229 (lapt.
1024 2155 1085 2213 201
1111 2153 1200 2212 Marc.
1221 2146 1310 2235 682),

160 2243 308 2303 Lucilium
322 2240 373 2301 lib.
388 2240 432 2299 VI
446 2262 473 2299 u.
490 2242 551 2301 261
571 2242 734 2303 secroto
751 2243 903 2320 scripsisse
917 2245 1043 2317 constat,
1062 2241 1150 2303 sicuti
1164 2241 1309 2318 Apuleius

158 2332 253 2392 leculo
284 2332 386 2408 posuit
418 2321 468 2412 (de
500 2330 630 2390 Vlietius
662 2331 700 2392 ad
732 2335 851 2392 metm.
870 2331 918 2391 ΠΙ
939 2335 954 2390 1
972 2322 1073 2413 extr),
1109 2331 1188 2392 idem
1221 2330 1310 2392 Gellii

160 2414 232 2502 (XII
243 2423 272 2496 5,
283 2411 318 2499 9)
332 2423 363 2480 et
377 2419 528 2480 Ciceronis
542 2413 642 2502 (Tusc.
656 2421 688 2481 H
699 2412 754 2501 19)
770 2420 892 2482 codices.
916 2420 1001 2480 Nihil
1015 2422 1073 2481 huc
1086 2423 1217 2497 pertinet
1230 2421 1310 2497 quod

158 2511 242 2570 holus
265 2510 340 2570 dicit
358 2509 499 2585 Lucilius,
522 2528 582 2569 non
605 2511 677 2580 olus,
701 2512 824 2580 Hibero,
848 2529 907 2570 non
925 2510 1034 2570 Ibero:
1056 2513 1161 2571 contra
1179 2509 1310 2570 Annibal

159 2600 209 2661 lib.
229 2599 327 2659 XXIX
351 2620 379 2658 ιι.
404 2600 467 2658 897
496 2599 596 2659 XXVI
614 2620 642 2659 u.
663 2601 735 2660 616.
795 2599 932 2677 Denique
969 2599 1076 2660 uticum
1116 2604 1147 2659 et
1184 2600 1310 2659 Italicum

160 2690 325 2767 scripturas
361 2691 462 2768 tangit
489 2687 553 2749 Vel.
582 2687 675 2768 Long.
700 2689 750 2750 GL
768 2689 829 2749 VH
852 2710 880 2767 p.
901 2690 957 2762 68,
982 2689 1023 2747 18
1043 2708 1102 2750 exc.
1140 2708 1176 2748 ex
1214 2687 1310 2765 Capro

160 2778 390 2856 p.107‚1sl(.
435 2778 585 2839 Alicarius
612 2777 733 2840 uidetur
759 2778 887 2839 conuicii
914 2779 980 2839 loco
1008 2795 1070 2838 esse
1098 2779 1229 2855 positum
1256 2798 1310 2855 pro

159 2869 279 2929 homine
302 2867 423 2929 sordido
446 2870 477 2928 et
498 2868 610 2930 rustico
632 2870 668 2928 ut
689 2869 863 2930 hordeariae
886 2868 967 2927 Suet
986 2867 1022 2928 de
1040 2867 1115 2928 rhet.
1136 2869 1154 2926 2
1176 2862 1310 2928 ‘hordes-

159 2959 240 3018 rium
267 2978 335 3018 eum
362 2959 512 3018 rhetorem
541 2957 675 3036 appellat
701 2958 837 3019 deridens
864 2960 899 3017 ut
925 2956 1063 3017 inflatum
1091 2975 1125 3017 ac
1153 2958 1249 3017 leuem
1279 2960 1311 3022 et

160 3043 333 3109 sordidum'.
383 3047 568 3108 Dinarchum
595 3049 732 3108 nonnulli
761 3048 901 3127 κρίθινον
929 3043 1132 3125 Δημοσθένην
1158 3043 1311 3127 εἰρήκασιν

160 3137 299 3217 Hermog.
315 3136 368 3197 RG
381 3136 429 3196 ΠΙ
447 3158 475 3214 p.
491 3137 566 3212 384,
582 3140 621 3198 17
630 3137 670 3196 W
683 3138 714 3197 11
731 3158 760 3216 p.
775 3139 850 3212 413,
866 3138 907 3197 15
918 3134 978 3214 Sp,
996 3137 1076 3197 idem
1095 3135 1208 3196 dictum
1227 3157 1309 3196 enar-

161 3230 209 3287 rat
231 3227 355 3304 Dionys.
374 3226 442 3286 Hal.
462 3228 499 3287 de
517 3228 658 3288 Dinarch.
678 3246 741 3305 cap.
762 3228 865 3288 Sexta
888 3225 939 3287 acl
956 3223 1096 3306 ἀγροῖκόν
1114 3246 1191 3298 τινες
1209 3228 1310 3305 Δημο-

161 3313 276 3396 σθένην
299 3313 414 3393 ἔφασαν
434 3308 510 3376 εἶναι
531 3309 679 3398 (Blassius
703 3317 739 3377 da
763 3316 1074 3395 eloqu.httic.1112
1101 3312 1193 3392 [Lips.
1211 3314 1309 3393 1898]

161 3426 189 3484 p.
210 3397 298 3488 308).
330 3406 437 3483 Itaque
455 3406 572 3467 dherat
588 3412 692 3485 poeta:
710 3408 879 3468 rusticitate
898 3424 1020 3484 superas
1038 3424 1153 3466 omnes:
1174 3405 1310 3466 doctrina

162 3498 193 3556 et
214 3497 402 3556 humanitate
423 3516 510 3557 nemo
535 3501 580 3557 ost
607 3496 770 3558 halicarius
796 3495 944 3573 posterior
970 3499 1008 3560 te.
1026 3527 1071 3538 -
1090 3497 1250 3572 posterior,
1276 3497 1312 3554 ut

161 3584 266 3646 Graeci
290 3585 394 3646 dicunt
421 3583 543 3659 οὐδενὸς
570 3585 686 3667 ὕστερον
712 3585 817 3669 γνώμῃ
840 3585 972 3664 Thucyd.
991 3584 1007 3646 1
1027 3588 1078 3661 91,
1098 3586 1117 3644 5
1142 3576 1311 3667 (Nauckius

161 3674 199 3734 ad
219 3674 308 3752 Soph.
328 3674 403 3734 Phil.
425 3667 518 3755 181),
549 3672 635 3738 ἐόντα
666 3673 840 3758 moseddo
871 3682 930 3735 τῶν
960 3672 1022 3735 τότε
1049 3671 1160 3736 ἐόντων
1189 3670 1312 3745 οὐδενὸς

162 3760 299 3843 δεύτερον
322 3762 430 3823 Herod.
449 3763 465 3822 I
485 3765 540 3824 23:
564 3784 654 3841 quam
676 3766 856 3826 locutionem
879 3765 1006 3825 inuertit
1027 3763 1169 3824 Lucilius.

251 3842 335 3914 497.
358 3852 474 3913 Nonius
492 3873 521 3931 p.
542 3855 615 3931 397,
636 3855 676 3915 26
706 3850 842 3915 ‘Sacrum
869 3854 961 3915 etiam
988 3854 1146 3914 scelestum
1172 3852 1203 3910 et
1231 3850 1311 3911 deta·

162 3941 278 4001 stabile.
303 3940 517 4002 ...Lucilius
544 3945 714 4020 satyrarum
736 3943 788 4002 lib.
806 3942 863 4001 XV
889 3938 948 4004 “ac
971 3942 1008 4002 de
1031 3944 1101 4003 ulos
1124 3960 1217 4002 sacer·
1233 3940 1311 4000 illoto

163 4032 237 4105 colso
259 4048 315 4091 sou
337 4031 477 4091 sirofenix
493 4078 499 4088 .
515 4077 521 4091 .
537 4078 544 4090 .
559 4028 712 4092 solitus'’.'
749 4032 928 4112 Tocoglyr'os
950 4036 1030 4093 recte
1051 4030 1154 4108 posuit
1171 4029 1312 4089 Rothius:

162 4120 284 4181 Lucian.
302 4122 357 4180 uit
377 4124 454 4182 auct.
474 4122 516 4181 33
539 4121 618 4181 Plut.
638 4120 674 4182 de
697 4121 766 4181 aud.
790 4123 868 4200 poet.
887 4142 916 4199 p.
938 4123 1014 4182 188
1043 4118 1124 4200 λόγοι
1144 4166 1150 4179 .
1171 4166 1177 4180 .
1198 4165 1204 4179 .
1227 4139 1311 4180 τοκο-

162 4209 266 4296 γλύφῳ
285 4208 434 4295 πρεσβύτῃ
452 4206 625 4289 πρέποντεςι
644 4210 696 4270 AP
715 4210 758 4269 IX
778 4212 852 4286 570,
873 4213 905 4269 7:
928 4209 1052 4290 γλύφων
1066 4208 1171 4282 τόκους
1189 4208 1231 4268 XI
1247 4209 1310 4289 389

162 4303 354 4382 τοκογλυφεῖς
376 4299 455 4360 Plut
474 4301 492 4362 l
511 4319 533 4361 s.
553 4321 581 4379 p.
602 4300 690 4360 341).
710 4333 754 4342 -
772 4300 961 4373 castoreum,
984 4300 1090 4361 similis
1113 4301 1262 4376 scsiptura
1279 4301 1311 4358 in

163 4388 237 4450 codd
256 4389 307 4450 lib.
326 4389 386 4449 VII
404 4411 432 4450 u.
453 4392 517 4451 284
539 4394 635 4452 mouet
656 4391 785 4452 ocimod.
832 4390 1036 4469 Syrophoenix
1059 4390 1115 4450 hoc
1137 4390 1202 4449 loco
1225 4410 1309 4450 soso-

162 4478 276 4559 γλύφος
299 4484 330 4543 ct
352 4479 506 4561 δννεισιής
528 4480 650 4562 quidam
673 4484 810 4544 uocatur:
838 4480 874 4544 de
898 4480 982 4563 Syris
1009 4480 1077 4545 uide
1106 4498 1182 4562 quas
1210 4477 1310 4544 adnot.
