3060 5010
584 374 623 430 111
640 391 667 429 u.
689 378 836 430 ree-uo.
1235 371 1276 438 67
1393 356 1401 368 ’

130 546 216 623 pueri
237 546 375 606 lasanum
397 545 552 621 portantes
575 538 847 622 oenophorumque'
876 546 907 604 et
928 543 1047 605 Persius
1063 543 1098 599 ‘V
1118 545 1182 603 140
1206 538 1279 604 ‘iam

130 637 230 713 pueris
252 635 361 711 pellem
383 636 550 695 succinctus
573 636 603 694 et
630 634 832 711 oenophorum
859 636 959 711 aptas,
987 635 1068 694 ocius
1097 632 1135 692 ad
1162 651 1279 708 nauem,

130 725 207 784 nihil
233 724 334 784 obstat
361 724 434 800 quin
460 723 545 783 trabe
572 725 661 783 uasta
687 722 841 802 Aegaeum
871 718 994 799 rapias’.
1045 720 1123 792 Quid
1155 725 1278 798 inquam

130 812 314 891 probabilius
343 831 432 890 quam
460 811 624 891 oenophori
655 813 848 891 singulariter
878 812 992 873 dictum
1024 811 1103 889 apud
1129 811 1280 871 Lucilium

130 921 233 963 ueram
260 921 323 963 esse
350 904 520 979 lectionem,
551 921 642 978 quam
669 905 889 963 concinniorem
915 902 1037 961 reddere
1064 902 1110 961 ita
1138 900 1280 961 uolebant

131 992 334 1070 grammatici,
356 995 392 1051 ut
414 993 552 1053 datiuum
573 993 714 1070 pluralis,
741 995 793 1069 qui
816 990 932 1052 Lucilio
955 993 1158 1070 peregrinanti
1183 992 1279 1051 multo

130 1084 229 1142 minus
251 1084 341 1159 aptus
364 1084 410 1141 est
431 1079 645 1142 restituerent?
680 1081 782 1141 Etiam
804 1081 957 1141 quenalis
979 1099 1046 1141 oum
1068 1081 1141 1141 dicit
1158 1080 1217 1140 VH
1237 1082 1279 1140 10

132 1167 174 1230 ‘et
196 1171 309 1231 uendae
335 1173 436 1248 potius
467 1173 625 1231 commissa
649 1170 729 1247 quod
757 1173 856 1231 auctio
884 1171 989 1231 uendit
1015 1170 1164 1231 stantibus
1191 1189 1279 1230 oeno-

131 1260 257 1338 phorum
279 1261 411 1337 tripedes
434 1262 565 1320 armaria
587 1256 689 1322 cistas'
714 1279 773 1319 non
795 1263 932 1337 quamuis
950 1262 1092 1338 lagonam
1110 1278 1173 1320 esse
1191 1278 1279 1320 oeno

130 1350 258 1427 phorum
280 1349 423 1425 declarat,
445 1350 498 1410 sed
520 1352 670 1428 peculiare
694 1349 844 1426 quoddam
866 1353 954 1410 unius
973 1351 1116 1427 cuiusque
1133 1349 1207 1409 laris
1225 1367 1279 1408 uas

131 1442 281 1500 uinarium
303 1442 457 1499 continens
480 1458 570 1500 cenae
593 1442 675 1500 omni
701 1442 847 1516 quantum
875 1439 1058 1500 destinatum
1084 1442 1130 1500 est
1157 1441 1189 1499 01
1214 1439 1280 1497 uini

131 1532 162 1588 et
189 1548 293 1606 aquae.
344 1528 430 1599 Quod
456 1529 571 1589 indicat
600 1533 756 1607 praeterea
786 1531 869 1590 iocus
896 1529 1046 1589 Martialis
1064 1528 1108 1589 VI
1127 1529 1169 1587 89
1201 1522 1280 1588 ‘cum

130 1622 247 1696 peteret
267 1638 364 1679 seram
387 1617 486 1679 media
506 1618 569 1680 iam
591 1624 677 1681 nocte
700 1619 854 1679 matellam
877 1621 985 1696 arguto
1007 1617 1145 1679 madidus
1172 1617 1280 1694 pollice

131 1706 296 1768 Panaretus
315 1707 472 1786 Spoletina
494 1707 567 1768 data
589 1712 643 1785 est,
665 1708 716 1770 sed
737 1727 828 1785 quam
846 1711 1012 1769 siccauerat
1028 1711 1092 1787 ipse
1109 1725 1163 1767 nee
1181 1706 1281 1766 iuerat

131 1798 189 1858 soli
210 1800 276 1857 tota
298 1798 409 1876 lagona
431 1800 513 1859 satis.
550 1797 602 1858 ille
624 1798 682 1858 fide
704 1818 821 1859 summa
843 1801 938 1858 testae
961 1816 1016 1858 ena
1038 1800 1112 1857 uina
1128 1815 1280 1858 remensus

131 1887 262 1947 reddidit
284 1888 446 1965 oenophori
468 1887 600 1965 pondera
626 1889 715 1965 plena
743 1890 798 1949 sui.
843 1889 962 1948 miraris
990 1891 1137 1965 quantum
1164 1885 1282 1947 biberat

132 1979 243 2054 cepisse
266 1975 429 2056 lagonam?
459 1976 559 2038 desine
582 1980 695 2051 mirari,
715 1977 805 2037 Rufe:
828 1997 943 2037 merum
965 1972 1103 2038 biberat’:
1126 1995 1218 2052 quare
1236 1976 1281 2035 fa·

131 2070 212 2127 ctum
236 2069 281 2127 est
302 2069 445 2126 nimirum
466 2069 502 2127 ut
524 2071 555 2127 et
576 2067 686 2145 lagona
709 2070 739 2126 et
761 2068 947 2145 oenophorus
970 2067 1093 2127 eandem
1121 2065 1282 2125 habuerint

130 2175 308 2217 mensuram.
367 2156 495 2217 Vertitur
526 2155 600 2232 quid
631 2158 672 2216 sit
702 2157 890 2234 intellegitur
920 2156 992 2216 Hor.
1025 2175 1111 2216 serm.
1134 2152 1165 2213 Π
1189 2156 1218 2230 8,
1238 2156 1278 2214 39

133 2242 299 2305 ‘inuerhmt
323 2245 466 2307 Allifanis
493 2247 612 2306 uinaria
639 2247 707 2306 tota
727 2245 867 2307 Vibidius
894 2241 1089 2322 Balatroque'
1118 2244 1171 2303 ubi
1197 2244 1280 2304 scho-

131 2335 222 2396 liasta
244 2337 323 2395 recte
346 2329 480 2415 uinaria]
502 2336 672 2413 oenophora
696 2326 857 2418 (oenoforia
879 2335 934 2396 cod
956 2358 983 2416 y,
1006 2354 1061 2395 em.
1082 2326 1280 2416 Hauthalius)

131 2429 163 2485 et
184 2427 401 2485 commentator
420 2423 607 2500 Gruquianus
627 2420 794 2485 ‘inuertunt
815 2427 942 2500 uinaria,
960 2424 980 2484 i.
1000 2444 1023 2485 e.
1043 2421 1189 2504 οἰνοφόρα
1207 2420 1281 2482 κατὰ

131 2517 263 2593 κεφαλῆς
285 2511 449 2594 τρέπονται,
472 2517 491 2573 i.
511 2534 535 2574 e.
554 2533 629 2575 uasa
650 2515 771 2575 uinaria
792 2517 825 2574 in
848 2517 940 2591 caput
961 2516 1092 2589 uertunt,
1115 2515 1160 2572 ita
1178 2514 1281 2572 utere

131 2605 242 2664 terram
260 2599 428 2682 tangerent’
449 2603 513 2664 clu
531 2604 575 2663 IV
596 2605 680 2664 1819
702 2599 822 2664 ‘Suauis
841 2605 959 2663 uinaria
977 2605 1052 2678 sitit,
1072 2620 1145 2681 rogo
1169 2620 1222 2661 uos
1250 2603 1281 2659 et

131 2693 221 2754 ualde
239 2688 316 2753 sitit'
335 2694 469 2753 quenal.
484 2693 528 2752 VI
543 2695 606 2753 425
628 2689 760 2753 ‘tandem
778 2693 833 2752 illa
850 2694 935 2752 uenit
953 2691 1160 2767 rubicundula,
1182 2692 1280 2750 totum

132 2782 335 2859 oenophorum
357 2785 476 2858 sitiens,
503 2784 593 2861 plena
615 2783 695 2861 quod
721 2783 857 2842 tenditur
883 2777 980 2843 urna'.
1028 2781 1173 2840 Similiter
1194 2779 1281 2839 que·

132 2873 191 2931 nal.
209 2872 257 2931 ΠΙ
277 2873 340 2932 108
365 2868 403 2933 ‘si
425 2872 520 2932 trulla
541 2874 659 2932 inuersc
683 2874 830 2948 crepitum
852 2871 935 2931 dedit
962 2890 1054 2931 aurea
1080 2865 1183 2929 fundo'
1207 2868 1280 2930 Hor.

133 2981 221 3022 carm.
237 2961 285 3020 111
305 2963 399 3036 29,2
425 2957 496 3022 ‘uon
518 2965 589 3022 ente
607 2980 693 3021 uerso
714 2957 869 3022 ...cado'
890 2960 1018 3039 Vergilii
1036 2952 1123 3042 (Aen.
1138 2958 1181 3018 IX
1202 2950 1280 3039 165)

132 3053 163 3111 et
193 3051 286 3110 Ennii
316 3051 538 3111 hemistichium
571 3047 706 3111 ‘uertunt
737 3052 867 3112 crateras
897 3045 997 3110 aenos’
1027 3041 1139 3130 (annal.
1160 3039 1280 3128 511V).

132 3140 278 3200 Interesse
304 3142 406 3199 tamen
433 3140 554 3201 uidetur
580 3143 660 3201 inter
686 3143 804 3200 cratera
831 3145 861 3200 01
888 3139 1106 3218 oenophorum,
1138 3137 1218 3214 quod
1246 3156 1281 3197 er

133 3232 246 3290 metere
269 3249 492 3307 nonnumquam
516 3231 625 3308 cyatho
648 3231 823 3290 exhauritur
845 3232 960 3305 uinum,
982 3249 1017 3288 er
1040 3228 1209 3306 oenophoro
1232 3225 1281 3286 de·

93 3350 116 3371 κ
131 3319 268 3379 funditur
295 3321 404 3379 sensim
426 3321 523 3398 magis
550 3322 705 3399 magisque
732 3320 885 3380 inclinato.
931 3320 1044 3378 Narrat
1070 3318 1164 3396 igitur
1192 3319 1282 3395 poeta

132 3408 211 3469 inter
233 3407 399 3486 potandum
422 3428 491 3470 cum
514 3411 664 3469 exsiccant
686 3409 811 3469 fundum
835 3408 996 3486 oenophori
1020 3410 1199 3468 sententiam
1225 3405 1282 3468 sibi

131 3517 249 3560 uersam
267 3516 329 3559 esse
348 3501 379 3559 01
395 3500 545 3558 mutatam
563 3501 598 3558 ut
610 3499 756 3559 Homerus
775 3499 849 3558 dicit
862 3496 994 3579 epictetus
1008 3495 1078 3569 νόος
1092 3488 1125 3577 (γ
1141 3489 1228 3579 147).
1241 3527 1279 3538 -

132 3587 208 3647 Mari
230 3588 395 3665 tranquillo
419 3590 450 3647 et
472 3606 576 3648 serena
598 3591 684 3649 noete
706 3588 850 3648 utendum
873 3607 935 3649 esse
954 3587 1148 3648 decreuerunt
1165 3587 1281 3646 statim-

132 3696 189 3754 que
212 3676 387 3737 soluendum
410 3696 483 3737 cena
505 3680 639 3754 peracta:
668 3679 719 3739 sed
741 3697 802 3737 una
827 3697 894 3738 cum
920 3679 1038 3737 uinario
1066 3694 1209 3738 conuersa
1236 3677 1283 3734 est

133 3768 282 3828 sententia
303 3771 334 3827 et
356 3769 531 3827 manserunt
552 3771 669 3827 noctem
692 3767 835 3827 Palinuri.

224 3847 306 3918 140.
334 3856 451 3917 Nonius
477 3876 506 3933 p.
526 3857 600 3932 489,
622 3858 662 3917 14
692 3853 847 3916 ‘Nefanlia
874 3875 929 3934 pro
958 3854 1097 3916 nefanda
1146 3852 1281 3912 Lucilius

133 3948 302 4022 satyrarum
325 3944 376 4004 lib.
395 3945 442 4004 III
466 3940 623 4006 “tantalus
643 3991 649 4003 .
669 3992 676 4005 .
697 3992 703 4003 .
722 3946 857 4006 nefentia
878 3963 992 4019 pomus
1019 3935 1180 4025 (omittunt
1208 3942 1282 4001 olim

133 4036 279 4112 impressi,
300 4035 415 4111 lunius,
437 4027 601 4117 Mercerus)
623 4030 773 4111 pendit'’.'
810 4036 925 4096 Poenas
948 4035 1077 4093 alterum
1097 4033 1204 4092 tollere
1221 4049 1282 4090 non

134 4143 222 4185 ausus
245 4144 311 4184 eum
333 4124 414 4200 quod
436 4125 659 4185 commendetur
682 4127 806 4186 accentu
828 4125 963 4203 legitime
986 4124 1116 4182 mutato:
1142 4138 1214 4181 usus
1237 4123 1283 4181 est

133 4217 222 4289 poeta
249 4214 386 4292 garrulus
413 4213 671 4290 conduplicatione
698 4232 780 4275 more
807 4215 974 4287 rhetorum,
1004 4211 1091 4272 sicuti
1118 4212 1149 4269 in
1180 4209 1281 4270 eodem

134 4301 210 4363 libro
242 4321 333 4381 supra
355 4324 384 4363 u.
410 4305 482 4363 110.
533 4301 695 4381 compuri
726 4322 758 4363 se
788 4303 887 4381 ipsum
915 4300 1043 4362 Tantalo
1076 4303 1129 4361 aut
1159 4302 1283 4377 propter

134 4391 243 4452 famem
273 4395 327 4453 aut
352 4395 476 4470 propter
505 4393 601 4469 sitim,
628 4395 682 4452 aut
704 4394 826 4469 propter
849 4392 926 4451 alius
949 4389 1103 4450 cuiusdam
1128 4391 1172 4450 rei
1199 4389 1282 4465 cupi-

135 4479 246 4541 dinem:
264 4482 336 4542 Hor.
356 4501 442 4542 serm.
460 4481 476 4539 I
497 4485 525 4558 1,
545 4482 585 4541 68
606 4477 763 4542 ‘Tantalus
787 4503 805 4543 a
827 4479 919 4542 labris
943 4479 1046 4541 sitiens
1068 4480 1217 4559 fugientia
1235 4496 1282 4537 oa-

1034 4579 1069 4632 ὁ.
