3060 5010
205 356 269 432 loo
639 356 702 421 XVI
721 385 747 421 u.
767 362 918 424 sss-tat.

202 536 335 597 Lucilius
362 541 532 614 satyrarum
554 537 605 596 lib.
625 537 697 597 XVI
725 533 852 615 “lisippi
873 584 878 595 .
899 583 905 596 .
925 583 932 596 .
950 539 1090 597 transicit
1108 583 1114 595 .
1135 584 1141 596 .
1162 583 1168 594 .
1187 529 1352 597 tarento''.’

203 627 247 687 De
270 627 341 687 Ioue
364 626 490 704 Lysippi
513 626 621 687 Strabo
640 626 683 686 VI
701 648 729 705 p.
751 629 814 687 278
838 624 894 706 ἔχει
923 623 954 686 δὲ
983 619 1016 708 (ἡ
1041 626 1230 706 Ταραντίνων
1253 620 1351 708 πόλις)

203 714 367 798 γυμνάσιόν
390 737 419 776 τε
442 715 596 777 κάλλιστον
618 714 669 776 καί
691 713 804 798 ἀγορὰν
821 713 980 796 εὐμεγέθη,
1003 713 1036 776 ἐν
1058 702 1078 802 ᾗ
1101 714 1151 776 καὶ
1171 713 1187 776 δ
1204 725 1257 776 τοῦ
1280 714 1353 788 Διὸς

204 805 320 886 ἵδρυται
342 803 483 878 κολοσσὸς
507 809 646 884 χαλκοῦς,
675 802 809 886 μέγιστος
832 803 903 884 μετὰ
924 804 976 865 τὸν
995 798 1129 885 Ῥοδίων,
1157 806 1209 882 qui
1235 803 1353 878 ἑπτάκις

203 892 274 954 δέκα
306 898 371 955 erat
402 893 520 975 πηχέων
552 895 655 957 eodem
692 897 813 955 auctore
832 895 903 954 XIV
921 916 949 973 p.
970 896 1042 954 652.
1096 895 1174 954 Plin.
1198 899 1259 954 nat.
1282 896 1352 954 hist.

203 984 330 1044 XXXIV
349 987 390 1045 39
416 979 571 1045 ‘audaciae
593 986 750 1045 innumera
773 988 844 1044 sunt
868 983 1009 1061 exempla.
1046 986 1139 1044 moles
1167 985 1278 1061 quippe
1305 1005 1353 1044 ex-

203 1075 351 1153 cogitatas
381 1074 516 1134 uidemus
549 1078 727 1150 statuarum,
763 1092 837 1151 quas
870 1075 1033 1134 colossaeas
1065 1078 1188 1150 uocant,
1220 1075 1352 1134 turribus

203 1183 289 1242 pares
306 1212 311 1223 .
327 1211 333 1222 .
350 1165 441 1224 ‚talis
459 1165 490 1223 in
510 1183 615 1242 campo
628 1165 739 1224 Martio
758 1164 914 1241 iuppiter.
932 1210 937 1220 .
954 1210 959 1220 .
974 1163 1045 1223 talis
1064 1167 1094 1223 et
1112 1164 1235 1223 Tarenti
1255 1165 1352 1223 factus

204 1272 222 1311 a
245 1254 387 1330 Lysippo,
410 1252 462 1312 XL
486 1254 662 1313 cubitorum.
699 1255 808 1311 mirum
835 1255 866 1312 in
891 1271 925 1313 eo
949 1250 1028 1328 quod
1052 1272 1156 1327 manu,
1183 1256 1218 1313 ut
1243 1254 1354 1328 ferunt,

203 1343 323 1403 mobilis
347 1362 383 1403 ea
405 1344 483 1403 ratio
505 1343 677 1403 libramenti
701 1346 754 1415 est,
777 1346 812 1401 ut
829 1343 921 1401 nullis
940 1343 1126 1402 conuellatur
1144 1343 1290 1418 procellis.
1322 1343 1353 1402 id

204 1433 324 1509 quidem
356 1433 521 1510 prouidisse
554 1437 585 1491 et
616 1432 723 1492 artifex
756 1433 880 1507 dicitur,
917 1431 1032 1491 modico
1064 1433 1238 1507 interuallo,
1273 1432 1353 1491 unde

203 1523 330 1581 maxime
349 1521 454 1582 flatum
473 1540 547 1599 opus
566 1525 631 1581 erat
648 1522 758 1600 frangi,
781 1521 920 1599 opposita
939 1522 1083 1581 columna.
1117 1522 1219 1598 itaque
1238 1522 1353 1600 magni-

203 1611 337 1670 tudinem
360 1615 483 1688 propter
506 1611 771 1687 difficultatemque
794 1610 936 1669 moliendi
955 1629 1013 1669 non
1034 1612 1137 1688 attigit
1156 1631 1223 1670 eum
1243 1611 1353 1671 Fabius

203 1699 396 1775 Verrucosus,
415 1720 482 1761 cum
500 1701 669 1776 Herculem,
692 1703 744 1777 qui
768 1703 813 1760 est
836 1701 868 1758 in
887 1699 1046 1777 Capitolio,
1069 1700 1138 1759 inde
1156 1695 1352 1760 transferret’.

204 1808 262 1865 quo
286 1790 322 1849 de
345 1789 424 1850 Plut.
444 1790 515 1849 lab.
537 1792 577 1848 22
602 1789 832 1850 Sentetes.
857 1782 1039 1869 δἮρακλῆς
1062 1786 1094 1849 ίν
1116 1795 1155 1873 τῷ
1172 1790 1352 1874 Καπετωλίῳ

202 1882 327 1958 χαλκοῦς
350 1877 535 1958 κολοσσικός,
565 1878 730 1939 Λυσίππου
759 1877 860 1960 ἔργον,
887 1875 1032 1957 ἀνάθημα
1057 1878 1175 1959 Φαβίου
1207 1878 1352 1958 Μαξίμου

202 1975 255 2028 τοῦ
279 1965 395 2041 ἑλόντος
417 1967 473 2047 τὴν
490 1965 589 2030 πόλιν’
610 1964 865 2047 οτι110545ί209.
903 1968 1007 2028 Posuit
1026 1968 1234 2028 Lachmwnus
1257 1974 1352 2028 trans-

204 2059 265 2127 ibit,
288 2061 376 2134 recte,
399 2058 480 2135 quod
502 2059 666 2136 perfectum
690 2061 771 2118 caret
793 2076 888 2118 sensu.
927 2056 1012 2127 Quod
1034 2058 1114 2117 idem
1136 2059 1256 2134 scripsit
1278 2061 1352 2118 istac

202 2140 315 2227 (Plaut.
339 2146 425 2225 Epio.
446 2149 511 2207 660
534 2147 614 2207 Pers.
634 2150 699 2205 444
724 2148 805 2207 Trin.
831 2148 894 2207 383
924 2147 1039 2206 Ennius
1061 2150 1137 2225 trag.
1164 2151 1225 2207 226
1241 2139 1353 2228 Risu),

203 2255 262 2295 uon
284 2240 364 2296 recte
389 2238 515 2297 facturn:
544 2256 614 2296 nam
641 2236 761 2296 uidetur
788 2237 838 2316 agi
866 2236 901 2295 de
929 2238 1000 2295 naui
1028 2237 1190 2315 pergrandi
1217 2257 1277 2313 qua
1303 2239 1353 2296 uel

203 2323 329 2403 Lysippi
356 2327 486 2386 colossus
514 2327 643 2386 Tarento
671 2327 797 2386 Romam
824 2328 919 2403 possit
946 2327 1102 2386 ansere
1130 2327 1207 2402 quod
1240 2328 1353 2386 frustra

203 2416 339 2475 molitum
363 2434 426 2476 esse
449 2416 575 2475 Fabium
598 2417 684 2475 illum
708 2416 844 2475 audierat
862 2415 1002 2475 Lucilius.
1039 2416 1136 2475 Huius
1155 2418 1241 2476 nauis
1260 2417 1352 2476 simili

203 2504 291 2565 modo
314 2506 481 2566 meminisse
505 2507 624 2566 uidetur
646 2505 780 2566 Lucilius
804 2525 862 2582 quo
885 2505 1034 2566 Lucianus
1060 2505 1149 2565 Isidis
1176 2506 1259 2565 illius
1286 2525 1352 2582 per·

202 2595 326 2673 granffis
349 2597 381 2654 in
404 2595 524 2675 dialogo
547 2599 652 2656 πλοῖον
674 2591 694 2674 ἢ
716 2593 807 2675 εὐχαί.

293 2677 376 2747 527.
399 2685 515 2746 Nonius
539 2705 573 2744 ex
596 2686 791 2764 grammatico
810 2705 838 2761 p.
860 2686 911 2759 98,
932 2686 972 2744 19
997 2677 1087 2765 (OGL
1106 2685 1134 2742 V
1152 2706 1180 2763 p.
1202 2685 1275 2760 640,
1295 2679 1353 2767 36)

203 2767 371 2854 ‘Demagis,
398 2775 486 2834 ualde
509 2777 612 2853 magis.
658 2774 791 2834 Lucilius
814 2774 864 2833 lib.
884 2774 955 2833 XVI
986 2769 1061 2833 “rex
1088 2778 1173 2834 cotue
1200 2775 1252 2834 ille
1279 2775 1354 2833 duos

202 2863 256 2923 hos
276 2866 503 2924 ...nouissime
525 2864 626 2924 aiebat
647 2857 760 2946 (olebat
781 2858 949 2946 Leidensis)
973 2863 1051 2923 solos
1078 2864 1208 2939 decepis
1228 2910 1233 2921 .
1250 2911 1278 2922 ..
1298 2883 1352 2923 nec

202 2970 265 3012 esse
293 2946 338 3035 (es
365 2945 531 3034 Leidensis)
564 2949 717 3029 putare'’.'
765 2952 876 3013 Paulus
904 2973 938 3012 ex
966 2953 1055 3012 Festo
1078 2973 1106 3028 p.
1128 2955 1165 3011 71
1198 2949 1351 3031 ‘Demagis

202 3061 257 3117 pro
284 3045 384 3102 minus
412 3036 514 3125 (simis
541 3042 599 3101 uiri
627 3035 721 3124 docti)
751 3042 868 3118 antiqui
897 3038 1055 3101 dicebant'.
1095 3041 1169 3102 OGL
1187 3043 1218 3101 11
1236 3044 1289 3117 42,
1310 3043 1350 3101 29

204 3127 365 3211 ‘Demagia
388 3126 548 3211 σφοδρῶς.
593 3131 676 3191 Haec
699 3134 800 3191 omnia
823 3131 860 3191 ad
884 3132 962 3191 hunc
984 3151 1077 3191 unum
1100 3132 1210 3191 Lucilii
1233 3150 1351 3191 uersum

202 3222 350 3297 pertinere
377 3220 493 3283 iudicat
519 3220 743 3280 Lachmannus:
774 3221 905 3297 reliquas
935 3222 1049 3301 glossas
1074 3220 1149 3281 OGL
1167 3222 1195 3279 V
1215 3222 1289 3296 627,
1309 3223 1350 3280 59

204 3306 349 3388 ‘demagis
372 3306 572 3369 uehementer'
599 3311 672 3387 285,
692 3312 734 3371 30
759 3306 903 3390 ‘demagis
926 3306 1094 3370 uehemens'
1119 3330 1187 3371 cum
1212 3311 1352 3390 glossarii

203 3397 404 3458 Graecolatini
430 3401 677 3476 interpretatione
705 3404 790 3477 patet
817 3419 986 3478 congruere.
1038 3400 1085 3460 Dc
1111 3401 1291 3477 particulam
1320 3401 1351 3458 in

201 3488 313 3547 δαίίκοο
330 3489 418 3548 uelde
436 3488 603 3568 significare
622 3489 748 3550 adnotat
766 3490 855 3549 schol.
875 3491 940 3549 Ter.
960 3490 1035 3548 Eun.
1054 3489 1086 3548 II
1106 3493 1135 3566 2,
1154 3492 1195 3550 49
1221 3485 1351 3549 ‘detineo

201 3581 245 3636 te:
272 3578 361 3637 ualde
387 3574 485 3637 teneo'
514 3577 640 3656 Adelph.
658 3579 702 3638 IV
722 3580 789 3655 6,1
821 3575 964 3639 ‘defessus
995 3598 1061 3639 sum
1086 3626 1091 3637 .
1118 3628 1124 3640 .
1150 3626 1156 3637 .
1184 3579 1220 3639 de
1248 3581 1351 3639 antem

203 3667 289 3726 ualde
313 3663 473 3746 significat'
495 3667 601 3745 Hecyr.
619 3668 664 3728 IV
685 3673 712 3745 1,
732 3670 751 3728 3
773 3664 943 3746 ‘derepente
958 3716 964 3727 .
981 3715 986 3726 .
1003 3715 1008 3726 .
1023 3671 1059 3727 ut
1081 3664 1222 3729 defessus'
1242 3668 1270 3725 V
1286 3671 1315 3744 2,
1331 3671 1350 3727 5

203 3753 328 3817 ‘deierat
347 3805 353 3817 .
369 3804 375 3817 .
392 3805 397 3816 .
417 3757 505 3817 ualde
528 3754 630 3818 iurat'.
677 3758 793 3817 Reuera
816 3757 1026 3818 Graecolatina
1053 3759 1106 3818 illa
1134 3759 1233 3837 glossa
1258 3761 1285 3817 si
1312 3759 1352 3818 ad

202 3846 311 3907 Lucilii
333 3848 419 3908 illum
442 3866 562 3908 uersum
585 3849 724 3925 pertinet,
748 3852 801 3907 aut
818 3851 865 3908 est
882 3848 1071 3926 grammatici
1090 3851 1221 3908 auctoris
1239 3847 1351 3906 diuersi

202 3954 220 3994 a
238 3936 331 3997 Nonii
353 3940 475 3996 auctore
498 3941 553 3996 aut
574 3940 686 3997 temere
709 3938 921 4014 grammaticus
944 3938 996 3997 ille
1015 3937 1241 3998 Graecolatinus
1264 3939 1352 3997 καλίο

202 4026 297 4086 solum
320 4028 462 4104 respexit,
489 4029 584 4101 magis
607 4027 816 4104 praetermisit.
863 4027 907 4085 De
931 4028 1012 4087 Festi
1035 4027 1134 4105 glossa
1157 4029 1200 4086 nil
1230 4027 1350 4087 omnino

201 4114 305 4175 licebit
327 4116 483 4175 affirmare.
525 4116 673 4176 Vocabuli
694 4117 832 4192 donogis,
856 4118 935 4193 quod
958 4121 1113 4193 tamquam
1137 4136 1235 4177 errore
1253 4136 1351 4196 gram·

201 4205 378 4264 maticorum
401 4210 513 4281 natum,
538 4208 591 4282 qui
611 4224 702 4265 uersu
721 4209 861 4282 corrupto
879 4206 988 4266 Lucilii
1007 4207 1085 4265 male
1104 4207 1151 4265 usi
1169 4209 1238 4284 sint,
1257 4206 1351 4265 Lach-

201 4310 328 4353 mannus
350 4296 382 4352 in
405 4295 599 4355 adnotatione
619 4315 644 4355 a.
664 4295 692 4353 h.
712 4296 731 4354 l.
751 4297 871 4354 omnino
894 4298 1058 4372 sustulerit,
1083 4300 1227 4374 patronus
1250 4297 1352 4355 extitit

202 4381 399 4443 Buechelerus
430 4385 504 4444 Mus.
528 4385 621 4443 Rhen.
645 4384 787 4443 XXXVII
813 4386 896 4445 1682
921 4407 949 4462 p.
975 4387 1047 4444 523.
1073 4388 1137 4444 524
1175 4385 1278 4446 adlato
1315 4406 1349 4443 er

202 4470 297 4531 Diezii
321 4472 512 4532 uocabulario
535 4475 628 4550 lingu.
648 4475 731 4532 Rom.
751 4468 861 4559 (Bonn.
884 4468 983 4555 1887)
1003 4495 1030 4550 p.
1052 4477 1117 4534 200
1144 4476 1236 4534 uerbo
1263 4477 1350 4533 huius
