3000 5002
506 379 603 436 incert.
624 379 683 436 sed.
701 398 729 436 u.
749 385 935 439 lose-1100.
1230 380 1296 446 349

146 551 270 630 collegit
282 550 390 610 Athen.
404 549 436 608 Π
450 570 478 626 p.
495 549 574 609 701)
594 549 729 609 adferens
744 549 942 627 Theophrasti
956 550 1024 608 hist.
1039 550 1133 627 plant.
1149 549 1194 608 Vl
1209 553 1238 625 4,
1255 554 1296 612 10

147 632 238 723 (Plin.
258 643 319 699 nat
338 640 408 699 hist
427 639 498 698 XXI
518 633 573 720 97)
607 640 660 716 qui
692 639 728 699 de
760 640 864 700 cardui
895 639 1052 719 generibus
1079 634 1099 717 ἡ
1128 635 1160 700 δὲ
1190 639 1297 713 κάκτος

145 726 315 808 καλουμένη
337 726 403 807 περὶ
422 728 561 788 Σικελίαν
584 726 688 806 μόνον,
712 725 744 789 ἐν
766 738 802 814 τῇ
818 721 937 788 Ἑλλάδι
956 724 988 788 δὲ
1010 725 1065 788 οὐκ
1084 727 1170 789 ἔστιν.
1204 729 1297 790 Addit

145 819 319 879 Athenaeus
346 819 390 890 τίς
418 814 449 878 δὲ
477 818 591 890 τούτοις
618 815 684 896 οὐχλ
710 816 891 896 πειθόμενος
916 822 1040 897 θαρρῶν
1066 815 1104 877 ἂν
1130 817 1209 878 εἴκοι
1241 816 1297 896 τὴν

145 907 254 968 κάκτον
277 900 354 968 εἶναι
374 906 487 984 ταύτην
510 905 565 985 τὴν
587 904 646 966 bnt
666 899 816 985 Ῥωμαίων
837 903 891 984 μὲν
909 904 1096 985 καλουμένην
1114 906 1236 986 κάρδον,
1259 906 1296 968 οὐ

146 995 263 1076 μακρὰν
285 994 380 1056 ὄντων
404 1005 456 1075 τῆς
479 996 631 1075 Σικελίας,
659 999 717 1055 κτλ.
764 996 866 1056 Sicula
892 1014 964 1056 uoce
992 999 1038 1055 uti
1061 996 1210 1056 Lucilium
1237 1017 1296 1057 non

146 1088 275 1147 mireris:
299 1088 429 1163 positam
452 1087 527 1147 hane
550 1087 641 1147 fuisse
664 1105 699 1145 eo
722 1086 787 1146 loco
810 1086 846 1145 de
870 1105 929 1162 quo
948 1088 1051 1164 agitur
1069 1087 1173 1166 fragm.
1192 1089 1295 1147 incert.

148 1178 233 1236 1299
249 1178 415 1251 suspicetur
429 1176 547 1251 aliquis.
572 1176 654 1246 Quae
668 1177 787 1235 sirecte
801 1178 971 1236 statuerunt
984 1178 1046 1235 uiri
1059 1175 1148 1250 docti,
1158 1176 1296 1255 glossarii

146 1269 251 1325 auctor
281 1265 411 1343 glossam
438 1268 610 1341 corruptam
639 1266 795 1342 exscripsit
818 1268 848 1324 et
871 1266 947 1324 falso
970 1268 1071 1342 posuit
1094 1266 1125 1324 in
1142 1264 1246 1325 littera
1269 1285 1295 1325 a.

239 1347 345 1415 1100.
369 1354 528 1431 Pompeius
551 1352 603 1414 GL
622 1354 649 1410 V
671 1374 700 1430 p.
721 1356 794 1432 289,
815 1355 873 1413 aK
899 1350 975 1424 ‘Quo
998 1354 1086 1414 modo
1114 1358 1214 1415 autem
1242 1355 1296 1414 fiat

146 1446 345 1518 soloecismus,
369 1463 429 1520 quo
452 1444 540 1503 modo
563 1443 617 1503 fiat
639 1444 767 1519 schema,
790 1463 824 1503 ex
848 1444 956 1503 affectu
978 1443 1134 1504 scribentis
1156 1445 1296 1505 debemus

147 1552 320 1612 agnoscere:
343 1535 370 1593 si
392 1536 552 1593 necessitas
575 1533 664 1592 metri
686 1536 776 1612 cogit,
799 1536 835 1593 ut
857 1536 902 1592 ita
923 1534 1025 1609 faciat,
1048 1535 1167 1593 schema
1189 1538 1244 1609 est,
1270 1535 1296 1595 si

146 1625 248 1683 autem
270 1625 362 1683 etiam
385 1625 449 1683 sine
471 1623 647 1684 necessitate
670 1626 759 1682 metri
784 1625 885 1699 potest
911 1623 966 1682 illa
993 1642 1040 1683 res
1068 1623 1140 1698 dici,
1170 1627 1297 1700 apparet

146 1732 208 1773 esse
231 1713 437 1773 soloecismum
460 1713 551 1772 etiam
573 1715 606 1771 in
630 1731 729 1772 uersu.
776 1716 849 1789 quot
876 1713 985 1787 modis,
1013 1715 1070 1788 ait,
1099 1713 1175 1772 dunt
1202 1713 1295 1773 soloe·

145 1800 250 1862 cismi?
296 1803 433 1862 Donatus
465 1802 582 1881 redegit
613 1820 644 1861 se
674 1802 713 1862 ad
747 1820 894 1861 summam
930 1802 1107 1861 breuitatem
1145 1807 1175 1862 et
1212 1803 1296 1877 dixit,

146 1888 284 1951 “duobus
312 1886 455 1951 tentum'’
485 1884 549 1973 (GL
569 1891 612 1949 lv
631 1912 659 1968 p.
681 1893 754 1965 393,
775 1885 878 1972 1811).
928 1890 1061 1952 Lucilius
1089 1896 1190 1951 autem
1220 1893 1297 1952 dixit

145 1976 314 2040 “centum’'
338 1984 369 2041 et
392 1982 578 2040 enumerabit
600 2000 715 2041 omnes:
739 1984 822 2041 extat
845 1981 921 2040 liber
943 1981 1047 2057 ipsius,
1070 1982 1144 2041 dicit
1166 1981 1243 2041 illud
1266 1985 1297 2041 et

144 2071 228 2130 illud.
265 2092 335 2130 nem
359 2071 403 2130 ait
425 2073 468 2132 sic
491 2064 591 2130 “adde
614 2072 778 2131 οοῑοιοέοοκο
808 2062 867 2150 (ita
887 2069 937 2129 GS
960 2071 1184 2131 soloecismosB
1207 2072 1296 2132 solec-

145 2163 267 2219 cismum
280 2152 319 2241 P)
346 2179 455 2239 genera
482 2163 573 2237 atque
601 2160 747 2220 uocabula
775 2153 918 2219 centum’'
946 2163 977 2219 et
1006 2160 1100 2220 currit
1133 2153 1297 2242 (percurrit

144 2252 224 2309 recte
247 2243 469 2330 Lachmannus)
497 2250 565 2326 ipsa
591 2249 737 2309 uocabula
764 2247 899 2308 uersibus
927 2250 1046 2326 scriptis
1079 2253 1157 2326 arte,
1190 2254 1221 2310 et
1253 2251 1296 2310 ibi

145 2340 332 2398 enumerauit
372 2338 426 2397 illa
466 2332 587 2397 omnia'.
647 2337 730 2398 Seru.
763 2338 794 2396 in
827 2337 902 2396 Don.
926 2336 977 2396 GL
996 2338 1039 2397 IV
1062 2359 1091 2416 p.
1112 2340 1190 2414 446,
1218 2339 1296 2399 19Κ

146 2423 406 2488 ‘soloecismorum
427 2446 536 2506 genera
555 2430 672 2487 centum
692 2427 765 2487 dicit
794 2446 856 2487 esse
875 2423 1028 2487 Lucilius’.
1065 2428 1198 2488 Isidorus
1221 2432 1295 2507 orig.

145 2516 269 2592 1325
295 2511 385 2576 ‘Nam
408 2517 541 2576 Lucilius
565 2521 684 2576 centum
707 2536 816 2594 genera
838 2515 1079 2577 soloecismorum
1103 2517 1193 2592 dixit,
1220 2536 1295 2593 quos

145 2624 246 2666 omnes
264 2607 363 2665 uitare
382 2609 490 2683 potine,
509 2624 599 2682 quam
617 2606 701 2683 sequi
719 2605 815 2680 debet,
834 2608 887 2682 qui
904 2605 1038 2684 regulam
1058 2608 1137 2666 recte
1155 2606 1295 2683 loquendi

119 2699 244 2755 .tenere
276 2692 398 2756 studet’.
448 2696 493 2755 De
526 2697 644 2755 centum
676 2696 835 2774 generibus
866 2695 1107 2755 soloecismorum
1134 2714 1152 2754 a
1179 2696 1295 2756 Lucilio

145 2787 325 2845 enumeratis
344 2786 447 2845 eodem
466 2785 553 2845 modo
571 2789 705 2863 nugatur
723 2786 935 2864 grammaticus
954 2786 1084 2861 plurima
1102 2804 1172 2845 usus
1191 2786 1293 2861 loqua-

55 2942 60 2950 .
145 2876 236 2934 citete
260 2894 319 2950 quo
343 2875 503 2936 scholiasta
526 2877 609 2934 euius
632 2875 725 2934 uerba
748 2875 936 2943 exhibuimus
959 2875 1064 2953 fragm.
1083 2876 1186 2934 incert.
1208 2876 1293 2934 1262

146 2966 197 3040 qui
220 2983 321 3025 omnes
345 2964 454 3023 XXXV
478 2964 574 3024 tribus
600 2963 738 3042 deinceps
761 2984 780 3024 a
805 2967 895 3041 poeta
922 2965 1068 3024 laceratas
1096 2965 1186 3025 fuisse
1215 2965 1294 3024 affir-

145 3056 215 3113 met.
251 3055 436 3113 soloecismorr
450 3059 529 3114 reete
543 3054 671 3114 editores
686 3058 813 3115 ueteres:
828 3053 938 3114 Lucilii
953 3073 1073 3114 uersum
1091 3074 1151 3114 non
1169 3058 1296 3114 nouerat

147 3141 236 3202 Gellii
260 3147 364 3203 auctor
388 3145 440 3220 qui
457 3144 486 3200 V
506 3146 557 3218 20,
577 3145 595 3203 6
621 3138 737 3204 ‘Nostri
756 3163 873 3221 quoqne
891 3143 1076 3220 antiquiores
1096 3139 1293 3205 “soloeeum'’

146 3233 243 3308 facile,
266 3234 474 3294 soloecismum
496 3235 571 3293 haut
593 3235 654 3293 scio
678 3253 716 3293 an
739 3252 882 3309 umquam
905 3233 1051 3292 dixerunt.
1093 3232 1178 3303 Quod
1201 3237 1228 3293 si
1250 3237 1295 3294 ita

146 3326 200 3399 est,
223 3343 319 3399 neque
342 3326 374 3382 in
393 3322 506 3383 Graeca
524 3343 619 3400 neque
638 3325 670 3382 in
689 3322 798 3382 Latina
820 3323 926 3402 lingua
944 3317 1182 3384 ‘'soloecismus”
1202 3324 1294 3401 probe

145 3406 274 3473 dieitur'.
313 3412 398 3482 Quod
416 3417 535 3472 centum
553 3431 663 3490 genera
681 3418 712 3472 et
730 3412 877 3473 uocabula
894 3412 969 3473 dicit
986 3411 1130 3488 Lucilius,
1152 3414 1185 3473 id
1202 3415 1295 3492 signi·

145 3501 215 3560 licat
237 3502 482 3562 innumerabilia:
509 3503 659 3579 permulta
687 3521 796 3582 genera
824 3506 1000 3562 enumerant
1027 3505 1217 3582 grammatici
1243 3523 1294 3563 ue·

145 3593 223 3652 teres
246 3592 341 3651 ueluti
360 3591 513 3653 Charisius
532 3591 582 3652 GL
601 3593 617 3652 I
634 3613 663 3669 p.
685 3594 861 3652 css-270
871 3592 907 3667 Κ,
931 3593 1099 3669 quindecim
1119 3593 1295 3670 Anonymus

146 3680 243 3740 editus
262 3685 331 3759 post
348 3682 540 3741 Ammonium
559 3681 602 3741 ed.
621 3682 815 3742 Valckenser.
835 3702 863 3759 p.
885 3682 958 3756 198,
981 3683 1041 3741 fere
1060 3681 1185 3762 totidem
1204 3682 1294 3741 schol.

146 3769 268 3846 Dionys.
297 3771 402 3830 Thrac.
430 3793 459 3849 p.
479 3774 558 3845 447,
578 3774 597 3830 2
617 3791 698 3848 seqq.
726 3771 862 3849 Hilgard
917 3771 1039 3830 Maioris
1075 3771 1218 3830 momenti
1250 3774 1296 3831 est

146 3858 226 3933 quod
248 3858 359 3919 Lucilii
382 3864 481 3920 aetate
504 3861 565 3919 iam
588 3863 711 3920 nomina
733 3865 815 3921 certa
837 3862 869 3919 in
892 3860 1000 3920 scholis
1026 3860 1181 3920 rhetoricis
1209 3865 1295 3919 erant

144 3948 242 4007 indita
273 3949 400 4025 singulis
430 3950 612 4010 soloecismis
646 3949 725 4026 quod
757 3949 886 4010 efficitur
917 3950 1007 4008 uerbo
1039 3950 1184 4009 uocabula
1216 3949 1295 4025 quod

145 4037 235 4097 sicuti
258 4038 339 4114 apud
356 4039 495 4097 Tacitum
513 4040 686 4117 saepissime
704 4039 748 4099 ita
766 4040 822 4100 hoe
841 4039 907 4098 loco
925 4038 1005 4098 idem
1023 4038 1112 4098 debet
1130 4057 1193 4099 esse
1213 4038 1294 4115 quod

145 4129 274 4187 nomine.
324 4127 429 4204 Neque
455 4132 556 4188 tamen
583 4128 659 4188 talia
686 4132 776 4205 poeta
803 4129 920 4205 spectat
946 4127 1068 4188 nomina
1094 4128 1198 4204 qualia
1225 4132 1295 4188 sunt

145 4224 242 4295 σχῆμα
261 4210 404 4295 Ἰβύκειον
437 4217 498 4278 alia
524 4219 576 4278 sed
604 4217 700 4278 ueluti
726 4219 934 4279 soloeeismum
961 4215 1027 4297 rupi
1052 4215 1209 4297 προθέσεις
1231 4219 1250 4278 i.
1269 4238 1293 4279 e.

145 4306 416 4383 praepositionibus
443 4308 572 4382 factum,
603 4307 723 4384 qualem
753 4307 960 4368 soloecismum
992 4308 1103 4365 tractat
1133 4308 1237 4368 incert.
1265 4330 1293 4368 u.

146 4397 304 4544 lliiltqeq.
340 4395 430 4456 Libro
449 4397 491 4456 IX
515 4416 617 4457 uersus
640 4398 731 4475 uulgo
750 4396 928 4457 attribuitur
945 4417 1034 4474 quem
1052 4399 1162 4458 rectius
1179 4396 1294 4457 tribuas

188 4503 223 4544 ro
273 4532 279 4543 .
