<?xml version="1.0" encoding="UTF-8"?>
<!DOCTYPE html PUBLIC "-//W3C//DTD XHTML 1.0 Transitional//EN"
    "http://www.w3.org/TR/xhtml1/DTD/xhtml1-transitional.dtd">
<html xmlns="http://www.w3.org/1999/xhtml" xml:lang="en" lang="en">
 <head>
  <title>
</title>
<meta http-equiv="Content-Type" content="text/html;charset=utf-8" />
  <meta name='ocr-system' content='tesseract 3.04.00' />
  <meta name='ocr-capabilities' content='ocr_page ocr_carea ocr_par ocr_line ocrx_word'/>
</head>
<body>
  <div class='ocr_page' id='page_1' title='image "./cluciliicarminu00lucigoog_0330.png"; bbox 0 0 3036 5004; ppageno 0'>
   <div class='ocr_carea' id='block_1_1' title="bbox 214 282 1292 418">
    <p class='ocr_par' dir='ltr' id='par_1_1' title="bbox 214 282 1292 418">
     <span class='ocr_line' id='line_1_1' title="bbox 214 282 1292 418; baseline -0.009 -4"><span class='ocrx_word' id='word_1_1' title='bbox 214 282 239 323; x_wconf 52' lang='lat'><strong>·</strong></span> <span class='ocrx_word' id='word_1_2' title='bbox 559 354 648 409; x_wconf 72' lang='lat' dir='ltr'><strong>xxm</strong></span> <span class='ocrx_word' id='word_1_3' title='bbox 667 372 694 409; x_wconf 83' lang='lat' dir='ltr'><strong>u.</strong></span> <span class='ocrx_word' id='word_1_4' title='bbox 715 358 865 411; x_wconf 77' lang='lat' dir='ltr'><strong>ere-asi.</strong></span> <span class='ocrx_word' id='word_1_5' title='bbox 1224 352 1292 418; x_wconf 74' lang='lat'><strong>297</strong></span> 
     </span>
    </p>
   </div>
   <div class='ocr_carea' id='block_1_2' title="bbox 141 523 1292 871">
    <p class='ocr_par' dir='ltr' id='par_1_2' title="bbox 141 523 1292 871">
     <span class='ocr_line' id='line_1_2' title="bbox 141 523 1290 601; baseline -0.001 -19"><span class='ocrx_word' id='word_1_6' title='bbox 141 523 303 601; x_wconf 87' lang='lat' dir='ltr'><strong>temptauit</strong></span> <span class='ocrx_word' id='word_1_7' title='bbox 325 543 392 585; x_wconf 86' lang='lat' dir='ltr'><strong>oum</strong></span> <span class='ocrx_word' id='word_1_8' title='bbox 410 524 553 585; x_wconf 74' lang='lat' dir='ltr'><strong>scriberet</strong></span> <span class='ocrx_word' id='word_1_9' title='bbox 569 542 601 584; x_wconf 84' lang='lat' dir='ltr'><strong>so</strong></span> <span class='ocrx_word' id='word_1_10' title='bbox 617 529 746 598; x_wconf 62' lang='lat' dir='ltr'><strong>mutam.</strong></span> <span class='ocrx_word' id='word_1_11' title='bbox 779 524 828 584; x_wconf 93' lang='lat' dir='ltr'><strong>Ad</strong></span> <span class='ocrx_word' id='word_1_12' title='bbox 845 523 969 584; x_wconf 90' lang='lat' dir='ltr'><strong>Pacuuii</strong></span> <span class='ocrx_word' id='word_1_13' title='bbox 990 523 1121 600; x_wconf 75' lang='lat' dir='ltr'>Chrysen</span> <span class='ocrx_word' id='word_1_14' title='bbox 1142 525 1290 600; x_wconf 88' lang='lat' dir='ltr'><strong>pertinere</strong></span> 
     </span>
     <span class='ocr_line' id='line_1_3' title="bbox 141 605 1291 696; baseline 0 -24"><span class='ocrx_word' id='word_1_15' title='bbox 141 614 291 674; x_wconf 73' lang='lat' dir='ltr'>intellexit</span> <span class='ocrx_word' id='word_1_16' title='bbox 307 614 445 674; x_wconf 82' lang='lat' dir='ltr'><strong>&#39;Naehius</strong></span> <span class='ocrx_word' id='word_1_17' title='bbox 470 605 583 696; x_wconf 88' lang='lat' dir='ltr'><strong>(opusc.</strong></span> <span class='ocrx_word' id='word_1_18' title='bbox 602 614 617 674; x_wconf 97' lang='lat' dir='ltr'>I</span> <span class='ocrx_word' id='word_1_19' title='bbox 634 635 663 690; x_wconf 90' lang='lat' dir='ltr'><strong>p.</strong></span> <span class='ocrx_word' id='word_1_20' title='bbox 685 605 777 695; x_wconf 78' lang='grc' dir='ltr'>106)ι</span> <span class='ocrx_word' id='word_1_21' title='bbox 800 614 872 674; x_wconf 79' lang='lat' dir='ltr'><strong>conf</strong></span> <span class='ocrx_word' id='word_1_22' title='bbox 887 612 998 692; x_wconf 81' lang='lat' dir='ltr'><strong>Hygiu.</strong></span> <span class='ocrx_word' id='word_1_23' title='bbox 1018 612 1077 672; x_wconf 86' lang='lat' dir='ltr'><strong>fab.</strong></span> <span class='ocrx_word' id='word_1_24' title='bbox 1097 612 1190 673; x_wconf 84' lang='lat' dir='ltr'>GXXI</span> <span class='ocrx_word' id='word_1_25' title='bbox 1212 608 1291 672; x_wconf 81' lang='lat' dir='ltr'><strong>‘cum</strong></span> 
     </span>
     <span class='ocr_line' id='line_1_4' title="bbox 142 700 1292 782; baseline -0.003 -18"><span class='ocrx_word' id='word_1_26' title='bbox 142 703 269 779; x_wconf 76' lang='lat' dir='ltr'><strong>Chryses</strong></span> <span class='ocrx_word' id='word_1_27' title='bbox 292 703 332 763; x_wconf 74' lang='lat' dir='ltr'><strong>ad¹</strong></span> <span class='ocrx_word' id='word_1_28' title='bbox 354 704 608 782; x_wconf 68' lang='lat' dir='ltr'><strong>Agamemnonem</strong></span> <span class='ocrx_word' id='word_1_29' title='bbox 636 703 853 779; x_wconf 88' lang='lat' dir='ltr'><strong>deprecandum</strong></span> <span class='ocrx_word' id='word_1_30' title='bbox 881 702 1025 775; x_wconf 85' lang='lat' dir='ltr'><strong>uenisset,</strong></span> <span class='ocrx_word' id='word_1_31' title='bbox 1052 706 1088 762; x_wconf 89' lang='lat' dir='ltr'><strong>ut</strong></span> <span class='ocrx_word' id='word_1_32' title='bbox 1115 700 1171 761; x_wconf 87' lang='lat' dir='ltr'><strong>sibi</strong></span> <span class='ocrx_word' id='word_1_33' title='bbox 1198 702 1292 762; x_wconf 84' lang='lat' dir='ltr'><strong>filiam</strong></span> 
     </span>
     <span class='ocr_line' id='line_1_5' title="bbox 141 791 1292 871; baseline -0.002 -18"><span class='ocrx_word' id='word_1_34' title='bbox 141 792 290 867; x_wconf 84' lang='lat' dir='ltr'><strong>redderet,</strong></span> <span class='ocrx_word' id='word_1_35' title='bbox 317 813 376 854; x_wconf 90' lang='lat' dir='ltr'><strong>nou</strong></span> <span class='ocrx_word' id='word_1_36' title='bbox 403 793 587 871; x_wconf 88' lang='lat' dir='ltr'><strong>impetrauit.</strong></span> <span class='ocrx_word' id='word_1_37' title='bbox 633 791 679 852; x_wconf 90' lang='lat' dir='ltr'><strong>Ob</strong></span> <span class='ocrx_word' id='word_1_38' title='bbox 706 793 738 852; x_wconf 92' lang='lat' dir='ltr'><strong>id</strong></span> <span class='ocrx_word' id='word_1_39' title='bbox 760 793 871 871; x_wconf 82' lang='lat' dir='ltr'><strong>Apollo</strong></span> <span class='ocrx_word' id='word_1_40' title='bbox 900 793 1062 853; x_wconf 83' lang='lat' dir='ltr'><strong>exercitum</strong></span> <span class='ocrx_word' id='word_1_41' title='bbox 1090 793 1153 854; x_wconf 90' lang='lat' dir='ltr'><strong>eius</strong></span> <span class='ocrx_word' id='word_1_42' title='bbox 1180 792 1292 869; x_wconf 90' lang='lat' dir='ltr'><strong>partim</strong></span> 
     </span>
    </p>
   </div>
   <div class='ocr_carea' id='block_1_3' title="bbox 44 878 1291 961">
    <p class='ocr_par' dir='ltr' id='par_1_3' title="bbox 44 878 1291 961">
     <span class='ocr_line' id='line_1_6' title="bbox 44 878 1291 961; baseline -0.002 -18"><span class='ocrx_word' id='word_1_43' title='bbox 44 878 46 882; x_wconf 44' lang='lat'><em>⁴</em></span> <span class='ocrx_word' id='word_1_44' title='bbox 143 884 221 943; x_wconf 84' lang='lat' dir='ltr'><strong>lame</strong></span> <span class='ocrx_word' id='word_1_45' title='bbox 245 882 354 959; x_wconf 87' lang='lat' dir='ltr'><strong>partim</strong></span> <span class='ocrx_word' id='word_1_46' title='bbox 378 883 481 944; x_wconf 89' lang='lat' dir='ltr'><strong>morbo</strong></span> <span class='ocrx_word' id='word_1_47' title='bbox 501 886 597 944; x_wconf 87' lang='lat' dir='ltr'><strong>totum</strong></span> <span class='ocrx_word' id='word_1_48' title='bbox 617 882 809 961; x_wconf 88' lang='lat' dir='ltr'><strong>consumpsit.</strong></span> <span class='ocrx_word' id='word_1_49' title='bbox 846 883 954 958; x_wconf 86' lang='lat' dir='ltr'><strong>ltaque</strong></span> <span class='ocrx_word' id='word_1_50' title='bbox 973 884 1178 961; x_wconf 77' lang='lat' dir='ltr'><strong>Agamemnon</strong></span> <span class='ocrx_word' id='word_1_51' title='bbox 1199 880 1291 958; x_wconf 77' lang='lat' dir='ltr'><strong>Chry·</strong></span> 
     </span>
    </p>
   </div>
   <div class='ocr_carea' id='block_1_4' title="bbox 142 968 1303 4450">
    <p class='ocr_par' dir='ltr' id='par_1_4' title="bbox 142 968 1296 2035">
     <span class='ocr_line' id='line_1_7' title="bbox 142 968 1293 1051; baseline -0.001 -19"><span class='ocrx_word' id='word_1_52' title='bbox 142 972 226 1034; x_wconf 86' lang='lat' dir='ltr'><strong>saida</strong></span> <span class='ocrx_word' id='word_1_53' title='bbox 248 971 407 1051; x_wconf 88' lang='lat' dir='ltr'><strong>grauidam</strong></span> <span class='ocrx_word' id='word_1_54' title='bbox 430 972 576 1034; x_wconf 87' lang='lat' dir='ltr'><strong>sacerdoti</strong></span> <span class='ocrx_word' id='word_1_55' title='bbox 598 968 735 1033; x_wconf 88' lang='lat' dir='ltr'><strong>remisit&#39;.</strong></span> <span class='ocrx_word' id='word_1_56' title='bbox 773 972 880 1049; x_wconf 88' lang='lat' dir='ltr'><strong>Itaque</strong></span> <span class='ocrx_word' id='word_1_57' title='bbox 901 974 1050 1047; x_wconf 70' lang='lat' dir='ltr'><strong>signatam</strong></span> <span class='ocrx_word' id='word_1_58' title='bbox 1071 973 1151 1032; x_wconf 87' lang='lat' dir='ltr'><strong>reete</strong></span> <span class='ocrx_word' id='word_1_59' title='bbox 1172 975 1293 1031; x_wconf 87' lang='lat' dir='ltr'><strong>enarrat</strong></span> 
     </span>
     <span class='ocr_line' id='line_1_8' title="bbox 143 1060 1292 1141; baseline -0.001 -20"><span class='ocrx_word' id='word_1_60' title='bbox 143 1063 271 1122; x_wconf 85' lang='lat' dir='ltr'><strong>Nouius:</strong></span> <span class='ocrx_word' id='word_1_61' title='bbox 299 1061 428 1138; x_wconf 89' lang='lat' dir='ltr'><strong>primum</strong></span> <span class='ocrx_word' id='word_1_62' title='bbox 456 1066 548 1141; x_wconf 88' lang='lat' dir='ltr'><strong>nogat</strong></span> <span class='ocrx_word' id='word_1_63' title='bbox 574 1081 625 1121; x_wconf 83' lang='lat' dir='ltr'><strong>rex</strong></span> <span class='ocrx_word' id='word_1_64' title='bbox 652 1081 683 1123; x_wconf 90' lang='lat' dir='ltr'><strong>se</strong></span> <span class='ocrx_word' id='word_1_65' title='bbox 710 1064 856 1122; x_wconf 85' lang='lat' dir='ltr'><strong>intactam</strong></span> <span class='ocrx_word' id='word_1_66' title='bbox 878 1060 1001 1121; x_wconf 84' lang='lat' dir='ltr'><strong>reddere</strong></span> <span class='ocrx_word' id='word_1_67' title='bbox 1024 1060 1171 1122; x_wconf 87' lang='lat' dir='ltr'><strong>sacerdoti</strong></span> <span class='ocrx_word' id='word_1_68' title='bbox 1198 1060 1292 1120; x_wconf 87' lang='lat' dir='ltr'><strong>filiam</strong></span> 
     </span>
     <span class='ocr_line' id='line_1_9' title="bbox 144 1144 1294 1233; baseline -0.002 -22"><span class='ocrx_word' id='word_1_69' title='bbox 144 1146 246 1233; x_wconf 87' lang='lat' dir='ltr'><strong>(Hom.</strong></span> <span class='ocrx_word' id='word_1_70' title='bbox 264 1152 292 1210; x_wconf 89' lang='lat' dir='ltr'><strong>A</strong></span> <span class='ocrx_word' id='word_1_71' title='bbox 313 1154 352 1211; x_wconf 85' lang='lat'><strong>31</strong></span> <span class='ocrx_word' id='word_1_72' title='bbox 378 1149 428 1212; x_wconf 79' lang='lat' dir='ltr'><strong>aul</strong></span> <span class='ocrx_word' id='word_1_73' title='bbox 450 1149 523 1230; x_wconf 78' lang='grc' dir='ltr'><strong><em>ἐμὸν</em></strong></span> <span class='ocrx_word' id='word_1_74' title='bbox 541 1147 621 1229; x_wconf 72' lang='grc' dir='ltr'><strong><em>λέχος</em></strong></span> <span class='ocrx_word' id='word_1_75' title='bbox 640 1144 830 1231; x_wconf 78' lang='grc' dir='ltr'>ἀντιόωσαν),</span> <span class='ocrx_word' id='word_1_76' title='bbox 853 1154 958 1228; x_wconf 87' lang='lat' dir='ltr'><strong>postea</strong></span> <span class='ocrx_word' id='word_1_77' title='bbox 977 1150 1136 1229; x_wconf 89' lang='lat' dir='ltr'><strong>grauidam</strong></span> <span class='ocrx_word' id='word_1_78' title='bbox 1154 1149 1294 1211; x_wconf 78' lang='lat' dir='ltr'><strong>reddidit</strong></span> 
     </span>
     <span class='ocr_line' id='line_1_10' title="bbox 143 1239 1295 1316; baseline -0.002 -15"><span class='ocrx_word' id='word_1_79' title='bbox 143 1240 237 1311; x_wconf 75' lang='lat' dir='ltr'><strong>Quem</strong></span> <span class='ocrx_word' id='word_1_80' title='bbox 250 1240 349 1301; x_wconf 90' lang='lat' dir='ltr'><strong>locum</strong></span> <span class='ocrx_word' id='word_1_81' title='bbox 363 1242 395 1300; x_wconf 91' lang='lat' dir='ltr'><strong>in</strong></span> <span class='ocrx_word' id='word_1_82' title='bbox 409 1242 512 1302; x_wconf 84' lang='lat' dir='ltr'><strong>lexicis</strong></span> <span class='ocrx_word' id='word_1_83' title='bbox 525 1242 682 1302; x_wconf 85' lang='lat' dir='ltr'><strong>conferunt</strong></span> <span class='ocrx_word' id='word_1_84' title='bbox 696 1241 819 1301; x_wconf 86' lang='lat' dir='ltr'><strong>Tertull.</strong></span> <span class='ocrx_word' id='word_1_85' title='bbox 834 1239 870 1300; x_wconf 89' lang='lat' dir='ltr'><strong>de</strong></span> <span class='ocrx_word' id='word_1_86' title='bbox 885 1241 997 1301; x_wconf 84' lang='lat' dir='ltr'><strong>exhort.</strong></span> <span class='ocrx_word' id='word_1_87' title='bbox 1012 1242 1084 1300; x_wconf 84' lang='lat' dir='ltr'><strong>cast</strong></span> <span class='ocrx_word' id='word_1_88' title='bbox 1093 1259 1158 1316; x_wconf 88' lang='lat' dir='ltr'><strong>cap.</strong></span> <span class='ocrx_word' id='word_1_89' title='bbox 1171 1239 1295 1300; x_wconf 80' lang='grc' dir='ltr'>19ιιιαᾶ.</span> 
     </span>
     <span class='ocr_line' id='line_1_11' title="bbox 145 1325 1293 1408; baseline -0.001 -18"><span class='ocrx_word' id='word_1_90' title='bbox 145 1325 275 1390; x_wconf 78' lang='lat' dir='ltr'><strong>‘assurim</strong></span> <span class='ocrx_word' id='word_1_91' title='bbox 306 1330 343 1390; x_wconf 90' lang='lat' dir='ltr'><strong>de</strong></span> <span class='ocrx_word' id='word_1_92' title='bbox 375 1331 477 1391; x_wconf 89' lang='lat' dir='ltr'><strong>uiduis</strong></span> <span class='ocrx_word' id='word_1_93' title='bbox 508 1330 565 1391; x_wconf 88' lang='lat' dir='ltr'><strong>fide</strong></span> <span class='ocrx_word' id='word_1_94' title='bbox 598 1331 765 1408; x_wconf 84' lang='lat' dir='ltr'><strong>pulchram,</strong></span> <span class='ocrx_word' id='word_1_95' title='bbox 800 1333 977 1408; x_wconf 86' lang='lat' dir='ltr'><strong>paupertate</strong></span> <span class='ocrx_word' id='word_1_96' title='bbox 1009 1329 1158 1404; x_wconf 60' lang='lat' dir='ltr'><strong>dotatam</strong></span> <span class='ocrx_word' id='word_1_97' title='bbox 1193 1331 1293 1390; x_wconf 88' lang='lat' dir='ltr'><strong>aetate</strong></span> 
     </span>
     <span class='ocr_line' id='line_1_12' title="bbox 144 1414 1294 1500; baseline 0.001 -22"><span class='ocrx_word' id='word_1_98' title='bbox 144 1414 316 1500; x_wconf 64' lang='lat' dir='ltr'><strong>signatam,</strong></span> <span class='ocrx_word' id='word_1_99' title='bbox 347 1421 374 1480; x_wconf 87' lang='lat' dir='ltr'><strong>is</strong></span> <span class='ocrx_word' id='word_1_100' title='bbox 406 1420 482 1480; x_wconf 88' lang='lat' dir='ltr'><strong>nihil</strong></span> <span class='ocrx_word' id='word_1_101' title='bbox 514 1420 572 1479; x_wconf 89' lang='lat' dir='ltr'><strong>huc</strong></span> <span class='ocrx_word' id='word_1_102' title='bbox 603 1421 684 1480; x_wconf 87' lang='lat' dir='ltr'><strong>facit.</strong></span> <span class='ocrx_word' id='word_1_103' title='bbox 730 1420 872 1480; x_wconf 85' lang='lat' dir='ltr'><strong>Verterat</strong></span> <span class='ocrx_word' id='word_1_104' title='bbox 902 1423 993 1496; x_wconf 90' lang='lat' dir='ltr'><strong>poeta</strong></span> <span class='ocrx_word' id='word_1_105' title='bbox 1023 1419 1202 1481; x_wconf 88' lang='lat' dir='ltr'><strong>uocabulum</strong></span> <span class='ocrx_word' id='word_1_106' title='bbox 1233 1422 1294 1496; x_wconf 84' lang='lat' dir='ltr'><strong>&#39;quo</strong></span> 
     </span>
     <span class='ocr_line' id='line_1_13' title="bbox 145 1500 1294 1592; baseline 0 -24"><span class='ocrx_word' id='word_1_107' title='bbox 145 1509 304 1585; x_wconf 71' lang='lat' dir='ltr'><strong>Euripides</strong></span> <span class='ocrx_word' id='word_1_108' title='bbox 327 1528 399 1569; x_wconf 85' lang='lat' dir='ltr'><strong>usus</strong></span> <span class='ocrx_word' id='word_1_109' title='bbox 422 1513 487 1571; x_wconf 87' lang='lat' dir='ltr'><strong>erat</strong></span> <span class='ocrx_word' id='word_1_110' title='bbox 505 1509 536 1569; x_wconf 93' lang='lat' dir='ltr'><strong>in</strong></span> <span class='ocrx_word' id='word_1_111' title='bbox 554 1509 726 1587; x_wconf 78' lang='lat' dir='ltr'><strong>Hypsipyle</strong></span> <span class='ocrx_word' id='word_1_112' title='bbox 744 1503 835 1592; x_wconf 73' lang='lat' dir='ltr'>(I&#39;GF</span> <span class='ocrx_word' id='word_1_113' title='bbox 857 1509 958 1570; x_wconf 76' lang='lat' dir='ltr'><strong>7th</strong></span> <span class='ocrx_word' id='word_1_114' title='bbox 977 1509 1014 1568; x_wconf 91' lang='lat' dir='ltr'><strong>od</strong></span> <span class='ocrx_word' id='word_1_115' title='bbox 1032 1500 1077 1590; x_wconf 79' lang='grc' dir='ltr'><strong>Π)</strong></span> <span class='ocrx_word' id='word_1_116' title='bbox 1100 1505 1221 1587; x_wconf 75' lang='grc' dir='ltr'><strong><em>εὔφημα</em></strong></span> <span class='ocrx_word' id='word_1_117' title='bbox 1244 1506 1294 1568; x_wconf 78' lang='grc' dir='ltr'><strong>καὶ</strong></span> 
     </span>
     <span class='ocr_line' id='line_1_14' title="bbox 145 1595 1294 1679; baseline -0.002 -20"><span class='ocrx_word' id='word_1_118' title='bbox 145 1607 183 1660; x_wconf 81' lang='grc' dir='ltr'><strong>σᾶ</strong></span> <span class='ocrx_word' id='word_1_119' title='bbox 209 1595 260 1658; x_wconf 72' lang='grc' dir='ltr'><strong>καὶ</strong></span> <span class='ocrx_word' id='word_1_120' title='bbox 290 1595 594 1679; x_wconf 67' lang='grc' dir='ltr'>κατεσφραγισμένα</span> <span class='ocrx_word' id='word_1_121' title='bbox 617 1604 720 1660; x_wconf 66' lang='lat' dir='ltr'><strong>numm</strong></span> <span class='ocrx_word' id='word_1_122' title='bbox 750 1601 830 1660; x_wconf 82' lang='lat' dir='ltr'><strong>recte</strong></span> <span class='ocrx_word' id='word_1_123' title='bbox 864 1601 1007 1660; x_wconf 83' lang='lat' dir='ltr'><strong>inseruit·</strong></span> <span class='ocrx_word' id='word_1_124' title='bbox 1028 1598 1227 1658; x_wconf 83' lang='lat' dir='ltr'><strong>Baehrensius</strong></span> <span class='ocrx_word' id='word_1_125' title='bbox 1264 1599 1294 1658; x_wconf 90' lang='lat' dir='ltr'><strong>ni</strong></span> 
     </span>
     <span class='ocr_line' id='line_1_15' title="bbox 146 1688 1296 1766; baseline 0.001 -20"><span class='ocrx_word' id='word_1_126' title='bbox 146 1688 235 1749; x_wconf 79' lang='lat' dir='ltr'><strong>fallor</strong></span> <span class='ocrx_word' id='word_1_127' title='bbox 261 1688 384 1764; x_wconf 84' lang='lat' dir='ltr'><strong>primus.</strong></span> <span class='ocrx_word' id='word_1_128' title='bbox 434 1688 569 1749; x_wconf 80' lang='lat' dir='ltr'><strong>Positum</strong></span> <span class='ocrx_word' id='word_1_129' title='bbox 596 1689 687 1749; x_wconf 85' lang='lat' dir='ltr'><strong>fuisse</strong></span> <span class='ocrx_word' id='word_1_130' title='bbox 714 1689 746 1748; x_wconf 92' lang='lat' dir='ltr'><strong>id</strong></span> <span class='ocrx_word' id='word_1_131' title='bbox 772 1688 853 1766; x_wconf 91' lang='lat' dir='ltr'><strong>quod</strong></span> <span class='ocrx_word' id='word_1_132' title='bbox 884 1689 940 1749; x_wconf 93' lang='lat' dir='ltr'><strong>hoc</strong></span> <span class='ocrx_word' id='word_1_133' title='bbox 972 1705 1060 1747; x_wconf 86' lang='lat' dir='ltr'><strong>uersu</strong></span> <span class='ocrx_word' id='word_1_134' title='bbox 1092 1690 1233 1747; x_wconf 82' lang='lat' dir='ltr'><strong>narratur</strong></span> <span class='ocrx_word' id='word_1_135' title='bbox 1247 1696 1249 1698; x_wconf 80' lang='grc'><strong>’</strong></span> <span class='ocrx_word' id='word_1_136' title='bbox 1264 1689 1296 1747; x_wconf 87' lang='lat' dir='ltr'><strong>iu</strong></span> 
     </span>
     <span class='ocr_line' id='line_1_16' title="bbox 145 1776 1295 1857; baseline -0.002 -19"><span class='ocrx_word' id='word_1_137' title='bbox 145 1778 271 1856; x_wconf 76' lang='lat' dir='ltr'><strong>prologo</strong></span> <span class='ocrx_word' id='word_1_138' title='bbox 294 1779 466 1856; x_wconf 86' lang='lat' dir='ltr'><strong>tragoediae</strong></span> <span class='ocrx_word' id='word_1_139' title='bbox 489 1781 720 1839; x_wconf 83' lang='lat' dir='ltr'><strong>consentaneum</strong></span> <span class='ocrx_word' id='word_1_140' title='bbox 743 1783 801 1839; x_wconf 87' lang='lat' dir='ltr'><strong>ost:</strong></span> <span class='ocrx_word' id='word_1_141' title='bbox 829 1776 914 1839; x_wconf 89' lang='lat' dir='ltr'><strong>cuius</strong></span> <span class='ocrx_word' id='word_1_142' title='bbox 942 1782 1150 1857; x_wconf 77' lang='lat' dir='ltr'><strong>argumentum</strong></span> <span class='ocrx_word' id='word_1_143' title='bbox 1173 1780 1295 1837; x_wconf 83' lang='lat' dir='ltr'><strong>enarrat</strong></span> 
     </span>
     <span class='ocr_line' id='line_1_17' title="bbox 146 1866 1295 1982; baseline -0.001 -55"><span class='ocrx_word' id='word_1_144' title='bbox 146 1866 325 1928; x_wconf 81' lang='lat' dir='ltr'><strong>Ribbechiue</strong></span> <span class='ocrx_word' id='word_1_145' title='bbox 348 1867 452 1929; x_wconf 79' lang='lat' dir='ltr'><strong>histor.</strong></span> <span class='ocrx_word' id='word_1_146' title='bbox 475 1874 554 1946; x_wconf 83' lang='lat' dir='ltr'><strong>p&#39;oee</strong></span> <span class='ocrx_word' id='word_1_147' title='bbox 578 1869 662 1928; x_wconf 89' lang='lat' dir='ltr'><strong>Rom.</strong></span> <span class='ocrx_word' id='word_1_148' title='bbox 681 1868 755 1928; x_wconf 91' lang='lat' dir='ltr'><strong>lad</strong></span> <span class='ocrx_word' id='word_1_149' title='bbox 772 1867 851 1944; x_wconf 86' lang='lat' dir='ltr'><strong>Hp.</strong></span> <span class='ocrx_word' id='word_1_150' title='bbox 873 1870 945 1927; x_wconf 89' lang='grc'><strong>171.</strong></span> <span class='ocrx_word' id='word_1_151' title='bbox 996 1866 1143 1927; x_wconf 83' lang='lat' dir='ltr'><strong>Fabulam</strong></span> <span class='ocrx_word' id='word_1_152' title='bbox 1172 1866 1295 1982; x_wconf 84' lang='lat' dir='ltr'><strong>eandem</strong></span> 
     </span>
     <span class='ocr_line' id='line_1_18' title="bbox 145 1957 793 2035; baseline 0.003 -19"><span class='ocrx_word' id='word_1_153' title='bbox 145 1957 268 2035; x_wconf 89' lang='lat' dir='ltr'><strong>respicit</strong></span> <span class='ocrx_word' id='word_1_154' title='bbox 289 1960 381 2034; x_wconf 88' lang='lat' dir='ltr'><strong>poeta</strong></span> <span class='ocrx_word' id='word_1_155' title='bbox 401 1957 453 2017; x_wconf 91' lang='lat' dir='ltr'><strong>lib.</strong></span> <span class='ocrx_word' id='word_1_156' title='bbox 472 1957 570 2018; x_wconf 85' lang='lat' dir='ltr'>XXVI</span> <span class='ocrx_word' id='word_1_157' title='bbox 588 1979 616 2017; x_wconf 95' lang='lat' dir='ltr'><strong>u</strong></span> <span class='ocrx_word' id='word_1_158' title='bbox 637 1959 793 2035; x_wconf 83' lang='lat' dir='ltr'><strong>653saqq.</strong></span> 
     </span>
    </p>

    <p class='ocr_par' dir='ltr' id='par_1_5' title="bbox 146 2038 1301 3111">
     <span class='ocr_line' id='line_1_19' title="bbox 236 2038 1297 2124; baseline -0.003 -17"><span class='ocrx_word' id='word_1_159' title='bbox 236 2038 319 2107; x_wconf 87' lang='grc'><strong>877</strong></span> <span class='ocrx_word' id='word_1_160' title='bbox 346 2047 514 2124; x_wconf 85' lang='lat' dir='ltr'><strong>Noniusp.</strong></span> <span class='ocrx_word' id='word_1_161' title='bbox 536 2049 587 2121; x_wconf 90' lang='grc'><strong>97,</strong></span> <span class='ocrx_word' id='word_1_162' title='bbox 598 2049 626 2107; x_wconf 99' lang='grc'>9</span> <span class='ocrx_word' id='word_1_163' title='bbox 655 2043 905 2107; x_wconf 79' lang='lat' dir='ltr'><strong>‘Extermiuatum</strong></span> <span class='ocrx_word' id='word_1_164' title='bbox 935 2049 981 2106; x_wconf 90' lang='lat' dir='ltr'><strong>est</strong></span> <span class='ocrx_word' id='word_1_165' title='bbox 1007 2049 1127 2123; x_wconf 85' lang='lat' dir='ltr'><strong>praeter</strong></span> <span class='ocrx_word' id='word_1_166' title='bbox 1153 2045 1297 2106; x_wconf 75' lang='lat' dir='ltr'><strong>termium</strong></span> 
     </span>
     <span class='ocr_line' id='line_1_20' title="bbox 147 2128 1297 2217; baseline -0.003 -20"><span class='ocrx_word' id='word_1_167' title='bbox 147 2136 277 2197; x_wconf 86' lang='lat' dir='ltr'><strong>missum.</strong></span> <span class='ocrx_word' id='word_1_168' title='bbox 306 2136 457 2196; x_wconf 86' lang='lat' dir='ltr'><strong>Lucilius</strong></span> <span class='ocrx_word' id='word_1_169' title='bbox 484 2137 535 2195; x_wconf 93' lang='lat' dir='ltr'><strong>lib</strong></span> <span class='ocrx_word' id='word_1_170' title='bbox 555 2130 866 2216; x_wconf 75' lang='lat' dir='ltr'><strong>xxv1111“ni(iu</strong></span> <span class='ocrx_word' id='word_1_171' title='bbox 884 2136 929 2195; x_wconf 86' lang='lat' dir='ltr'><strong>L:</strong></span> <span class='ocrx_word' id='word_1_172' title='bbox 951 2128 1038 2217; x_wconf 76' lang='grc'><strong>60)</strong></span> <span class='ocrx_word' id='word_1_173' title='bbox 1059 2135 1172 2195; x_wconf 88' lang='lat' dir='ltr'><strong>rediret</strong></span> <span class='ocrx_word' id='word_1_174' title='bbox 1199 2134 1237 2194; x_wconf 86' lang='lat' dir='ltr'><strong>ad</strong></span> <span class='ocrx_word' id='word_1_175' title='bbox 1265 2153 1297 2194; x_wconf 89' lang='lat' dir='ltr'><strong>se</strong></span> 
     </span>
     <span class='ocr_line' id='line_1_21' title="bbox 148 2221 1297 2302; baseline 0 -18"><span class='ocrx_word' id='word_1_176' title='bbox 148 2229 238 2302; x_wconf 89' lang='lat' dir='ltr'><strong>atque</strong></span> <span class='ocrx_word' id='word_1_177' title='bbox 260 2225 345 2285; x_wconf 86' lang='lat' dir='ltr'><strong>illam</strong></span> <span class='ocrx_word' id='word_1_178' title='bbox 368 2225 564 2286; x_wconf 85' lang='lat' dir='ltr'><strong>exterminare</strong></span> <span class='ocrx_word' id='word_1_179' title='bbox 587 2221 748 2286; x_wconf 79' lang='lat' dir='ltr'><strong>miseram&#39;’</strong></span> <span class='ocrx_word' id='word_1_180' title='bbox 753 2271 758 2284; x_wconf 93' lang='lat'>.</span> <span class='ocrx_word' id='word_1_181' title='bbox 762 2221 1012 2285; x_wconf 63' lang='lat' dir='ltr'><strong>&#39;criminant</strong></span> <span class='ocrx_word' id='word_1_182' title='bbox 1034 2224 1188 2299; x_wconf 76' lang='lat' dir='ltr'><strong>editiones,</strong></span> <span class='ocrx_word' id='word_1_183' title='bbox 1212 2225 1297 2284; x_wconf 84' lang='lat' dir='ltr'><strong>misc·</strong></span> 
     </span>
     <span class='ocr_line' id='line_1_22' title="bbox 146 2313 1299 2397; baseline -0.003 -22"><span class='ocrx_word' id='word_1_184' title='bbox 146 2318 225 2375; x_wconf 84' lang='lat' dir='ltr'><strong>riom</strong></span> <span class='ocrx_word' id='word_1_185' title='bbox 252 2313 451 2391; x_wconf 70' lang='lat' dir='ltr'><strong>Passeratius,</strong></span> <span class='ocrx_word' id='word_1_186' title='bbox 477 2319 629 2397; x_wconf 13' lang='lat' dir='ltr'><strong>*neumam*</strong></span> <span class='ocrx_word' id='word_1_187' title='bbox 651 2316 726 2377; x_wconf 82' lang='lat' dir='ltr'><strong>satis</strong></span> <span class='ocrx_word' id='word_1_188' title='bbox 757 2314 839 2375; x_wconf 90' lang='lat' dir='ltr'><strong>facit.</strong></span> <span class='ocrx_word' id='word_1_189' title='bbox 889 2313 968 2373; x_wconf 84' lang='lat' dir='ltr'><strong>Nam</strong></span> <span class='ocrx_word' id='word_1_190' title='bbox 999 2313 1166 2374; x_wconf 86' lang='lat' dir='ltr'><strong>infinitiuus</strong></span> <span class='ocrx_word' id='word_1_191' title='bbox 1198 2316 1299 2390; x_wconf 89' lang='lat' dir='ltr'><strong>potest</strong></span> 
     </span>
     <span class='ocr_line' id='line_1_23' title="bbox 147 2401 1297 2481; baseline -0.002 -17"><span class='ocrx_word' id='word_1_192' title='bbox 147 2404 275 2481; x_wconf 88' lang='lat' dir='ltr'><strong>pendere</strong></span> <span class='ocrx_word' id='word_1_193' title='bbox 298 2423 314 2462; x_wconf 91' lang='grc' dir='ltr'>α</span> <span class='ocrx_word' id='word_1_194' title='bbox 335 2402 429 2464; x_wconf 86' lang='lat' dir='ltr'><strong>uerbo</strong></span> <span class='ocrx_word' id='word_1_195' title='bbox 451 2405 532 2480; x_wconf 89' lang='lat' dir='ltr'><strong>quod</strong></span> <span class='ocrx_word' id='word_1_196' title='bbox 552 2406 666 2464; x_wconf 89' lang='lat' dir='ltr'><strong>eratin</strong></span> <span class='ocrx_word' id='word_1_197' title='bbox 684 2423 774 2463; x_wconf 84' lang='lat' dir='ltr'><strong>uersu</strong></span> <span class='ocrx_word' id='word_1_198' title='bbox 793 2403 929 2480; x_wconf 88' lang='lat' dir='ltr'><strong>sequenti</strong></span> <span class='ocrx_word' id='word_1_199' title='bbox 948 2405 979 2462; x_wconf 90' lang='lat' dir='ltr'><strong>et</strong></span> <span class='ocrx_word' id='word_1_200' title='bbox 997 2401 1183 2462; x_wconf 87' lang='lat' dir='ltr'><strong>desideratur</strong></span> <span class='ocrx_word' id='word_1_201' title='bbox 1200 2403 1297 2462; x_wconf 86' lang='lat' dir='ltr'><strong>ueluti</strong></span> 
     </span>
     <span class='ocr_line' id='line_1_24' title="bbox 148 2492 1301 2571; baseline -0.002 -18"><span class='ocrx_word' id='word_1_202' title='bbox 148 2513 183 2553; x_wconf 78' lang='grc' dir='ltr'><strong>αα</strong></span> <span class='ocrx_word' id='word_1_203' title='bbox 209 2496 333 2567; x_wconf 56' lang='lat' dir='ltr'><strong>ammos</strong></span> <span class='ocrx_word' id='word_1_204' title='bbox 353 2494 465 2554; x_wconf 88' lang='lat' dir='ltr'><strong>locutio</strong></span> <span class='ocrx_word' id='word_1_205' title='bbox 491 2495 599 2554; x_wconf 80' lang='lat' dir='ltr'><strong>rediret</strong></span> <span class='ocrx_word' id='word_1_206' title='bbox 626 2495 666 2555; x_wconf 82' lang='grc' dir='ltr'><em>αά</em></span> <span class='ocrx_word' id='word_1_207' title='bbox 692 2498 734 2553; x_wconf 85' lang='lat' dir='ltr'><strong>sc</strong></span> <span class='ocrx_word' id='word_1_208' title='bbox 755 2492 875 2571; x_wconf 87' lang='lat' dir='ltr'><strong>flagitat</strong></span> <span class='ocrx_word' id='word_1_209' title='bbox 900 2492 1002 2569; x_wconf 85' lang='lat' dir='ltr'><strong>potius</strong></span> <span class='ocrx_word' id='word_1_210' title='bbox 1032 2493 1198 2551; x_wconf 77' lang='grc' dir='ltr'>ιἰιααιιὶαιιιι</span> <span class='ocrx_word' id='word_1_211' title='bbox 1229 2493 1301 2556; x_wconf 81' lang='lat' dir='ltr'><strong>coni</strong></span> 
     </span>
     <span class='ocr_line' id='line_1_25' title="bbox 148 2580 1298 2661; baseline -0.002 -20"><span class='ocrx_word' id='word_1_212' title='bbox 148 2583 267 2643; x_wconf 86' lang='lat' dir='ltr'><strong>Terent.</strong></span> <span class='ocrx_word' id='word_1_213' title='bbox 286 2581 412 2660; x_wconf 85' lang='lat' dir='ltr'><strong>Adelph.</strong></span> <span class='ocrx_word' id='word_1_214' title='bbox 433 2585 496 2643; x_wconf 81' lang='lat'><strong>794</strong></span> <span class='ocrx_word' id='word_1_215' title='bbox 526 2580 671 2644; x_wconf 80' lang='lat' dir='ltr'><strong>‘Tandem</strong></span> <span class='ocrx_word' id='word_1_216' title='bbox 698 2585 827 2661; x_wconf 87' lang='lat' dir='ltr'><strong>reprimo</strong></span> <span class='ocrx_word' id='word_1_217' title='bbox 852 2580 1041 2642; x_wconf 77' lang='lat' dir='ltr'><strong>iratundiam</strong></span> <span class='ocrx_word' id='word_1_218' title='bbox 1072 2584 1163 2658; x_wconf 90' lang='lat' dir='ltr'><strong>atque</strong></span> <span class='ocrx_word' id='word_1_219' title='bbox 1195 2580 1237 2640; x_wconf 90' lang='lat' dir='ltr'><strong>ad</strong></span> <span class='ocrx_word' id='word_1_220' title='bbox 1266 2584 1298 2640; x_wconf 89' lang='lat' dir='ltr'><strong>te</strong></span> 
     </span>
     <span class='ocr_line' id='line_1_26' title="bbox 147 2664 1298 2746; baseline -0.003 -14"><span class='ocrx_word' id='word_1_221' title='bbox 147 2667 236 2746; x_wconf 79' lang='lat' dir='ltr'><strong>redi’3</strong></span> <span class='ocrx_word' id='word_1_222' title='bbox 260 2672 377 2734; x_wconf 87' lang='lat' dir='ltr'><strong>Lucret.</strong></span> <span class='ocrx_word' id='word_1_223' title='bbox 396 2672 440 2733; x_wconf 91' lang='lat' dir='ltr'><strong>IV</strong></span> <span class='ocrx_word' id='word_1_224' title='bbox 458 2675 522 2733; x_wconf 90' lang='grc'>996</span> <span class='ocrx_word' id='word_1_225' title='bbox 553 2669 657 2732; x_wconf 86' lang='lat' dir='ltr'><strong>‘donee</strong></span> <span class='ocrx_word' id='word_1_226' title='bbox 684 2671 826 2733; x_wconf 82' lang='lat' dir='ltr'><strong>discussis</strong></span> <span class='ocrx_word' id='word_1_227' title='bbox 852 2669 977 2731; x_wconf 87' lang='lat' dir='ltr'><strong>redeant</strong></span> <span class='ocrx_word' id='word_1_228' title='bbox 1005 2670 1153 2731; x_wconf 88' lang='lat' dir='ltr'><strong>erroribus</strong></span> <span class='ocrx_word' id='word_1_229' title='bbox 1180 2670 1218 2729; x_wconf 88' lang='lat' dir='ltr'><strong>ad</strong></span> <span class='ocrx_word' id='word_1_230' title='bbox 1246 2664 1298 2730; x_wconf 70' lang='lat' dir='ltr'><strong>se&#39;2·¹</strong></span> 
     </span>
     <span class='ocr_line' id='line_1_27' title="bbox 151 2755 1297 2822; baseline -0.004 0"><span class='ocrx_word' id='word_1_231' title='bbox 151 2763 235 2822; x_wconf 89' lang='grc'>1093</span> <span class='ocrx_word' id='word_1_232' title='bbox 261 2757 323 2821; x_wconf 81' lang='lat' dir='ltr'><strong>‘uir</strong></span> <span class='ocrx_word' id='word_1_233' title='bbox 347 2761 385 2821; x_wconf 88' lang='lat' dir='ltr'><strong>ad</strong></span> <span class='ocrx_word' id='word_1_234' title='bbox 408 2781 439 2821; x_wconf 89' lang='lat' dir='ltr'><strong>se</strong></span> <span class='ocrx_word' id='word_1_235' title='bbox 461 2757 598 2822; x_wconf 88' lang='lat' dir='ltr'><strong>redaunt&#39;</strong></span> <span class='ocrx_word' id='word_1_236' title='bbox 633 2760 691 2822; x_wconf 80' lang='lat' dir='ltr'><strong>(lic.</strong></span> <span class='ocrx_word' id='word_1_237' title='bbox 710 2760 804 2821; x_wconf 87' lang='lat' dir='ltr'><strong>diuiu.</strong></span> <span class='ocrx_word' id='word_1_238' title='bbox 823 2762 856 2820; x_wconf 91' lang='lat' dir='ltr'><strong>in</strong></span> <span class='ocrx_word' id='word_1_239' title='bbox 875 2758 982 2820; x_wconf 82' lang='lat' dir='ltr'><strong>ancil.</strong></span> <span class='ocrx_word' id='word_1_240' title='bbox 1002 2761 1042 2818; x_wconf 88' lang='grc'><strong>57</strong></span> <span class='ocrx_word' id='word_1_241' title='bbox 1071 2755 1173 2818; x_wconf 85' lang='lat' dir='ltr'><strong>‘rediit</strong></span> <span class='ocrx_word' id='word_1_242' title='bbox 1200 2758 1238 2818; x_wconf 87' lang='lat' dir='ltr'><strong>ad</strong></span> <span class='ocrx_word' id='word_1_243' title='bbox 1266 2764 1297 2818; x_wconf 73' lang='lat' dir='ltr'><strong>s&#39;e</strong></span> 
     </span>
     <span class='ocr_line' id='line_1_28' title="bbox 149 2847 1298 2930; baseline -0.004 -18"><span class='ocrx_word' id='word_1_244' title='bbox 149 2854 241 2928; x_wconf 84' lang='lat' dir='ltr'><strong>atque</strong></span> <span class='ocrx_word' id='word_1_245' title='bbox 262 2849 302 2911; x_wconf 87' lang='lat' dir='ltr'><strong>ad</strong></span> <span class='ocrx_word' id='word_1_246' title='bbox 324 2858 428 2912; x_wconf 88' lang='lat' dir='ltr'><strong>mores</strong></span> <span class='ocrx_word' id='word_1_247' title='bbox 443 2847 533 2927; x_wconf 81' lang='lat' dir='ltr'><strong>suos&#39;,</strong></span> <span class='ocrx_word' id='word_1_248' title='bbox 556 2871 632 2929; x_wconf 90' lang='lat' dir='ltr'><strong>quae</strong></span> <span class='ocrx_word' id='word_1_249' title='bbox 656 2851 748 2911; x_wconf 88' lang='lat' dir='ltr'><strong>uerba</strong></span> <span class='ocrx_word' id='word_1_250' title='bbox 770 2850 912 2930; x_wconf 85' lang='lat' dir='ltr'><strong>leguntur</strong></span> <span class='ocrx_word' id='word_1_251' title='bbox 933 2853 1090 2925; x_wconf 86' lang='lat' dir='ltr'><strong>tamquam</strong></span> <span class='ocrx_word' id='word_1_252' title='bbox 1113 2867 1182 2926; x_wconf 89' lang='lat' dir='ltr'><strong>pars</strong></span> <span class='ocrx_word' id='word_1_253' title='bbox 1203 2850 1298 2925; x_wconf 83' lang='lat' dir='ltr'><strong>sapte-</strong></span> 
     </span>
     <span class='ocr_line' id='line_1_29' title="bbox 149 2937 1298 3018; baseline -0.003 -16"><span class='ocrx_word' id='word_1_254' title='bbox 149 2942 243 3002; x_wconf 86' lang='lat' dir='ltr'><strong>uarii</strong></span> <span class='ocrx_word' id='word_1_255' title='bbox 281 2940 405 3017; x_wconf 90' lang='lat' dir='ltr'><strong>Proprie</strong></span> <span class='ocrx_word' id='word_1_256' title='bbox 428 2940 538 3000; x_wconf 88' lang='lat' dir='ltr'><strong>dicitur</strong></span> <span class='ocrx_word' id='word_1_257' title='bbox 560 2941 606 3001; x_wconf 90' lang='lat' dir='ltr'><strong>da</strong></span> <span class='ocrx_word' id='word_1_258' title='bbox 620 2943 663 3001; x_wconf 86' lang='lat' dir='ltr'><strong>eis</strong></span> <span class='ocrx_word' id='word_1_259' title='bbox 686 2942 777 3018; x_wconf 90' lang='lat' dir='ltr'><strong>quio</strong></span> <span class='ocrx_word' id='word_1_260' title='bbox 805 2939 908 2999; x_wconf 88' lang='lat' dir='ltr'><strong>morbo</strong></span> <span class='ocrx_word' id='word_1_261' title='bbox 937 2938 1035 3016; x_wconf 89' lang='lat' dir='ltr'><strong>qualis</strong></span> <span class='ocrx_word' id='word_1_262' title='bbox 1065 2940 1111 2999; x_wconf 87' lang='lat' dir='ltr'><strong>ost</strong></span> <span class='ocrx_word' id='word_1_263' title='bbox 1137 2937 1298 2998; x_wconf 83' lang='lat' dir='ltr'><strong>comitialis</strong></span> 
     </span>
     <span class='ocr_line' id='line_1_30' title="bbox 150 3022 1272 3111; baseline -0.003 -20"><span class='ocrx_word' id='word_1_264' title='bbox 150 3030 188 3091; x_wconf 90' lang='lat' dir='ltr'><strong>ad</strong></span> <span class='ocrx_word' id='word_1_265' title='bbox 211 3048 242 3091; x_wconf 87' lang='lat' dir='ltr'><strong>se</strong></span> <span class='ocrx_word' id='word_1_266' title='bbox 261 3031 392 3091; x_wconf 84' lang='lat' dir='ltr'><strong>redeunt</strong></span> <span class='ocrx_word' id='word_1_267' title='bbox 414 3025 502 3106; x_wconf 79' lang='lat' dir='ltr'><strong>(cels.</strong></span> <span class='ocrx_word' id='word_1_268' title='bbox 521 3031 577 3090; x_wconf 93' lang='lat' dir='ltr'><strong>III</strong></span> <span class='ocrx_word' id='word_1_269' title='bbox 586 3049 650 3109; x_wconf 87' lang='lat' dir='ltr'><strong>cap.</strong></span> <span class='ocrx_word' id='word_1_270' title='bbox 671 3022 845 3111; x_wconf 70' lang='lat' dir='ltr'><strong>cernit)</strong></span> <span class='ocrx_word' id='word_1_271' title='bbox 985 3066 991 3073; x_wconf 95' lang='lat'>-</span> <span class='ocrx_word' id='word_1_272' title='bbox 1055 3055 1056 3058; x_wconf 40' lang='lat'>¹</span> <span class='ocrx_word' id='word_1_273' title='bbox 1214 3047 1272 3088; x_wconf 75' lang='lat' dir='ltr'><strong>u</strong></span> 
     </span>
    </p>

    <p class='ocr_par' dir='ltr' id='par_1_6' title="bbox 150 3112 1301 4074">
     <span class='ocr_line' id='line_1_31' title="bbox 239 3112 1299 3199; baseline -0.004 -19"><span class='ocrx_word' id='word_1_274' title='bbox 239 3112 323 3181; x_wconf 88' lang='grc'><strong>878.</strong></span> <span class='ocrx_word' id='word_1_275' title='bbox 346 3120 513 3199; x_wconf 86' lang='lat' dir='ltr'><strong>Noniusp.</strong></span> <span class='ocrx_word' id='word_1_276' title='bbox 535 3122 668 3196; x_wconf 83' lang='grc'><strong>974,15</strong></span> <span class='ocrx_word' id='word_1_277' title='bbox 695 3115 876 3179; x_wconf 77' lang='lat' dir='ltr'><strong>‘Condacum</strong></span> <span class='ocrx_word' id='word_1_278' title='bbox 895 3121 941 3180; x_wconf 89' lang='lat' dir='ltr'><strong>ost</strong></span> <span class='ocrx_word' id='word_1_279' title='bbox 959 3117 1047 3178; x_wconf 86' lang='lat' dir='ltr'><strong>sicuti</strong></span> <span class='ocrx_word' id='word_1_280' title='bbox 1066 3137 1129 3179; x_wconf 86' lang='lat' dir='ltr'><strong>usu.</strong></span> <span class='ocrx_word' id='word_1_281' title='bbox 1166 3117 1299 3178; x_wconf 88' lang='lat' dir='ltr'><strong>Lucilius</strong></span> 
     </span>
     <span class='ocr_line' id='line_1_32' title="bbox 151 3203 1300 3289; baseline -0.001 -21"><span class='ocrx_word' id='word_1_282' title='bbox 151 3209 200 3269; x_wconf 93' lang='lat' dir='ltr'><strong>lib</strong></span> <span class='ocrx_word' id='word_1_283' title='bbox 220 3205 410 3270; x_wconf 79' lang='lat' dir='ltr'><strong>xxvnn“</strong></span> <span class='ocrx_word' id='word_1_284' title='bbox 412 3228 575 3289; x_wconf 88' lang='lat' dir='ltr'><strong>magno..</strong></span> <span class='ocrx_word' id='word_1_285' title='bbox 596 3203 840 3270; x_wconf 84' lang='lat' dir='ltr'><strong>.eonduxeris&#39;’.’</strong></span> <span class='ocrx_word' id='word_1_286' title='bbox 888 3207 987 3268; x_wconf 88' lang='lat' dir='ltr'><strong>Verba</strong></span> <span class='ocrx_word' id='word_1_287' title='bbox 1010 3226 1087 3267; x_wconf 85' lang='lat' dir='ltr'><strong>sana</strong></span> <span class='ocrx_word' id='word_1_288' title='bbox 1106 3227 1175 3268; x_wconf 87' lang='lat' dir='ltr'><strong>esse</strong></span> <span class='ocrx_word' id='word_1_289' title='bbox 1195 3207 1300 3268; x_wconf 86' lang='lat' dir='ltr'><strong>uiden·</strong></span> 
     </span>
     <span class='ocr_line' id='line_1_33' title="bbox 150 3289 1301 3401; baseline -0.001 -43"><span class='ocrx_word' id='word_1_290' title='bbox 150 3302 216 3359; x_wconf 90' lang='lat' dir='ltr'><strong>tur.</strong></span> <span class='ocrx_word' id='word_1_291' title='bbox 242 3298 396 3401; x_wconf 87' lang='lat' dir='ltr'><strong>praedium</strong></span> <span class='ocrx_word' id='word_1_292' title='bbox 421 3306 499 3360; x_wconf 87' lang='lat' dir='ltr'><strong>nunc</strong></span> <span class='ocrx_word' id='word_1_293' title='bbox 522 3319 631 3379; x_wconf 82' lang='lat' dir='ltr'><strong>magno</strong></span> <span class='ocrx_word' id='word_1_294' title='bbox 654 3299 710 3360; x_wconf 91' lang='lat' dir='ltr'><strong>tibi</strong></span> <span class='ocrx_word' id='word_1_295' title='bbox 734 3289 1109 3380; x_wconf 62' lang='lat' dir='ltr'><strong>excommunes),</strong></span> <span class='ocrx_word' id='word_1_296' title='bbox 1138 3316 1222 3357; x_wconf 89' lang='lat' dir='ltr'><strong>nunc</strong></span> <span class='ocrx_word' id='word_1_297' title='bbox 1240 3300 1301 3358; x_wconf 84' lang='lat' dir='ltr'><strong>uon</strong></span> 
     </span>
     <span class='ocr_line' id='line_1_34' title="bbox 151 3385 1301 3467; baseline -0.001 -19"><span class='ocrx_word' id='word_1_298' title='bbox 151 3406 291 3467; x_wconf 88' lang='lat' dir='ltr'><strong>maguam</strong></span> <span class='ocrx_word' id='word_1_299' title='bbox 321 3390 487 3465; x_wconf 83' lang='lat' dir='ltr'><strong>inpensam</strong></span> <span class='ocrx_word' id='word_1_300' title='bbox 510 3389 677 3466; x_wconf 82' lang='lat' dir='ltr'><strong>postulabit</strong></span> <span class='ocrx_word' id='word_1_301' title='bbox 707 3406 817 3467; x_wconf 86' lang='lat' dir='ltr'><strong>magno</strong></span> <span class='ocrx_word' id='word_1_302' title='bbox 850 3387 930 3464; x_wconf 89' lang='lat' dir='ltr'><strong>quod</strong></span> <span class='ocrx_word' id='word_1_303' title='bbox 963 3385 1157 3447; x_wconf 80' lang='lat' dir='ltr'><strong>conduxeris.</strong></span> <span class='ocrx_word' id='word_1_304' title='bbox 1190 3392 1301 3461; x_wconf 72' lang='grc' dir='ltr'>ιιιααιια</span> 
     </span>
     <span class='ocr_line' id='line_1_35' title="bbox 150 3474 1301 3556; baseline -0.002 -18"><span class='ocrx_word' id='word_1_305' title='bbox 150 3478 286 3545; x_wconf 60' lang='lat' dir='ltr'><strong>merome,</strong></span> <span class='ocrx_word' id='word_1_306' title='bbox 305 3480 342 3536; x_wconf 90' lang='lat' dir='ltr'><strong>ut</strong></span> <span class='ocrx_word' id='word_1_307' title='bbox 360 3477 420 3538; x_wconf 79' lang='lat' dir='ltr'><strong>(lic</strong></span> <span class='ocrx_word' id='word_1_308' title='bbox 439 3480 524 3556; x_wconf 89' lang='lat' dir='ltr'><strong>epist.</strong></span> <span class='ocrx_word' id='word_1_309' title='bbox 539 3479 563 3538; x_wconf 93' lang='lat'><strong>1·</strong></span> <span class='ocrx_word' id='word_1_310' title='bbox 575 3482 603 3554; x_wconf 90' lang='grc'><strong>9,</strong></span> <span class='ocrx_word' id='word_1_311' title='bbox 623 3480 641 3538; x_wconf 87' lang='grc'>3</span> <span class='ocrx_word' id='word_1_312' title='bbox 663 3474 725 3538; x_wconf 71' lang='lat' dir='ltr'><strong>‘Te</strong></span> <span class='ocrx_word' id='word_1_313' title='bbox 735 3480 837 3537; x_wconf 89' lang='lat' dir='ltr'><strong>autem</strong></span> <span class='ocrx_word' id='word_1_314' title='bbox 857 3479 914 3537; x_wconf 85' lang='lat' dir='ltr'><strong>etsi</strong></span> <span class='ocrx_word' id='word_1_315' title='bbox 932 3475 1078 3536; x_wconf 83' lang='grc' dir='ltr'>ιιιιιΙΙαιιι</span> <span class='ocrx_word' id='word_1_316' title='bbox 1070 3496 1102 3536; x_wconf 91' lang='grc' dir='ltr'><strong>ιιι</strong></span> <span class='ocrx_word' id='word_1_317' title='bbox 1120 3478 1206 3537; x_wconf 87' lang='lat' dir='ltr'><strong>meis</strong></span> <span class='ocrx_word' id='word_1_318' title='bbox 1212 3475 1301 3536; x_wconf 86' lang='lat' dir='ltr'><strong>rebus</strong></span> 
     </span>
     <span class='ocr_line' id='line_1_36' title="bbox 151 3565 1302 3645; baseline -0.001 -18"><span class='ocrx_word' id='word_1_319' title='bbox 151 3570 306 3645; x_wconf 81' lang='lat' dir='ltr'><strong>expertum</strong></span> <span class='ocrx_word' id='word_1_320' title='bbox 333 3585 424 3643; x_wconf 90' lang='lat' dir='ltr'><strong>quam</strong></span> <span class='ocrx_word' id='word_1_321' title='bbox 452 3569 579 3627; x_wconf 86' lang='lat' dir='ltr'><strong>etiam</strong></span> <span class='ocrx_word' id='word_1_322' title='bbox 571 3589 602 3627; x_wconf 91' lang='grc' dir='ltr'><strong>ιιι</strong></span> <span class='ocrx_word' id='word_1_323' title='bbox 630 3567 704 3643; x_wconf 86' lang='lat' dir='ltr'><strong>tuis,</strong></span> <span class='ocrx_word' id='word_1_324' title='bbox 736 3567 873 3627; x_wconf 68' lang='lat' dir='ltr'><strong>minen</strong></span> <span class='ocrx_word' id='word_1_325' title='bbox 862 3586 895 3625; x_wconf 88' lang='lat' dir='ltr'><strong>m</strong></span> <span class='ocrx_word' id='word_1_326' title='bbox 923 3565 1060 3625; x_wconf 84' lang='lat' dir='ltr'><strong>molestia</strong></span> <span class='ocrx_word' id='word_1_327' title='bbox 1087 3565 1203 3644; x_wconf 82' lang='lat' dir='ltr'><strong>gaudeo</strong></span> <span class='ocrx_word' id='word_1_328' title='bbox 1234 3584 1302 3626; x_wconf 83' lang='lat' dir='ltr'><strong>eam</strong></span> 
     </span>
     <span class='ocr_line' id='line_1_37' title="bbox 151 3653 1300 3735; baseline -0.001 -20"><span class='ocrx_word' id='word_1_329' title='bbox 151 3655 240 3716; x_wconf 86' lang='lat' dir='ltr'><strong>fidam</strong></span> <span class='ocrx_word' id='word_1_330' title='bbox 272 3674 414 3734; x_wconf 81' lang='lat' dir='ltr'><strong>cognosse</strong></span> <span class='ocrx_word' id='word_1_331' title='bbox 434 3658 599 3718; x_wconf 86' lang='lat' dir='ltr'><strong>hominum</strong></span> <span class='ocrx_word' id='word_1_332' title='bbox 631 3677 691 3719; x_wconf 90' lang='lat' dir='ltr'><strong>uou</strong></span> <span class='ocrx_word' id='word_1_333' title='bbox 722 3656 767 3716; x_wconf 90' lang='lat' dir='ltr'><strong>ita</strong></span> <span class='ocrx_word' id='word_1_334' title='bbox 798 3675 909 3735; x_wconf 88' lang='lat' dir='ltr'><strong>magna</strong></span> <span class='ocrx_word' id='word_1_335' title='bbox 939 3653 1086 3729; x_wconf 86' lang='lat' dir='ltr'><strong>mercede,</strong></span> <span class='ocrx_word' id='word_1_336' title='bbox 1122 3674 1213 3732; x_wconf 83' lang='lat' dir='ltr'><strong>quam</strong></span> <span class='ocrx_word' id='word_1_337' title='bbox 1238 3674 1300 3733; x_wconf 90' lang='lat' dir='ltr'><strong>ego</strong></span> 
     </span>
     <span class='ocr_line' id='line_1_38' title="bbox 152 3741 1301 3825; baseline -0.001 -21"><span class='ocrx_word' id='word_1_338' title='bbox 152 3744 281 3806; x_wconf 81' lang='lat' dir='ltr'><strong>maximo</strong></span> <span class='ocrx_word' id='word_1_339' title='bbox 309 3745 410 3807; x_wconf 87' lang='lat' dir='ltr'><strong>dolore</strong></span> <span class='ocrx_word' id='word_1_340' title='bbox 438 3742 608 3825; x_wconf 89' lang='lat' dir='ltr'><strong>ooguoram’</strong></span> <span class='ocrx_word' id='word_1_341' title='bbox 637 3746 674 3806; x_wconf 86' lang='lat' dir='ltr'><strong>de</strong></span> <span class='ocrx_word' id='word_1_342' title='bbox 700 3746 778 3806; x_wconf 90' lang='lat' dir='ltr'><strong>dom</strong></span> <span class='ocrx_word' id='word_1_343' title='bbox 800 3746 840 3806; x_wconf 92' lang='grc'><strong>99</strong></span> <span class='ocrx_word' id='word_1_344' title='bbox 870 3741 953 3806; x_wconf 88' lang='lat' dir='ltr'><strong>‘data</strong></span> <span class='ocrx_word' id='word_1_345' title='bbox 980 3763 1092 3805; x_wconf 88' lang='lat' dir='ltr'><strong>merces</strong></span> <span class='ocrx_word' id='word_1_346' title='bbox 1120 3748 1166 3804; x_wconf 88' lang='lat' dir='ltr'><strong>eet</strong></span> <span class='ocrx_word' id='word_1_347' title='bbox 1193 3745 1301 3804; x_wconf 85' lang='lat' dir='ltr'><strong>erroris</strong></span> 
     </span>
     <span class='ocr_line' id='line_1_39' title="bbox 152 3830 1301 3912; baseline -0.003 -16"><span class='ocrx_word' id='word_1_348' title='bbox 152 3837 211 3896; x_wconf 89' lang='lat' dir='ltr'><strong>mei</strong></span> <span class='ocrx_word' id='word_1_349' title='bbox 233 3830 354 3912; x_wconf 87' lang='lat' dir='ltr'><strong>magna‘</strong></span> <span class='ocrx_word' id='word_1_350' title='bbox 379 3835 465 3895; x_wconf 83' lang='lat' dir='ltr'><strong>Tusa</strong></span> <span class='ocrx_word' id='word_1_351' title='bbox 483 3837 530 3896; x_wconf 91' lang='lat' dir='ltr'><strong>III</strong></span> <span class='ocrx_word' id='word_1_352' title='bbox 551 3831 625 3897; x_wconf 94' lang='grc'>19</span> <span class='ocrx_word' id='word_1_353' title='bbox 626 3855 697 3896; x_wconf 91' lang='lat' dir='ltr'><strong>nam</strong></span> <span class='ocrx_word' id='word_1_354' title='bbox 719 3835 808 3896; x_wconf 86' lang='lat' dir='ltr'><strong>istuc</strong></span> <span class='ocrx_word' id='word_1_355' title='bbox 820 3834 896 3894; x_wconf 89' lang='lat' dir='ltr'><strong>nihil</strong></span> <span class='ocrx_word' id='word_1_356' title='bbox 914 3834 1014 3895; x_wconf 85' lang='lat' dir='ltr'><strong>dolare</strong></span> <span class='ocrx_word' id='word_1_357' title='bbox 1030 3852 1094 3893; x_wconf 92' lang='lat' dir='ltr'><strong>non</strong></span> <span class='ocrx_word' id='word_1_358' title='bbox 1110 3835 1173 3893; x_wconf 89' lang='lat' dir='ltr'><strong>siue</strong></span> <span class='ocrx_word' id='word_1_359' title='bbox 1192 3837 1301 3911; x_wconf 87' lang='lat' dir='ltr'><strong>magna</strong></span> 
     </span>
     <span class='ocr_line' id='line_1_40' title="bbox 152 3920 1301 4002; baseline -0.002 -19"><span class='ocrx_word' id='word_1_360' title='bbox 152 3921 286 3985; x_wconf 82' lang='lat' dir='ltr'><strong>rnercede</strong></span> <span class='ocrx_word' id='word_1_361' title='bbox 299 3920 468 4002; x_wconf 86' lang='lat' dir='ltr'><strong>contingit&#39;.</strong></span> <span class='ocrx_word' id='word_1_362' title='bbox 491 3926 646 4002; x_wconf 84' lang='lat' dir='ltr'><strong>Asyndeta</strong></span> <span class='ocrx_word' id='word_1_363' title='bbox 660 3925 772 3986; x_wconf 90' lang='lat' dir='ltr'><strong>similia</strong></span> <span class='ocrx_word' id='word_1_364' title='bbox 786 3925 858 3984; x_wconf 90' lang='lat' dir='ltr'><strong>sunt</strong></span> <span class='ocrx_word' id='word_1_365' title='bbox 873 3923 924 3984; x_wconf 93' lang='lat' dir='ltr'><strong>lib.</strong></span> <span class='ocrx_word' id='word_1_366' title='bbox 939 3924 967 3983; x_wconf 89' lang='lat' dir='ltr'>X</span> <span class='ocrx_word' id='word_1_367' title='bbox 980 3944 1008 3983; x_wconf 91' lang='grc' dir='ltr'><strong>ιι</strong></span> <span class='ocrx_word' id='word_1_368' title='bbox 1025 3923 1087 3983; x_wconf 85' lang='grc'><strong>387</strong></span> <span class='ocrx_word' id='word_1_369' title='bbox 1107 3923 1179 3982; x_wconf 85' lang='lat' dir='ltr'><strong>XVI</strong></span> <span class='ocrx_word' id='word_1_370' title='bbox 1193 3943 1226 3981; x_wconf 91' lang='grc' dir='ltr'>ιι.-</span> <span class='ocrx_word' id='word_1_371' title='bbox 1223 3924 1301 3982; x_wconf 81' lang='grc'>5-90</span> 
     </span>
     <span class='ocr_line' id='line_1_41' title="bbox 152 4013 638 4074; baseline 0 0"><span class='ocrx_word' id='word_1_372' title='bbox 152 4013 296 4074; x_wconf 85' lang='lat' dir='ltr'>XXVII</span> <span class='ocrx_word' id='word_1_373' title='bbox 278 4034 312 4073; x_wconf 79' lang='grc' dir='ltr'><strong>ιι,</strong></span> <span class='ocrx_word' id='word_1_374' title='bbox 329 4015 400 4074; x_wconf 87' lang='grc'><strong>700.</strong></span> <span class='ocrx_word' id='word_1_375' title='bbox 508 4038 510 4042; x_wconf 94' lang='grc'><em>·</em></span> <span class='ocrx_word' id='word_1_376' title='bbox 636 4041 638 4044; x_wconf 59' lang='grc'>’</span> 
     </span>
    </p>

    <p class='ocr_par' dir='ltr' id='par_1_7' title="bbox 153 4095 1303 4450">
     <span class='ocr_line' id='line_1_42' title="bbox 243 4095 1302 4182; baseline 0 -20"><span class='ocrx_word' id='word_1_377' title='bbox 243 4095 326 4165; x_wconf 85' lang='grc'><strong>879.</strong></span> <span class='ocrx_word' id='word_1_378' title='bbox 349 4103 518 4180; x_wconf 85' lang='lat' dir='ltr'><strong>Nouiusp.</strong></span> <span class='ocrx_word' id='word_1_379' title='bbox 538 4105 612 4178; x_wconf 84' lang='grc'>994,</span> <span class='ocrx_word' id='word_1_380' title='bbox 632 4105 673 4164; x_wconf 92' lang='grc'><strong>99</strong></span> <span class='ocrx_word' id='word_1_381' title='bbox 707 4099 898 4182; x_wconf 58' lang='lat' dir='ltr'><strong>‘Explorater</strong></span> <span class='ocrx_word' id='word_1_382' title='bbox 930 4100 1123 4178; x_wconf 87' lang='lat' dir='ltr'><strong>probare...</strong></span> <span class='ocrx_word' id='word_1_383' title='bbox 1143 4100 1302 4162; x_wconf 85' lang='lat' dir='ltr'><strong>.Lucilius</strong></span> 
     </span>
     <span class='ocr_line' id='line_1_43' title="bbox 153 4187 1302 4268; baseline -0.002 -16"><span class='ocrx_word' id='word_1_384' title='bbox 153 4192 203 4253; x_wconf 90' lang='lat' dir='ltr'><strong>lib.</strong></span> <span class='ocrx_word' id='word_1_385' title='bbox 219 4188 391 4252; x_wconf 82' lang='lat' dir='ltr'><strong>xxvnn‘</strong></span> <span class='ocrx_word' id='word_1_386' title='bbox 395 4187 519 4253; x_wconf 85' lang='lat' dir='ltr'><strong>certum</strong></span> <span class='ocrx_word' id='word_1_387' title='bbox 540 4238 589 4251; x_wconf 93' lang='grc'><strong>..</strong></span> <span class='ocrx_word' id='word_1_388' title='bbox 609 4188 755 4253; x_wconf 89' lang='lat' dir='ltr'><strong>omuia”.’</strong></span> <span class='ocrx_word' id='word_1_389' title='bbox 789 4192 966 4268; x_wconf 82' lang='lat' dir='ltr'><strong>Alloquitur</strong></span> <span class='ocrx_word' id='word_1_390' title='bbox 983 4189 1120 4251; x_wconf 89' lang='lat' dir='ltr'><strong>dominus</strong></span> <span class='ocrx_word' id='word_1_391' title='bbox 1139 4191 1302 4251; x_wconf 88' lang='lat' dir='ltr'><strong>delatorem</strong></span> 
     </span>
     <span class='ocr_line' id='line_1_44' title="bbox 153 4279 1302 4360; baseline -0.003 -18"><span class='ocrx_word' id='word_1_392' title='bbox 153 4285 206 4360; x_wconf 88' lang='lat' dir='ltr'><strong>qui</strong></span> <span class='ocrx_word' id='word_1_393' title='bbox 233 4301 301 4342; x_wconf 90' lang='lat' dir='ltr'><strong>cum</strong></span> <span class='ocrx_word' id='word_1_394' title='bbox 328 4281 515 4343; x_wconf 87' lang='lat' dir='ltr'><strong>dubitatione</strong></span> <span class='ocrx_word' id='word_1_395' title='bbox 544 4283 655 4343; x_wconf 80' lang='lat' dir='ltr'><strong>referat</strong></span> <span class='ocrx_word' id='word_1_396' title='bbox 676 4283 713 4343; x_wconf 91' lang='lat' dir='ltr'><strong>de</strong></span> <span class='ocrx_word' id='word_1_397' title='bbox 736 4281 891 4342; x_wconf 86' lang='lat' dir='ltr'><strong>fraudibus</strong></span> <span class='ocrx_word' id='word_1_398' title='bbox 918 4279 1143 4358; x_wconf 87' lang='lat' dir='ltr'><strong>dispensatoris:</strong></span> <span class='ocrx_word' id='word_1_399' title='bbox 1163 4299 1243 4340; x_wconf 88' lang='lat' dir='ltr'><strong>uera</strong></span> <span class='ocrx_word' id='word_1_400' title='bbox 1267 4279 1302 4340; x_wconf 88' lang='lat' dir='ltr'><strong>de</strong></span> 
     </span>
     <span class='ocr_line' id='line_1_45' title="bbox 154 4369 1303 4450; baseline -0.001 -17"><span class='ocrx_word' id='word_1_401' title='bbox 154 4390 189 4433; x_wconf 90' lang='lat' dir='ltr'><strong>eo</strong></span> <span class='ocrx_word' id='word_1_402' title='bbox 211 4373 317 4433; x_wconf 85' lang='lat' dir='ltr'><strong>referri</strong></span> <span class='ocrx_word' id='word_1_403' title='bbox 340 4372 413 4433; x_wconf 89' lang='lat' dir='ltr'><strong>dicit</strong></span> <span class='ocrx_word' id='word_1_404' title='bbox 429 4373 576 4448; x_wconf 80' lang='lat' dir='ltr'><strong>dominus,</strong></span> <span class='ocrx_word' id='word_1_405' title='bbox 596 4373 647 4449; x_wconf 89' lang='lat' dir='ltr'><strong>qui</strong></span> <span class='ocrx_word' id='word_1_406' title='bbox 661 4374 767 4433; x_wconf 18' lang='lat' dir='ltr'><strong>&#39;huam</strong></span> <span class='ocrx_word' id='word_1_407' title='bbox 790 4371 876 4431; x_wconf 90' lang='lat' dir='ltr'><strong>illum</strong></span> <span class='ocrx_word' id='word_1_408' title='bbox 899 4388 962 4431; x_wconf 90' lang='lat' dir='ltr'><strong>esse</strong></span> <span class='ocrx_word' id='word_1_409' title='bbox 985 4369 1096 4431; x_wconf 87' lang='lat' dir='ltr'><strong>dudum</strong></span> <span class='ocrx_word' id='word_1_410' title='bbox 1119 4370 1303 4450; x_wconf 88' lang='lat' dir='ltr'><strong>cognouerit.</strong></span> 
     </span>
    </p>
   </div>
   <div class='ocr_carea' id='block_1_5' title="bbox 184 4453 1303 4544">
    <p class='ocr_par' dir='ltr' id='par_1_8' title="bbox 184 4453 1303 4544">
     <span class='ocr_line' id='line_1_46' title="bbox 184 4453 1303 4544; baseline -0.001 -20"><span class='ocrx_word' id='word_1_411' title='bbox 184 4509 203 4515; x_wconf 20' lang='lat' dir='ltr'><strong>a</strong></span> <span class='ocrx_word' id='word_1_412' title='bbox 244 4453 327 4540; x_wconf 84' lang='grc'><strong>881.</strong></span> <span class='ocrx_word' id='word_1_413' title='bbox 351 4462 467 4523; x_wconf 82' lang='lat' dir='ltr'><strong>Nouius</strong></span> <span class='ocrx_word' id='word_1_414' title='bbox 490 4483 519 4544; x_wconf 86' lang='lat' dir='ltr'><strong>p.</strong></span> <span class='ocrx_word' id='word_1_415' title='bbox 538 4463 590 4538; x_wconf 82' lang='grc'><strong>36,</strong></span> <span class='ocrx_word' id='word_1_416' title='bbox 611 4463 651 4524; x_wconf 86' lang='grc'><strong>18</strong></span> <span class='ocrx_word' id='word_1_417' title='bbox 677 4458 820 4543; x_wconf 69' lang='lat' dir='ltr'><strong>‘Emungi</strong></span> <span class='ocrx_word' id='word_1_418' title='bbox 842 4480 877 4522; x_wconf 83' lang='lat' dir='ltr'><strong>ex</strong></span> <span class='ocrx_word' id='word_1_419' title='bbox 899 4461 1059 4524; x_wconf 78' lang='lat' dir='ltr'><strong>manifesta</strong></span> <span class='ocrx_word' id='word_1_420' title='bbox 1085 4459 1303 4542; x_wconf 82' lang='lat' dir='ltr'><strong>significatione</strong></span> 
     </span>
    </p>
   </div>
   <div class='ocr_carea' id='block_1_6' title="bbox 0 0 1538 5004">
    <p class='ocr_par' dir='ltr' id='par_1_9' title="bbox 0 0 1538 5004">
     <span class='ocr_line' id='line_1_47' title="bbox 0 0 1538 5004; baseline 0 0"><span class='ocrx_word' id='word_1_421' title='bbox 0 0 1538 5004; x_wconf 95' lang='lat' dir='ltr'><strong> </strong></span> 
     </span>
    </p>
   </div>
  </div>
 </body>
</html>
