3000 5002
202 330 269 395 360
563 327 660 383 incon.
681 326 738 382 sed.
757 344 784 380 u.
805 331 990 381 nse-11³7.

202 499 346 559 tribuitur
366 499 574 577 fragmentum,
597 499 722 556 temere:
745 498 784 556 sit
801 496 951 556 wadium
973 496 1072 556 editur
1089 495 1169 573 apud
1189 497 1368 572 Thilonem,

202 607 314 664 errore,
347 591 381 647 ut
417 587 549 647 uidetur:
586 586 695 646 climax
729 586 927 645 masculinum
963 604 1026 646 esse
1063 589 1163 646 censet
1194 587 1368 647 scholiasta

202 679 417 758 grammaticae
440 695 552 736 memor
574 675 700 735 Latinae
725 666 794 756 (GL
814 674 842 730 V
864 696 893 752 p.
909 677 984 750 425,
1004 669 1108 758 2111).

294 758 399 828 1134.
429 765 512 826 OGL
531 765 559 822 V
581 786 610 842 p.
626 766 703 838 233,
724 767 763 823 21
794 784 859 825 su.
892 766 955 841 pile
988 757 1038 847 (ex
1071 764 1207 825 Suetonii
1239 765 1366 825 ludicra

202 853 379 933 historia?):
404 852 590 932 ‘peritissimi
612 855 726 914 lusores
748 853 846 913 habiti
868 857 938 914 simt
957 853 1075 915 coelius
1097 855 1193 930 adque
1213 854 1365 915 Veturius

203 938 347 1028 (scurrus
374 938 452 1026 cod).
502 944 547 1003 De
579 943 679 1004 Coelio
707 943 749 1004 sic
776 943 850 1002 dicit
877 943 1010 1004 Lucilius
1039 940 1194 1018 “Coelius‚
1218 944 1365 1005 conlusor

203 1034 332 1109 Galloni,
351 1053 461 1108 scurra,
480 1036 632 1112 trigonum
651 1052 718 1093 cum
736 1032 829 1106 ludet,
849 1033 929 1094 solus
949 1052 965 1088 e
985 1053 1000 1086 e
1022 1052 1037 1088 *
1057 1034 1141 1093 ludet
1159 1037 1190 1092 et
1209 1030 1363 1094 eludet”.'

203 1125 307 1184 Edidit
336 1125 393 1184 hoc
425 1124 624 1200 fragmentum
656 1122 769 1198 primus
802 1121 1050 1200 (jundarmannus
1082 1123 1157 1182 Mus
1181 1123 1274 1183 Rhen.
1291 1122 1365 1183 XLI

206 1215 289 1274 1886
318 1234 347 1290 p.
368 1215 432 1272 632
461 1212 513 1289 qui
544 1212 669 1272 delendo
701 1212 794 1270 uerba
825 1231 929 1291 cogere
960 1211 1108 1272 studuerit
1139 1214 1171 1271 in
1203 1232 1363 1273 numeros:

204 1322 259 1382 ego
282 1303 502 1379 transponendo
526 1321 561 1362 ea
584 1319 689 1361 seuere
719 1301 885 1378 malueram
908 1302 984 1362 stud.
1004 1301 1131 1361 Vindob.
1146 1301 1249 1361 XVIII
1272 1303 1361 1362 1896

203 1414 231 1470 p.
248 1395 311 1453 309
333 1388 425 1452 ‘solus
443 1391 527 1452 ludet
545 1393 576 1450 11
594 1391 695 1451 eludet
712 1409 779 1450 cum
797 1387 901 1450 ludet’.
938 1392 1025 1450 Nunc
1043 1392 1123 1450 malo
1142 1392 1363 1452 Buechelerum

206 1485 325 1542 secutus
343 1482 481 1542 lacunam
501 1484 632 1540 statuere
651 1499 711 1556 qua
727 1479 763 1540 de
777 1482 927 1540 sententie
940 1479 1079 1541 Gcetzius
1093 1482 1212 1540 rettulit
1225 1481 1362 1541 thesaur.

205 1573 292 1650 gloss.
312 1570 424 1631 emend.
445 1590 466 1630 s.
481 1590 509 1628 u.
524 1569 599 1645 pilu.
646 1568 732 1629 Solus
766 1569 817 1629 ille
849 1570 928 1630 ludet
959 1574 986 1630 ct
1015 1571 1108 1629 eludet
1139 1569 1170 1629 id
1198 1574 1244 1630 est
1277 1571 1363 1630 solus

204 1662 298 1738 pilam
320 1661 411 1719 iaciet
433 1661 521 1719 simul
545 1662 576 1717 et
598 1661 709 1718 iactam
732 1658 769 1717 ab
794 1659 853 1718 elio
876 1659 1002 1735 repellet
1024 1660 1160 1734 sinistra,
1184 1679 1243 1735 qua
1266 1658 1304 1718 de
1327 1680 1363 1720 re

204 1750 273 1809 uide
292 1748 530 1825 Marquardtium
544 1748 677 1807 Meuium
691 1748 728 1807 de
746 1749 811 1807 uita
829 1748 950 1824 priuato
964 1769 992 1826 p.
1009 1749 1043 1807 R.
1058 1770 1086 1826 p.
1104 1749 1177 1823 844,
1192 1752 1221 1809 9.
1258 1747 1362 1808 Codex

204 1840 284 1899 recte
308 1840 454 1913 tripomem
476 1841 495 1897 i.
510 1856 534 1897 e.
558 1836 702 1917 τρίγωνον
724 1839 836 1912 lusum,
864 1838 943 1913 quod
970 1840 1040 1898 nolo
1067 1841 1184 1898 mutare
1212 1838 1362 1899 editorem

205 1927 371 2005 principem
393 1929 519 2002 secutus,
539 1928 592 2002 qui
610 1928 761 2003 scripserit
779 1928 925 2002 erponem.
968 1927 1055 1987 Solus
1074 1927 1223 1988 Martialis
1242 1930 1361 2002 {ripario

206 2020 346 2092 iriponcm
377 2018 486 2092 tripouc
513 2016 646 2092 scripsit,
679 2016 751 2075 alibi
782 2017 838 2075 hoc
869 2017 1093 2077 substautiuum
1126 2037 1185 2076 non
1215 2019 1299 2078 extat
1322 2039 1361 2078 ne

206 2106 286 2183 apud
319 2104 445 2166 Graecos
482 2105 615 2182 quidem,
649 2108 859 2182 praeterquam
896 2106 975 2182 quod
1008 2105 1166 2166 Horatium
1205 2109 1362 2184 scripsisse

207 2195 366 2255 secundum
398 2195 528 2255 codicem
560 2195 645 2253 illum
672 2195 904 2255 Blandinieuum
936 2195 1068 2255 traditur
1099 2195 1273 2271 sermIti,
1294 2199 1360 2256 126

207 2286 358 2358 imumque
384 2288 531 2360 triponcm.
578 2282 643 2353 Quo
669 2283 734 2344 loco
761 2303 867 2345 uereor
893 2305 931 2345 ue
959 2284 1106 2361 quuius
1133 2284 1237 2345 eodem
1268 2285 1361 2346 modo

207 2374 295 2434 sicuti
326 2374 423 2434 editor
453 2374 542 2433 huius
568 2375 730 2451 fragmenti
756 2375 894 2450 princeps
922 2374 941 2435 l.
957 2393 978 2434 s.
1011 2394 1071 2434 non
1103 2376 1216 2434 curarit
1247 2375 1360 2436 codicis

206 2464 363 2524 lectionem
390 2465 547 2538 triponiae,
575 2463 653 2539 quod
676 2464 882 2523 Heinrichium
909 2466 973 2523 iure
1003 2482 1057 2524 suo
1079 2464 1246 2525 restituisse
1269 2464 1360 2525 uideo

207 2572 274 2612 cum
306 2552 487 2612 adiectiuum
518 2553 635 2630 flagitet
667 2555 869 2632 grammatica.
926 2552 1043 2613 Coelius
1082 2553 1132 2613 ille
1165 2573 1267 2613 scurra
1299 2573 1362 2615 nou

207 2643 286 2703 idem
314 2645 379 2701 erat
407 2645 497 2718 atque
524 2641 633 2702 Lucilii
661 2642 773 2702 amicus
795 2643 832 2701 N.
849 2641 967 2703 Caelius
996 2644 1249 2703 1111111295
1274 2636 1360 2722 (uide

208 2732 258 2792 lib.
272 2732 354 2791 XXX
373 2752 400 2789 u.
418 2724 518 2811 1079)
548 2751 643 2807 neque
667 2730 698 2791 0.
714 2730 831 2791 Caelius
854 2732 943 2792 iudex
967 2734 1019 2808 qui
1042 2735 1224 2792 memoratur
1247 2733 1359 2794 rhetor.

209 2822 247 2880 ad
265 2822 334 2880 Her.
348 2820 379 2879 Π
400 2822 450 2895 13,
471 2823 520 2880 19.
565 2820 610 2880 Ι)1
634 2817 771 2880 Gallonio
794 2821 863 2880 uide
886 2821 925 2881 ad
947 2822 1212 2881 incert.u.1238.

300 2902 405 2972 1137.
425 2907 601 2970 Consentius
620 2909 675 2969 GL
690 2909 718 2968 V
731 2931 760 2987 p.
776 2911 849 2985 390,
865 2910 944 2970 33ss
963 2910 999 2970 de
1017 2913 1106 2971 tmesi
1124 2907 1227 2972 ‘aliem
1241 2913 1362 2988 partem

209 3000 272 3058 eius
295 3018 357 3060 esse
375 2998 487 3072 dicunt,
510 3018 579 3058 cum
597 2998 649 3058 uni
667 3001 748 3076 parti
767 3001 912 3060 orationis
934 3001 1109 3060 immittitur
1125 3020 1195 3077 pers
1215 3001 1362 3060 orationis

210 3089 279 3162 alia,
303 3105 380 3164 quae
401 3090 447 3147 111
468 3090 500 3147 in
524 3089 621 3148 medio
644 3091 698 3164 111,
721 3091 756 3148 11
778 3089 846 3149 illes
870 3090 944 3149 duas
967 3092 1082 3166 pertas,
1106 3091 1212 3166 quibus
1235 3091 1362 3150 ctrcum·

210 3178 306 3238 cincta
335 3180 392 3253 111,
420 3195 536 3237 necesse
564 3177 605 3237 sit
633 3196 721 3239 sensu
740 3181 830 3255 etque
854 3179 1006 3239 auditione
1030 3180 1179 3259 coniungi,
1202 3180 1291 3256 quale
1315 3185 1363 3240 est

210 3261 347 3342 “septem
370 3266 503 3326 subiecta
521 3262 637 3327 trioni”
657 3286 712 3345 pro
731 3269 936 3345 septemtrioui
955 3261 1081 3350 (Vergil.
1099 3287 1199 3348 georg.
1213 3269 1260 3327 III
1280 3263 1362 3351 381)

210 3360 240 3415 11
268 3350 405 3432 “conque
433 3352 642 3416 tubernalem’'
675 3376 730 3434 pro
759 3358 1015 3434 contubemalem‚
1048 3378 1106 3435 quo
1136 3359 1269 3418 Lucilius
1301 3350 1364 3440 (ita

210 3443 379 3504 Cramerus:
398 3445 493 3504 lucius
512 3439 580 3527 cod)
599 3449 631 3505 in
650 3449 746 3506 metro
766 3449 866 3507 crebro
885 3443 1001 3508 utitur’.
1038 3449 1116 3508 Vide
1134 3448 1221 3508 indic.
1236 3467 1362 3525 gramm.

211 3553 232 3595 s.
247 3554 275 3592 u.
309 3536 412 3594 haesis
469 3533 589 3594 celebre
621 3537 653 3594 in
685 3536 741 3595 hac
773 3538 861 3597 tmesi
893 3538 1059 3597 enarranda
1098 3540 1130 3597 in
1164 3536 1263 3596 Gallia
1296 3542 1364 3598 erat

210 3621 320 3683 Lucilii
346 3642 466 3683 nomen:
499 3625 609 3701 ineptit
636 3625 785 3686 Ausonius
816 3626 900 3702 epist.
915 3627 987 3686 XVI
1007 3629 1047 3687 35
1078 3619 1120 3709 (p.
1137 3627 1200 3686 254
1228 3620 1363 3708 Peiperi)

211 3708 355 3773 ‘inuenies
379 3715 498 3789 praesto
521 3713 678 3774 subiuncta
700 3717 847 3791 petorrita
869 3716 972 3776 mulis:
995 3717 1070 3777 uilla
1097 3715 1210 3776 Lucani
1228 3746 1273 3757 —
1292 3735 1363 3776 mox

211 3802 334 3880 potieris
363 3835 404 3842 —
433 3822 499 3878 aco,
526 3805 651 3864 rescisso
679 3803 759 3865 disce
789 3800 881 3884 (hcc)
903 3825 1067 3883 conponere
1091 3807 1209 3866 nomine
1232 3824 1363 3884 uersum,

211 3892 308 3951 Lucili
339 3893 419 3951 uatis
450 3894 493 3952 sic
525 3893 660 3952 imitator
687 3889 766 3967 eris',
799 3895 951 3974 llugenius
978 3895 1105 3972 denique
1129 3896 1291 3955 Toletsuus
1314 3894 1363 3956 his

211 3983 333 4059 ineptus
370 3983 463 4042 fretus
499 3982 649 4062 integrum
682 4002 801 4043 carmen
833 3986 1000 4061 composuit
1034 3987 1067 4044 in
1097 4004 1155 4061 quo
1191 4003 1293 4044 uersus
1326 4004 1365 4046 ea

212 4071 327 4131 ratione
351 4090 440 4147 quam
463 4071 573 4131 Lucilii
596 4075 747 4150 propriam
771 4073 934 4133 arbitratur
957 4070 1058 4151 (carm.
1073 4074 1176 4134 XXIII
1190 4066 1224 4155 9)
1248 4073 1364 4133 dirum-

212 4163 332 4236 puntur.
382 4160 477 4221 Immo
505 4161 637 4221 Ennium
664 4164 774 4223 rectius
806 4166 870 4221 erat
896 4164 928 4221 iu
954 4164 1012 4222 hac
1039 4184 1070 4222 re
1099 4167 1248 4223 auctorem
1267 4165 1364 4223 uomi-

212 4268 282 4308 uare
314 4268 404 4325 quam
435 4249 594 4310 Lucilium.
650 4250 899 4311 Contubernalem
931 4250 1077 4329 ScipionIs
1114 4253 1192 4312 bello
1228 4251 1363 4313 Numan·

211 4337 276 4397 tino
299 4355 362 4397 sese
389 4340 489 4415 ipsum
516 4342 636 4400 uidetur
666 4341 831 4417 appellasse
854 4340 988 4402 Lucilius
1011 4360 1069 4417 quo
1093 4342 1129 4400 de
1152 4343 1270 4401 nomine
1294 4345 1368 4402 conf

211 4427 410 4488 Mommsenus
442 4428 478 4488 de
510 4431 576 4490 iure
607 4430 727 4506 publico
755 4429 862 4506 pltl
891 4423 976 4511 (edit.
994 4431 1041 4489 III
1071 4423 1170 4512 1887)
1199 4450 1227 4507 p.
1243 4432 1321 4508 510,
1345 4437 1361 4492 1
