3036 5004
225 337 288 402 298
535 313 537 317 ’
645 335 735 389 xxix
753 353 780 390 u.
800 341 947 391 ssi-sss.

224 510 335 566 manat.
372 505 504 566 Lucilius
523 505 574 565 lib.
593 504 738 564 XXVIIII
762 500 815 563 “in
835 506 929 566 331113
946 524 1028 582 spem
1047 524 1109 566 esse
1128 524 1245 564 omnem
1264 507 1374 584 333313

218 614 335 671 possem
359 598 475 669 emuups'
502 589 601 654 uolo”.
638 594 794 654 Terentius
817 585 1046 675 (11333682)
1075 589 1219 654 “emunxi
1247 598 1374 673 argento

223 680 367 746 senem'‘.'
405 684 568 744 Menander
585 686 630 745 ita
648 684 750 761 posuit
768 680 958 763 duopdscstv:
981 683 1057 744 GAF
1071 685 1117 744 III
1134 704 1163 761 p.
1182 686 1254 759 142,
1268 686 1333 744 493
1344 684 1373 743 Κ

222 771 317 856 γέρων
339 766 558 853 ἀπε<μὲ>μυκτ’
584 770 690 846 libicos
713 770 836 852 λέμφοςε
859 773 933 833 Poll.
952 774 984 833 Π
1004 775 1044 832 78
1068 771 1127 852 ἤδη
1151 770 1183 834 δέ
1209 794 1284 845 τινες
1312 782 1374 833 τῶν

223 871 362 942 κωμικῶν
385 862 418 924 sb
439 860 488 924 331
511 860 606 943 κέρδει
628 860 774 935 ἐξαπατᾶν
796 859 974 940 3133μύ3333
996 855 1088 923 eluse.
1127 863 1204 922 Item
1224 861 1374 923 Caecilius

222 954 342 1014 uidetur
375 954 430 1013 hoc
467 971 537 1012 usus
574 971 636 1013 esse
673 952 819 1013 uocabulo
851 946 940 1034 (GRF
964 953 999 1011 ed
1024 955 1043 1012 3
1067 973 1095 1029 p.
1117 955 1158 1013 93
1177 947 1373 1034 xxxvsss)

222 1063 312 1120 quem
335 1045 451 1120 spectat
468 1042 612 1102 Horatius
631 1042 667 1100 de
686 1046 741 1102 art.
761 1045 839 1119 poet.
861 1044 924 1102 238
945 1037 1081 1118 ‘Pythias
1100 1045 1235 1103 emuncto
1254 1043 1374 1102 lucrata

223 1133 343 1193 Simone
366 1125 535 1204 talentum’.
572 1131 672 1191 Etiam
696 1133 778 1192 tolus
796 1131 974 1192 uocabulum
993 1151 1028 1190 er
1047 1132 1199 1193 comoedia
1217 1135 1373 1210 sumptum

222 1215 354 1302 (Terent.
374 1222 483 1282 Heaut.
503 1222 581 1284 673:
617 1221 715 1281 Pleut.
738 1221 824 1281 Poen.
845 1224 905 1282 101
947 1215 1081 1300 ‘tangere
1118 1222 1268 1281 hominem
1305 1221 1374 1280 uolt

222 1305 390 1394 3313’).-
411 1311 574 1387 (licepist.
594 1311 652 1370 XII
673 1315 700 1386 1,
723 1315 739 1371 1
766 1306 862 1370 ‘cuius
886 1313 982 1370 omnis
1005 1330 1072 1388 spes
1095 1312 1127 1370 iu
1155 1309 1240 1371 uobis
1268 1314 1375 1371 estet

222 1404 254 1461 in
277 1402 312 1462 D.
332 1396 448 1460 Bruto'.

312 1483 395 1552 882.
423 1490 538 1550 Nonius
566 1510 593 1566 p.
614 1492 692 1564 472,
717 1491 735 1549 ὃ
770 1486 933 1567 ‘Palpatua
988 1489 1132 1549 Lucilius·¹
1155 1489 1206 1548 lib.
1225 1489 1372 1549 XXVIIII

223 1575 295 1640 “hic
318 1599 363 1639 mc
385 1581 436 1640 ubl
458 1578 541 1639 uidet
564 1578 773 1640 subblanditur
790 1581 935 1654 palpetur
959 1583 1051 1656 caput
1077 1573 1218 1639 scabit”.'
1265 1579 1373 1638 Festus

222 1690 250 1746 p.
271 1672 344 1744 210,
365 1671 405 1730 18
426 1665 565 1730 ‘Pedibus
584 1668 723 1743 obsitum,
746 1669 777 1728 id
796 1672 842 1728 est
858 1668 1004 1747 pediculis
1024 1715 1029 1726 .
1047 1715 1074 1726 ..
1094 1672 1124 1727 et
1142 1667 1275 1728 Lucilius
1295 1663 1373 1728 “ubi

222 1778 268 1818 mc
290 1758 373 1828 uidit,
396 1761 488 1835 caput
510 1757 618 1833 scabit,
645 1758 735 1835 pedes
758 1753 878 1837 legit”.'
916 1758 1030 1818 Eadem
1052 1776 1128 1834 quae
1152 1757 1258 1817 Festus
1280 1756 1375 1817 habet

222 1848 332 1909 Paulus
355 1849 418 1909 sine
442 1850 561 1908 nomine
584 1851 689 1925 poetae
714 1849 839 1908 confusa
861 1867 928 1907 cum
946 1847 1046 1907 uerbis
1064 1847 1171 1905 Titinii
1190 1863 1268 1923 quae
1287 1849 1373 1906 ante·

222 1937 337 1997 cedunt.
375 1936 475 1998 Verba
494 1938 704 1997 subblanditur
718 1932 821 2015 (sur),
839 1938 985 2012 palpatur
1001 1935 1110 1996 Lucilii
1129 1954 1192 1996 esse
1210 1939 1373 2012 utrumque

222 2031 360 2104 apparet:
375 2028 563 2103 nequeenim
578 2027 755 2086 uocabulum
771 2027 1027 2087 Plautinissimum
1041 2026 1252 2085 subblanditur
1260 2026 1372 2102 glosse-

222 2118 312 2175 matis
334 2116 400 2176 loco
427 2118 558 2192 positum
586 2134 649 2177 esse
678 2120 723 2176 est
750 2115 897 2176 credibile.
944 2115 1059 2186 Quibus
1086 2115 1185 2175 uerbis
1212 2115 1311 2174 sedern
1338 2115 1372 2174 in

221 2225 309 2265 uersu
328 2225 412 2265 suam
431 2206 579 2283 dissignat
596 2205 856 2267 homoeoteleuton
870 2207 889 2264 i.
904 2224 928 2264 e.
948 2204 1107 2282 septenarii
1125 2205 1259 2264 initium:
1277 2200 1373 2282 (fur)

222 2295 332 2355 addidi.
368 2295 460 2355 Recte
482 2297 529 2355 313
551 2315 596 2356 me
618 2296 668 2355 ubi
690 2296 770 2355 uidet
791 2297 908 2373 poetice
931 2295 1096 2355 collocatur
1116 2295 1149 2352 in
1172 2292 1246 2354 codd
1264 2293 1372 2354 Nonii:

221 2385 337 2444 Terent.
357 2385 490 2445 Eunuch.
512 2387 574 2445 132
609 2381 647 2444 ‘is
679 2385 731 2444 ubi
760 2379 862 2462 (csse)
893 2384 971 2445 hanc
1002 2385 1099 2443 Iorrna
1130 2382 1214 2443 uidet
1244 2384 1373 2444 honesta

221 2470 379 2552 uirgInem'
401 2475 466 2536 160
494 2470 557 2533 ‘ille
584 2474 636 2534 ubi
663 2476 754 2535 miser
781 2474 935 2534 famelicus
966 2472 1050 2532 uidet
1081 2474 1123 2532 mi
1155 2491 1219 2533 esse
1251 2474 1372 2532 tantum

220 2559 383 2624 honorem’.
422 2564 516 2624 Sicuti
540 2565 720 2625 uocabulum
739 2563 911 2623 Plautinum
931 2563 1146 2636 subblanditur,
1168 2563 1214 2622 ita
1232 2580 1373 2622 mensura

221 2652 361 2713 Plautina
379 2658 467 2729 caput
484 2653 725 2731 pyrrhichiacum
744 2652 894 2713 adhibuit:
913 2653 985 2712 coni
996 2652 1171 2712 Skutschius
1187 2652 1261 2711 Mus.
1276 2651 1371 2711 11333.

221 2742 348 2802 XLVHI
361 2744 445 2803 1893
460 2763 488 2820 p.
500 2744 563 2802 306
580 2742 651 2802 GP.
661 2742 708 2801 W.
723 2743 883 2803 Muellerus
898 2741 933 2800 de
948 2741 1051 2801 Plauti
1064 2741 1181 2818 prosod.
1195 2762 1224 2819 p.
1236 2742 1274 2801 91
1288 2758 1371 2818 seqq.

221 2833 324 2910 Neque
347 2837 448 2893 tarnen
472 2832 564 2891 uerba
587 2827 690 2909 ‘caput
712 2832 809 2900 scabit
835 2832 925 2908 pedes
952 2826 1038 2909 legit’
1066 2831 1238 2910 significant
1264 2849 1372 2910 speum

221 2920 329 3001 isypc'v
369 2921 536 2982 adulatoris
577 2916 628 3002 (de
670 2941 729 2998 quo
771 2923 843 2982 3331
879 2923 1056 2998 interpretes
1098 2920 1136 2980 ad
1173 2920 1372 2997 Theophrast.
1487 2976 1489 2981 .

222 3011 356 3076 Chauci.
374 3015 402 3084 2,
418 3014 436 3069 3
452 3011 632 3070 Ribbechius
647 3011 794 3071 Abhandl.
810 3011 837 3070 d.
852 3011 886 3069 Κ.
903 3010 1018 3070 Saechs.
1034 3008 1101 3070 Ges.
1121 3011 1148 3070 d.
1163 3009 1209 3068 W.
1224 3011 1266 3069 IX
1283 3011 1377 3071 1883.

220 3121 248 3177 p.
269 3091 340 3180 54),
368 3120 463 3176 neque
491 3100 570 3158 enim
598 3120 703 3160 reuera
729 3101 765 3159 ds
793 3103 854 3161 suis
883 3100 1027 3178 pediculis
1055 3100 1189 3160 confiteri
1218 3117 1284 3159 eum
1317 3103 1372 3175 qui

220 3191 355 3267 loquitur
378 3189 499 3266 probari
521 3191 634 3265 poterit
660 3210 756 3267 neque
783 3192 974 3267 comparatur
1001 3192 1071 3266 apte
1099 3190 1224 3249 historia
1252 3188 1307 3248 illa
1334 3187 1373 3249 de

223 3278 370 3339 Phalanto
393 3297 440 3355 ap.
460 3278 548 3338 Paua.
567 3279 594 3338 X
616 3281 667 3354 10,
686 3282 796 3357 63333.
821 3299 911 3356 quam
930 3278 1053 3339 adhibet
1071 3277 1247 3339 Skutschius
1266 3278 1285 3336 1.
1305 3297 1326 3338 3.
1347 3299 1371 3339 s.

221 3368 280 3427 Sed
302 3367 340 3426 ad
365 3363 467 3445 ‘caput
485 3364 591 3428 scabit’
611 3388 669 3428 non
690 3368 886 3447 supplendum
905 3371 952 3428 cst
968 3386 1065 3428 meum
1078 3399 1122 3411 -
1137 3367 1216 3445 quod
1233 3369 1372 3444 ineptum

220 3460 287 3518 erat
308 3456 460 3516 dicere-
478 3457 529 3517 sed
551 3461 656 3536 utique
678 3477 766 3519 33333
788 3461 823 3518 31
845 3478 901 3534 per
924 3459 970 3518 est
990 3458 1022 3517 et
1039 3458 1113 3517 alibi
1131 3457 1167 3516 111
1183 3456 1279 3517 331311
1296 3456 1371 3517 Hor.

220 3547 469 3621 serm.110,71
505 3541 605 3624 ‘saepe
637 3551 729 3625 capnt
759 3543 913 3608 scaberet’.
965 3547 1071 3623 Itaque
1098 3548 1187 3607 homo
1218 3547 1283 3618 1113,
1317 3549 1374 3623 331

220 3635 429 3696 subblanditur
451 3639 482 3696 et
504 3636 659 3714 palpatur,
687 3637 776 3697 simul
800 3641 892 3714 caput
914 3656 1000 3696 suum
1027 3636 1138 3710 scabit,
1166 3635 1255 3712 pedes
1282 3636 1372 3714 legit:

221 3744 297 3802 quae
320 3725 406 3804 signa
429 3728 499 3786 sunt
522 3726 627 3803 culpae
651 3731 682 3786 et
703 3727 801 3786 malae
823 3726 1034 3787 conscientiae:
1057 3728 1129 3786 conf
1140 3726 1229 3804 Apul.
1249 3727 1370 3785 metam.

220 3815 310 3876 x10
337 3811 458 3893 ‘Ingens
486 3816 591 3875 exinde
619 3818 812 3876 uerberonem
840 3817 964 3894 corripit
991 3815 1152 3894 trepidatio
1180 3817 1211 3874 et
1242 3814 1372 3874 inuicem

221 3905 342 3965 humani
366 3906 473 3967 eoloris
495 3905 626 3967 succedit
643 3907 742 3984 pallor
761 3953 767 3964 .
784 3954 789 3964 .
806 3954 811 3964 .
831 3911 895 3967 tum
913 3906 1003 3984 pedes
1022 3905 1143 3966 incertis
1162 3905 1372 3966 alternationi-

219 3994 274 4055 bus
293 4013 488 4070 commouere,
506 3995 594 4055 modo
612 3996 689 4055 hanc
707 3996 795 4056 modo
813 3997 897 4055 illam
918 3996 1025 4073 capitis
1044 3998 1161 4072 partem
1178 3994 1310 4072 scalpere

107 4108 113 4119 ·
221 4087 256 4144 ut
277 4103 343 4144 cum
368 4104 452 4144 nemo
476 4103 597 4163 promus
621 4105 639 4146 a
662 4085 750 4164 culpa
772 4104 901 4146 uacuum
925 4085 1032 4145 merito
1055 4079 1197 4144 erederet'
1217 4075 1372 4164 (Sittelius

220 4173 256 4234 de
279 4173 412 4252 gestibus
430 4195 458 4251 p.
479 4167 545 4256 48).

310 4253 393 4323 884.
417 4264 533 4323 Nonius
556 4284 584 4340 p.
605 4265 678 4339 283,
699 4266 740 4323 29
765 4260 904 4337 ‘Ducere‚
928 4265 1062 4337 uoluere,
1089 4265 1282 4341 pertractare.
1307 4309 1314 4320 .
1336 4308 1371 4322 ..

219 4350 353 4411 Lucilius
375 4351 426 4411 lib.
444 4352 590 4412 XXVIIII
614 4349 694 4431 “age
716 4371 808 4427 3333,
835 4371 983 4413 summam
1011 4356 1128 4413 sumtus
1151 4345 1210 4433 (ite
1228 4352 1257 4410 L
1275 4370 1314 4410 m.
1335 4357 1373 4411 1:

220 4442 356 4520 sumptus
374 4435 492 4522 cellcul)
511 4441 661 4518 ducatque
683 4445 745 4503 acsi
768 4443 857 4503 31331
881 4442 956 4502 adde
976 4438 1112 4520 alieni'’.'
1147 4443 1371 4521 Transposuere
