3060 5010
483 363 535 417 xx
552 381 579 416 u.
600 366 749 418 err-ers.
788 361 864 416 xxn
883 380 909 416 u.
930 366 990 418 ora.
1246 364 1312 429 215

161 529 288 594 diximus
312 534 351 594 ad
369 533 420 593 lib.
439 533 536 592 XXIX
555 554 583 593 u.
604 534 677 592 868.
710 532 837 592 Videtur
854 533 957 609 itaque
976 532 1084 595 dixisse
1103 533 1201 593 faceta
1218 553 1311 593 mere-

161 625 218 683 trix
239 619 329 684 ‘hunc
347 625 453 683 merito
472 623 595 682 exclusi:
614 623 683 682 nolo
702 622 839 699 equidem
857 624 988 700 nugator
1006 622 1054 682 cui
1073 622 1139 682 dern
1154 642 1189 683 ac
1203 622 1311 685 nebulo

161 715 202 774 sit
224 715 372 773 maximus
394 707 510 772 multo'.

251 795 333 864 578.
356 801 472 862 Nouius
490 823 518 880 p.
539 802 613 876 490,
633 802 672 860 31
698 795 849 862 ‘Guberrra
867 820 922 879 pro
941 800 1150 881 gubernacula.
1177 800 1310 862 Lucilius

161 895 330 969 satyrarum
348 892 399 951 lib.
419 891 473 950 XX
493 886 621 967 “proras
636 937 642 949 .
659 938 664 948 .
681 938 686 949 .
701 891 848 952 dctunde'te
865 886 1043 970 guberna’'.'
1076 890 1190 951 Marius
1207 889 1310 951 Victo·

161 983 246 1041 rinus
269 980 320 1042 GL
338 981 382 1040 VI
399 1002 428 1058 p.
449 980 500 1055 56,
521 979 578 1040 6Κ
602 976 684 1040 ‘Pari
706 981 822 1041 ratione
845 981 877 1039 in
901 1000 988 1040 uersu
1011 984 1042 1041 et
1066 999 1198 1058 apocope
1225 999 1310 1058 prae-

161 1075 246 1148 cepta
271 1062 398 1153 (recepto
420 1065 641 1146 Lachmannus)
667 1073 725 1145 est,
753 1069 784 1129 id
807 1073 853 1129 est
875 1070 1039 1132 subtractio
1063 1069 1196 1147 syllabae
1219 1069 1309 1146 sylla·

159 1160 301 1221 barumue
324 1159 483 1220 ernnslibet
505 1154 646 1237 (portis)
670 1160 822 1235 orationis,
847 1163 943 1219 metro
966 1162 1090 1239 cogente
1113 1160 1209 1234 iacta3
1233 1179 1309 1236 quae

159 1249 221 1310 siue
244 1250 275 1310 in
294 1250 385 1309 uerbo
404 1251 467 1309 siue
485 1251 518 1308 in
536 1250 656 1308 nomine
675 1248 825 1324 acciderit,
848 1268 902 1326 pro
921 1251 1040 1328 integre
1059 1251 1145 1326 parte
1164 1249 1309 1309 orationis

159 1339 334 1417 accipietur3
356 1343 411 1399 ut.
428 1385 434 1397 .
450 1385 456 1397 .
471 1339 610 1399 similiter
634 1333 762 1415 “proras
785 1339 926 1398 dsbuddc
949 1342 975 1397 cl
996 1339 1118 1413 spoliem
1139 1332 1306 1417 guberna'',

158 1428 189 1488 id
212 1431 258 1489 est
280 1429 490 1508 gubernacula,
513 1427 601 1489 sicuti
620 1426 757 1503 diximus,
779 1428 868 1487 metri
890 1422 1086 1488 necessitate’.
1125 1423 1216 1487 ‘Ones
1240 1429 1308 1486 tun·
1433 1456 1438 1464 ·

158 1514 322 1597 dunt<ur>’
341 1519 453 1597 legItur
470 1519 502 1577 in
521 1517 699 1596 Menologiis
717 1519 836 1577 rusticis
851 1514 914 1576 tiu
929 1509 959 1577 1¹
974 1522 990 1577 1
1007 1537 1036 1594 p.
1053 1518 1117 1579 280
1136 1517 1190 1577 suh
1208 1519 1309 1577 tauro:

159 1606 261 1684 itaque
285 1601 457 1667 ‘detundete’
481 1608 609 1667 formam
632 1625 685 1667 nos
709 1609 866 1668 restituere
889 1606 992 1667 licebit
1009 1605 1140 1681 Lucilio,
1168 1607 1220 1683 qui
1242 1607 1308 1679 fur·

157 1699 280 1758 noetus
303 1696 353 1756 lib.
375 1695 433 1756 VII
450 1716 478 1755 u.
500 1698 572 1757 291.
609 1696 715 1757 Posuit
736 1696 815 1756 idem
838 1696 1017 1757 uocabulum
1037 1697 1171 1772 pudorne
1191 1697 1224 1755 in
1242 1716 1307 1756 uer-

158 1805 207 1847 sus
231 1787 312 1846 exitu
336 1786 491 1845 Lueretius
509 1786 541 1845 Π
561 1787 624 1845 553
648 1786 692 1844 IV
712 1788 786 1861 439,
809 1788 861 1863 qui
884 1785 1078 1865 singulariter
1098 1786 1308 1862 preterendum

158 1880 253 1954 ponat
270 1874 313 1935 IV
335 1878 413 1936 904:
436 1876 559 1953 uterque
583 1878 673 1952 poeta
695 1875 832 1936 imitatus
855 1895 918 1936 esse
940 1875 1061 1935 uidetur
1083 1875 1227 1951 Ennium,
1255 1877 1307 1953 qni

158 1964 303 2026 eiusmodi
330 1983 402 2026 usus
430 1967 471 2026 sit
500 1965 658 2025 uerborum
690 1964 987 2040 commutationibus,
1019 1965 1113 2023 ueluti
1146 1966 1207 2026 cccl
1231 1984 1308 2041 porr:

156 2055 303 2131 pluralem
336 2054 474 2115 uocabuli
503 2054 682 2129 pomaeo
714 2055 777 2115 sine
809 2055 933 2116 elisione
965 2056 1093 2114 metrum
1125 2073 1185 2113 non
1216 2056 1306 2131 capit.

156 2143 353 2205 Prouerbium
388 2144 508 2204 uidetur
539 2143 672 2205 Lucilius
709 2143 849 2204 adhibere
886 2142 1029 2204 Graecum
1068 2143 1146 2220 qnod
1184 2141 1307 2203 adhibet

157 2233 295 2296 philostr.
314 2235 423 2295 heroic.
441 2233 473 2293 H
491 2255 519 2312 p.
541 2235 614 2308 140,
634 2232 754 2311 2Kays
783 2230 833 2294 sul
860 2229 895 2292 τὰ
917 2230 950 2293 ἐκ
977 2232 1112 2314 πρώρας,
1140 2231 1229 2311 φασί,
1256 2230 1307 2294 καὶ

156 2320 191 2383 τὰ
222 2321 255 2384 ἐκ
286 2322 425 2402 πρύμνης
456 2319 605 2383 ἀπολεῖται
628 2320 687 2383 (tic.
712 2324 797 2400 epist.
816 2321 889 2382 XVI
909 2324 996 2397 24,1
1034 2317 1121 2382 ‘mihi
1152 2340 1242 2401 prora
1275 2325 1306 2383 et

155 2414 273 2490 puppis,
296 2416 330 2473 ut
353 2411 533 2474 Graecorum
555 2410 744 2490 prouerbium
769 2415 828 2486 est,
851 2412 910 2471 fuit
932 2431 952 2471 a
973 2412 1085 2472 metui
1112 2407 1304 2471 dimittendi’.

662 2791 795 2876 XXII.

246 2941 329 3010 579.
353 2948 490 3009 Donatus
519 2948 557 3007 ad
585 2948 795 3008 Phormionem
822 2946 955 3007 Terentii
972 2946 1003 3006 11
1024 2950 1053 3021 1,
1072 2947 1114 3005 57
1148 2940 1304 3007 ‘columen

157 3058 226 3099 uero
253 3037 395 3099 familiae.
441 3038 598 3114 Columen,
630 3039 755 3098 culmen.
802 3057 840 3097 an
868 3037 1003 3096 columen
1031 3033 1190 3098 columna?
1226 3036 1303 3096 unde

154 3129 329 3188 columellae
348 3127 428 3207 apud
445 3131 561 3190 ueteres
579 3129 653 3189 dicti
671 3127 750 3187 serui
768 3127 895 3187 maiores
915 3126 1028 3186 domus.
1066 3125 1199 3187 Lucilius
1217 3119 1304 3187 XXII

154 3211 282 3279 “seruus
302 3235 541 3295 ...quenquam
565 3211 653 3300 (olim
669 3217 807 3296 impressi
830 3208 992 3298 mmm)
1012 3262 1017 3272 .
1034 3261 1040 3275 .
1057 3261 1063 3274 .
1082 3215 1228 3277 columella
1253 3217 1303 3277 hie

154 3302 278 3369 situs'’.'
312 3307 463 3370 Martialis
486 3307 562 3369 libro
580 3308 624 3369 XI
643 3309 686 3368 90
710 3302 863 3366 ‘Oarrnina
885 3306 969 3366 nulla
991 3304 1100 3382 probas
1123 3305 1208 3366 molli
1225 3326 1302 3383 quae

153 3397 249 3457 limite
273 3400 411 3473 cnmrnt,
441 3396 499 3458 Sed
522 3418 599 3475 quae
621 3418 675 3476 per
702 3396 833 3458 salebras
861 3396 983 3472 altaque
1011 3414 1084 3455 saxa
1110 3395 1234 3471 eadunt,
1262 3397 1303 3456 Et

154 3479 355 3567 (scribendum
382 3479 437 3568 est)
465 3487 522 3547 tihi
550 3487 686 3548 Maeonio
719 3486 798 3563 quod
826 3478 1049 3568 (Lachmannus
1081 3477 1206 3566 quoque)
1238 3503 1301 3546 car·

153 3577 232 3635 mine
259 3578 356 3636 maius
383 3575 511 3636 hebetur
537 3577 648 3638 Luculli
675 3575 845 3650 columella,
873 3574 921 3634 hic
949 3573 1038 3649 situs,
1071 3570 1300 3652 Metrophanes’.

156 3662 297 3724 Golum'en
321 3666 454 3725 familiae
478 3665 634 3727 Terentius
653 3667 672 3725 l.
692 3685 724 3741 s.,
748 3666 845 3726 senati
873 3664 1008 3724 columen
1031 3661 1299 3724 praetensae

154 3752 256 3828 Eurip.
276 3753 372 3833 Iphig.
392 3754 480 3814 Tanr.
500 3757 542 3814 57
575 3758 675 3815 στῦλοι
706 3752 761 3834 γὰρ
794 3752 885 3814 οἴκων
922 3750 1025 3826 παῖδές
1058 3750 1133 3813 εἰσιν
1166 3748 1300 3831 ἅρσενεςε

154 3842 311 3902 columella
338 3842 413 3902 abiit
438 3845 471 3901 in
494 3844 642 3922 Hispania
668 3845 699 3903 iu
727 3862 890 3922 cognomen
918 3862 976 3920 quo
999 3842 1104 3901 lunius
1129 3840 1300 3902 Moderatus

154 3929 321 3991 Gaditanus
353 3933 522 4010 appellatus
555 3936 607 3993 est.
628 3966 670 3975 -
689 3951 785 4009 neque
816 3932 925 3992 infidus
956 3950 1051 4007 neque
1083 3929 1213 3990 inutilis:
1244 3929 1299 3989 Iul.

153 4021 281 4098 Exuper.
301 4020 370 4098 epit
391 4024 410 4081 2
436 4013 560 4104 (arohiu.
579 4021 663 4082 lario.
682 4022 748 4084 Lat
767 4021 826 4081 XII
848 4024 932 4082 1902
951 4041 980 4098 p.
996 4012 1075 4101 564)
1099 4014 1210 4098 ‘capite
1233 4038 1299 4081 cen·

153 4129 200 4171 sos
215 4109 295 4171 ciues
308 4109 473 4188 infidosque
487 4114 578 4187 atque
592 4107 734 4172 inutiles’.
766 4109 877 4170 Seruus
890 4111 971 4184 fides
983 4109 1081 4169 Plaut
1095 4108 1223 4169 Mostell.
1235 4110 1298 4171 785

152 4200 312 4261 secundnm
331 4199 486 4260 Ritschelii
505 4200 748 4275 emendationem,
772 4200 883 4270 infidus
903 4199 986 4260 Asin.
1007 4199 1070 4258 568
1090 4231 1132 4240 -
1152 4198 1231 4259 serui
1253 4200 1298 4260 in-

153 4290 241 4351 utiles
263 4289 360 4351 Lucas
379 4289 467 4350 XVII
487 4291 528 4349 10
556 4289 658 4350 doctor
687 4286 799 4369 ἀχρεῖοί
823 4286 918 4366 ἐσμεν.
964 4286 1089 4349 (ionstat
1120 4307 1222 4348 seruos
1255 4289 1297 4348 in-

151 4379 256 4456 primis
278 4383 310 4441 in
333 4380 429 4458 cippis
447 4378 557 4440 Atticis
580 4378 724 4460 χρηστούς
742 4378 889 4457 appellari
908 4370 958 4462 (X.
974 4377 1089 4440 Keilius
1108 4378 1206 4440 annal.
1225 4379 1297 4458 phil.

151 4469 248 4548 suppl.
267 4469 312 4530 IV
334 4491 363 4548 p.
384 4461 471 4552 628).
528 4469 606 4530 Oonf
638 4472 792 4548 praeterea
829 4469 864 4530 de
901 4469 1051 4531 locutione
1087 4486 1145 4528 reon
1187 4471 1298 4532 inutilis
