3000 5002
493 359 590 415 insert
611 359 669 415 sed.
688 377 715 413 u.
737 364 920 414 llas-1189.
1219 359 1282 425 361

133 528 180 586 ΠΙ
201 531 216 586 1
243 520 361 609 (1887)
384 549 413 604 p.
429 530 503 603 542,
524 532 556 588 2:
579 529 707 588 Marium
731 529 862 589 eiusdem
881 530 1011 589 cohortis
1029 531 1197 606 praetoriae
1216 548 1284 589 con·

132 617 320 678 tubernalem
342 617 504 678 Aemiliani
526 621 672 679 memorat
695 618 872 679 Plutarchus
895 618 969 678 Mar.
988 637 1052 694 cap.
1069 620 1097 678 3.

225 700 332 770 1138.
365 708 470 768 Festus
502 729 530 784 p.
552 711 629 783 294,
655 709 743 768 2611
774 703 911 768 ‘Scurrae
947 708 1125 768 uocabulum
1162 708 1284 768 Verrius

130 798 315 874 ineptissime
339 800 392 857 aut
415 817 450 858 ex
477 796 590 858 Graeco
619 801 750 859 hactum
778 800 823 858 ait
843 845 848 856 .
865 844 893 857 ..
913 800 968 857 unt
995 817 1013 858 a
1040 798 1203 875 sequendo,
1237 800 1285 857 cui

130 888 227 965 magis
260 886 439 961 adsentitur,
470 888 551 964 quod
578 892 608 948 et
635 890 779 948 tenuioris
807 889 944 948 fortunae
972 888 1107 948 homines
1136 891 1166 947 et
1194 889 1285 947 ceteri

131 975 255 1053 alioqui,
278 978 332 1054 qui
354 976 475 1037 honoris
498 980 597 1055 gratia
619 979 867 1054 persequerentur
895 979 1080 1055 quempiam,
1112 997 1172 1037 non
1202 980 1284 1037 anto-

133 1065 234 1126 cedere
256 1065 308 1126 sed
331 1069 416 1142 sequi
439 1067 500 1126 sint
523 1067 614 1139 soliti,
637 1066 710 1144 quia
731 1067 873 1127 uidelicet
895 1068 977 1127 dicat
994 1066 1130 1128 Lucilius
1151 1063 1283 1127 “Gorne-

131 1155 189 1214 lius
212 1154 244 1214 P.
259 1159 360 1216 noster
387 1154 542 1231 Scipiadas
570 1158 644 1216 dicto
672 1161 784 1230 turpis
811 1174 866 1239 quq
891 1159 1035 1231 intorquet
1060 1159 1093 1216 iu
1119 1159 1218 1231 ipsum
1246 1159 1286 1217 oti

131 1249 157 1304 et
179 1246 277 1304 delius
301 1246 360 1305 luci
383 1247 495 1319 effictus
518 1250 603 1320 utque
626 1247 746 1306 uuordo
769 1249 949 1306 010001010νὶ
976 1247 1049 1306 odeo
1071 1247 1129 1320 ipsi
1152 1263 1205 1305 suo
1228 1264 1284 1320 quo

129 1335 236 1394 rectius
263 1336 344 1394 duos
371 1336 432 1394 ibat
458 1336 533 1408 forte
560 1336 677 1395 domum
698 1338 849 1410 sequimur
870 1337 955 1395 multi
978 1340 1063 1410 utque
1084 1331 1285 1411 frequentes‘’;

130 1443 197 1483 cum
229 1427 345 1484 secutos
378 1423 474 1483 uideri
506 1426 582 1484 uelit
613 1425 650 1485 ob
683 1443 784 1484 eorum
817 1425 928 1502 iurgia,
965 1444 1024 1484 non
1057 1425 1093 1485 ob
1127 1424 1284 1484 adsuetum

130 1509 282 1572 officium'.
329 1513 432 1590 Inepte
459 1517 577 1594 pugnat
604 1514 709 1575 Festus
737 1517 841 1575 contra
868 1513 1007 1574 Verrium
1040 1516 1093 1590 qui
1119 1519 1286 1574 scototorem

131 1623 220 1680 quem
243 1603 316 1662 dicit
338 1603 469 1663 Lucilius
496 1622 632 1664 scurram
659 1622 723 1663 esse
751 1606 910 1681 scripserat
937 1603 1051 1663 dictum
1078 1624 1096 1663 a
1123 1603 1286 1679 sequendo:

132 1694 233 1769 potuit
259 1693 382 1753 Verrius
413 1693 517 1752 afferre
544 1693 641 1753 Plaut
656 1693 743 1770 Epid.
760 1696 801 1753 14
832 1687 913 1753 ‘nam
940 1696 977 1752 ut
1004 1692 1084 1769 apud
1113 1694 1233 1770 portum
1255 1695 1286 1752 10

132 1784 280 1859 conspexi,
299 1782 446 1842 curriculo
464 1783 565 1858 occepi
584 1785 669 1860 sequi
687 1829 694 1842 .
710 1829 739 1842 ..
766 1788 796 1851 tt
821 1782 931 1843 Scurra
948 1779 1001 1842 es’.
1039 1780 1096 1850 Qui
1116 1782 1286 1857 Scipionem

134 1872 222 1931 multi
250 1874 340 1949 atque
368 1873 538 1948 frequentes
565 1875 705 1933 secuntur
731 1872 853 1932 domum
881 1874 1009 1948 euntem,
1036 1873 1068 1931 in
1092 1871 1199 1947 quibus
1222 1873 1288 1931 erat

131 1961 266 2021 Lucilius
297 1965 375 2038 ipse,
406 1963 430 2020 ii
458 1966 528 2022 sunt
555 1963 678 2023 comites
706 1964 769 2022 eius
798 1961 927 2022 habendi
955 1964 986 2021 et
1014 1961 1116 2036 amici,
1148 1960 1286 2037 inprimis

131 2049 232 2111 Latini
255 2054 285 2110 01
308 2051 381 2112 00011
403 2051 483 2128 apud
507 2071 580 2128 quos
608 2054 714 2112 merito
738 2052 838 2129 Scipio
857 2052 909 2111 ille
930 2051 1061 2111 audierit
1083 2051 1115 2110 P.
1131 2049 1287 2110 Cornelius

131 2145 241 2200 nostor:
266 2139 324 2201 010.
343 2140 424 2200 Lael.
446 2144 486 2200 12
511 2141 547 2200 de
566 2140 704 2218 Scipione
729 2136 826 2200 ‘illum
854 2141 932 2200 diem
961 2141 1158 2200 clarissimum
1182 2141 1284 2218 fuisse,

132 2248 199 2289 curn
222 2233 330 2289 senatu
352 2229 474 2290 dimisso
498 2230 619 2290 domum
641 2230 780 2290 reductus
804 2229 842 2289 ad
865 2249 1022 2306 uesperum
1046 2232 1091 2290 est
1110 2250 1129 2289 a
1146 2230 1285 2306 patribus

132 2319 316 2395 conscriptis,
339 2320 449 2396 populo
468 2320 610 2394 Romano,
634 2321 722 2380 sociis
741 2323 772 2379 01
789 2319 916 2393 Latinis,
934 2319 1030 2395 pridie
1050 2338 1141 2396 quam
1160 2320 1285 2378 excessit

132 2427 148 2466 0
171 2403 256 2466 uita’.
295 2403 351 2466 ‘Ti
367 2406 515 2468 Gracchus
533 2408 621 2468 domo
643 2427 711 2468 cum
732 2408 974 2485 proficiscebatur
996 2427 1162 2485 numquam
1186 2410 1284 2468 minus

133 2499 218 2556 terna
254 2500 309 2557 aut
345 2499 492 2573 quaterna
528 2497 613 2558 milia
648 2498 802 2557 homiuum
838 2492 1047 2573 sequebantur'
1085 2497 1201 2557 Asellio
1238 2516 1285 2574 ap.

133 2585 207 2647 Gell.
227 2586 258 2645 H
279 2587 329 2662 13,
349 2589 377 2645 4.
423 2586 534 2647 Versus
557 2586 694 2648 difficiles
722 2590 793 2647 suut
822 2587 860 2645 ad
883 2585 1124 2665 intellegendum.
1172 2587 1285 2645 Tamen

134 2677 269 2755 grauiter
292 2679 446 2753 corruptos
469 2695 531 2736 esse
555 2679 697 2753 quattuor
715 2678 788 2736 istos
810 2677 997 2736 hexametros
1019 2695 1105 2736 nemo
1129 2675 1283 2750 iudicabit,

134 2768 186 2842 qui
203 2765 386 2825 intellexerit
405 2774 435 2825 et
448 2785 586 2826 numeros
605 2786 707 2826 eorum
725 2768 756 2826 et
774 2784 910 2826 caesuras
929 2784 992 2826 esse
1011 2765 1111 2827 saluas
1130 2769 1161 2825 et
1178 2768 1284 2839 rectas,

134 2856 251 2914 hiatum
282 2854 392 2931 ubique
423 2856 491 2915 tolli
518 2856 594 2916 scita
621 2856 778 2916 uerborum
808 2858 954 2915 iunctura.
1006 2853 1091 2924 Quod
1119 2874 1186 2915 cum
1214 2874 1285 2914 casu

134 2946 248 3004 factum
279 2962 342 3004 esse
371 2965 430 3004 non
459 2945 563 3021 possit,
594 2947 841 3022 interpretatione
873 2963 922 3005 eos
955 2944 1051 3023 magis
1079 2963 1165 3022 egere
1195 2963 1285 3020 qnam

135 3032 340 3094 emendatione
359 3038 589 3094 consentaneum
608 3038 660 3094 001.
701 3035 809 3111 Itaque
833 3054 888 3112 030
906 3037 1086 3110 interpretor
1108 3034 1165 3094 hoc
1182 3033 1286 3093 modo:

135 3118 203 3200 ‘(Si
234 3125 368 3199 qnaeris,
397 3123 468 3199 quid
499 3120 620 3203 agam>z
658 3144 712 3202 030
744 3123 876 3184 Lucilius
912 3125 1002 3200 poeta
1033 3124 1113 3184 dicto
1146 3115 1287 3205 (dictabat

135 3231 239 3272 rrersus
269 3212 402 3273 Lucilius
429 3215 505 3273 10010
533 3214 660 3274 Horatio
688 3234 772 3275 serm.
791 3213 807 3273 Ι
827 3216 860 3287 4,
881 3207 937 3294 10)
966 3232 1002 3274 00
1029 3231 1105 3290 quae
1133 3212 1287 3274 Cornelius

135 3305 236 3362 nostor
259 3302 359 3380 Scipio
382 3306 499 3380 tempus
522 3305 554 3362 in
577 3306 675 3381 ipsum
698 3305 742 3364 oti
764 3305 919 3380 intorquet
940 3305 972 3362 et
993 3303 1108 3363 deliciis
1134 3304 1205 3377 suis,
1228 3302 1288 3362 luci

84 3428 85 3432 =
135 3412 219 3465 suae,
247 3395 337 3469 atque
366 3393 439 3452 adeo
466 3385 540 3474 (quo
568 3393 715 3453 uocabulo
742 3395 852 3453 rectius
880 3385 977 3472 dicas)
1001 3393 1123 3453 cinaedo
1147 3393 1211 3469 ipse
1233 3411 1287 3452 suo

135 3486 166 3541 et
189 3477 350 3542 sectatori’.
395 3483 461 3542 Iam
488 3501 590 3543 uersus
618 3486 742 3558 quartus
770 3483 888 3542 exhibet
915 3482 1044 3542 fabellae
1072 3502 1162 3559 quam
1185 3501 1288 3542 nama-

135 3574 221 3630 turus
248 3576 313 3631 erut
341 3572 502 3630 exordium.
531 3604 575 3614 —
607 3574 700 3632 1139.
725 3576 837 3646 {ommes
859 3575 891 3631 iu
914 3574 1013 3646 ipsum
1035 3574 1074 3632 oti
1092 3571 1155 3631 noli
1177 3571 1287 3630 distur-

136 3659 219 3719 bare:
257 3661 361 3720 Horat.
381 3680 406 3720 a.
426 3682 454 3738 p.
471 3663 513 3720 44
546 3655 700 3738 ‘pleraque
732 3661 851 3721 differat
880 3664 910 3720 et
936 3679 1080 3736 praeseus
1111 3663 1145 3720 iu
1176 3665 1289 3734 tenue

137 3745 268 3809 omittet’
293 3749 554 3810 cio.cetil.122
594 3747 719 3827 ‘quanta
754 3753 916 3828 tempestas
953 3750 1085 3809 inuidiae
1122 3749 1221 3823 nobis,
1262 3750 1288 3807 si

136 3839 234 3898 minus
270 3842 303 3897 iu
335 3857 477 3913 procseru
514 3845 626 3914 tempus
650 3887 655 3897 .
676 3886 682 3897 .
704 3887 709 3898 .
735 3844 766 3899 01
798 3843 831 3899 in
869 3841 1077 3917 posteritatem
1106 3832 1286 3914 impendeat’

138 3926 277 3987 similiter
305 3927 415 3987 dicitur
441 3931 473 3986 iu
501 3934 613 4003 tempus
640 3930 759 4003 aliquod
786 3923 865 4006 (Liu.
880 3929 1044 3988 XXXIV6
1075 3919 1124 4008 4),
1151 3929 1183 3985 iu
1206 3945 1289 3985 orme

138 4020 250 4090 tempus
286 4008 362 4097 (cie.
386 4018 505 4077 ’100οΙ
530 4010 587 4099 91)
623 4021 656 4077 ire
695 4019 798 4077 borum
840 4011 973 4099 (Phil.V
998 4010 1054 4099 25)
1097 4016 1221 4088 similia,
1256 4016 1288 4074 in

138 4106 217 4164 diem
244 4105 377 4166 Lucilius
405 4107 455 4166 lib.
469 4107 599 4166 XXVIH
616 4128 645 4166 u.
662 4108 734 4166 768.
758 4139 802 4148 -
824 4110 988 4180 intorquere
1017 4126 1075 4167 uox
1102 4106 1226 4182 propria
1252 4104 1288 4163 de

138 4195 280 4256 conuiciis
307 4199 342 4255 ut
369 4195 428 4256 010.
444 4197 528 4256 Tusc.
542 4196 587 4255 IV
608 4199 648 4255 77
676 4196 763 4255 alibi:
794 4195 891 4255 datiui
923 4196 975 4272 qui
1007 4194 1137 4272 pendent
1168 4194 1206 4253 ab
1233 4194 1289 4255 hoc

140 4284 230 4344 uerbo
258 4285 387 4344 dilucide
415 4288 576 4345 comuntur
603 4286 715 4359 delius,
738 4287 757 4344 1.
772 4303 796 4343 0.
825 4287 935 4344 deliciis
965 4284 1044 4361 quod
1072 4284 1174 4344 eodem
1201 4283 1289 4343 modo

140 4375 285 4450 scriptum
322 4366 409 4457 extat:
441 4376 472 4434 in
505 4375 580 4435 codd
619 4375 711 4434 Nonii
743 4375 836 4433 Lucil.
860 4374 911 4433 lib.
934 4374 1032 4432 XXIX
1054 4395 1082 4432 u.
1103 4375 1165 4434 896
1200 4374 1290 4434 sicuti

114 4518 115 4521 ,
136 4466 271 4542 perimus
293 4463 338 4526 bis
361 4464 502 4527 scribitur
524 4465 556 4524 in
579 4463 653 4524 codd
675 4464 728 4524 ubi
744 4466 892 4543 periurus
913 4463 1033 4551 11031101
1054 4467 1183 4525 metrum
1206 4454 1290 4544 (uide
