3000 5002
192 377 260 439 414
559 375 656 430 incorr.
677 374 780 429 1111.
802 379 986 429 mco-reor.

193 544 361 625 πρεσβύτην
387 543 437 605 καὶ
460 541 574 623 ἀμειδῆ.
619 541 776 625 ἀγέλαστος
809 546 966 621 antiquum
1000 543 1179 603 uocabulum
1211 544 1353 603 Atticum

194 628 318 715 (Hymn.
338 632 400 694 Ger.
417 637 481 694 200
500 634 637 711 Aeschyl.
653 635 759 712 fragm.
776 636 840 693 290
851 625 893 713 N)
913 633 1091 692 Plutarchus
1111 633 1232 692 adhibet
1254 632 1352 692 Cicer.

194 742 257 800 cap.
272 723 429 782 XXXVIII
447 723 522 782 med.
829 762 833 769 ⁴

287 805 391 875 1301.
415 812 484 872 uide
506 810 544 871 ad
568 811 619 870 lib.
633 811 662 868 V
680 832 708 883 u.
730 814 802 871 213.
1164 838 1166 841 ·

286 894 392 962 1302.
420 901 551 961 Isidorus
579 902 653 979 orig.
672 899 759 959 XVII
780 903 812 976 7,
833 902 874 960 27
905 895 1053 960 ‘Suberies
1086 901 1187 975 arhor,
1219 919 1255 959 ex
1288 919 1351 976 qua

193 990 396 1052 calidissimus
427 993 526 1051 cortex
554 992 721 1051 natatorius
751 990 925 1050 extrahitur.
978 993 1008 1049 et
1035 989 1102 1050 ideo
1132 990 1285 1068 appellata
1314 1009 1352 1049 eo

194 1076 352 1160 (nomiae)
375 1080 454 1157 quod
476 1082 591 1140 fructus
615 1082 677 1140 eius
701 1098 768 1139 sues
792 1079 896 1140 edunt:
920 1098 1078 1156 porcorum
1101 1080 1180 1139 enirn
1203 1080 1351 1139 elimenta

194 1174 264 1231 sunt
292 1189 352 1229 non
384 1171 551 1245 hominum,
584 1172 614 1228 et
644 1169 726 1228 dicta
758 1169 888 1230 suberies
920 1169 1005 1244 quasi
1033 1165 1189 1229 subedies'.
1240 1168 1351 1227 Festus

194 1280 223 1335 p.
240 1261 313 1334 294,
334 1261 374 1318 15
400 1255 518 1299 2-
536 1278 571 1318 ex
595 1279 654 1336 qua
683 1260 782 1318 cortex
800 1291 908 1298 ——--
926 1257 1057 1318 Lucilius
1077 1292 1182 1298 —-—---
1201 1259 1226 1315 ti
1249 1257 1350 1316 hiber·
1456 1277 1458 1281 ·

194 1367 270 1408 naeu
290 1343 416 1407 —-—-—'.
472 1346 564 1418 Quem
603 1347 701 1407 locum
732 1347 798 1407 iure
829 1347 911 1407 Posti
943 1346 1071 1407 editores
1104 1347 1280 1425 supplerunt
1313 1366 1350 1405 ex

194 1438 302 1498 Isidori
330 1438 429 1498 uerbis
453 1457 475 1497 s.
494 1457 516 1498 s.
557 1438 664 1513 Itaque
690 1436 801 1496 Lucilii
829 1454 931 1516 uersus
964 1437 1136 1496 continebat
1167 1435 1350 1497 uocabulum

194 1528 322 1587 11111111
349 1526 428 1603 quod
456 1526 529 1587 alibi
557 1545 616 1586 non
646 1527 810 1601 inuenitur,
839 1527 1000 1586 formatum
1029 1526 1128 1585 fuerat
1155 1530 1285 1603 apoeta
1310 1526 1351 1585 ad

195 1616 419 1676 similitudinem
438 1616 620 1677 substantiui
638 1619 782 1676 11111111.
824 1615 982 1675 Praeterea
1000 1619 1141 1692 quartum
1161 1620 1190 1675 et
1208 1617 1351 1692 quintum

194 1706 299 1782 pedem
321 1706 484 1765 hexametri
507 1706 682 1782 oppleueret
703 1706 893 1765 hibernacula
916 1705 1094 1765 uocabulum
1114 1724 1210 1781 neque
1228 1704 1349 1764 dubita·

194 1796 289 1854 uerim
316 1796 389 1872 quin
417 1795 527 1855 milltes
551 1795 678 1854 Romani
701 1795 755 1853 illa
786 1797 910 1854 materie
934 1794 980 1853 usi
1012 1794 1235 1854 exaedificariut
1267 1793 1351 1871 apud

196 1887 315 1960 poetam
342 1883 536 1946 hibernacula
563 1902 618 1943 sua
645 1902 704 1960 quo
727 1883 873 1960 uocabulo
903 1884 1000 1942 solent
1023 1902 1109 1943 casae
1131 1885 1215 1961 ipsae
1238 1883 1349 1959 quibus

195 1974 355 2033 utebantur
381 1977 412 2032 iu
441 1971 572 2032 hibernis
600 1973 754 2050 appellari.
796 1973 901 2049 Neque
922 1990 1011 2048 porro
1038 1972 1161 2032 dubium
1192 1975 1250 2032 erit
1272 1975 1349 2048 quin

195 2066 226 2122 in
256 2062 404 2139 Hispania
435 2066 516 2122 terra
550 2081 586 2122 ea
615 2063 736 2140 regione
769 2081 828 2139 qua
858 2063 1023 2121 Numantia
1054 2066 1084 2121 et
1117 2062 1256 2122 Palantia
1287 2061 1349 2122 sita

195 2155 281 2211 erant
303 2152 413 2229 oppida
435 2153 490 2211 illa
513 2151 705 2212 hibernacula
728 2151 840 2210 fuerint
867 2151 973 2228 posita.
1020 2151 1096 2210 Nam
1121 2153 1293 2211 etiamnunc
1318 2155 1351 2210 et

194 2244 225 2300 in
249 2240 406 2328 Lusitania
429 2246 459 2300 et
481 2243 513 2300 in
537 2241 751 2301 Estremedura
773 2243 924 2318 superiore
948 2240 1078 2300 suberies
1105 2240 1194 2300 arbor
1216 2241 1350 2317 plurima

194 2331 339 2390 uescitur:
358 2333 441 2390 nasci
459 2349 524 2390 eam
543 2331 575 2389 iu
589 2330 737 2406 Hispania
756 2349 815 2407 qua
834 2332 865 2389 in
883 2332 964 2390 terra
977 2330 1124 2407 hodieque
1138 2329 1350 2391 celeberrimae

195 2421 339 2480 corticum
370 2423 443 2480 sunt
473 2420 603 2480 iubricae
631 2440 666 2478 er
694 2420 812 2480 silentio
838 2418 933 2500 Plinii
961 2419 1085 2497 colligas
1112 2421 1165 2498 qui
1192 2423 1253 2479 nat.
1276 2420 1349 2480 hist.

195 2509 267 2567 XVI
286 2510 327 2568 34
352 2509 387 2568 de
406 2510 511 2569 subere
529 2506 694 2569 ‘usus'eius
715 2555 765 2568 ...
785 2509 925 2569 cadorum
944 2509 1169 2584 obturamentis,
1192 2512 1351 2586 practerea

195 2600 227 2657 in
254 2598 377 2658 hiberno
409 2597 586 2658 feminarum
615 2599 750 2659 calceatu
844 2602 914 2659 sunt
940 2601 970 2658 et
999 2600 1052 2674 qui
1079 2599 1221 2657 feminam
1249 2598 1350 2658 ilicem

195 2692 316 2767 uacent,
344 2692 448 2764 atque,
476 2688 525 2748 ubi
555 2708 614 2747 uon
642 2688 775 2748 nascitur
801 2687 873 2764 ilex,
900 2707 954 2764 pro
983 2706 1019 2746 ea
1041 2687 1145 2746 subere
1168 2690 1294 2748 utantur
1317 2690 1351 2748 in

196 2778 392 2854 carpentariis
415 2777 573 2854 praecipue
597 2776 731 2852 fabricis,
759 2781 794 2837 ut
820 2779 899 2837 circa
921 2776 1001 2855 Elim
1029 2779 1060 2836 et
1086 2775 1350 2837 Lacedaemonem.

195 2885 249 2926 uec
276 2867 307 2925 in
335 2866 426 2926 Italia
453 2870 519 2927 tota
546 2868 680 2927 nascitur
707 2870 762 2926 aut
787 2867 819 2926 in
848 2865 948 2925 Gallia
975 2861 1116 2925 omnino’:
1146 2866 1217 2925 conf
1236 2865 1351 2927 Hehnii

196 2955 304 3016 librum
338 2956 374 3017 de
406 2956 518 3032 plantis
550 2960 580 3016 et
612 2955 714 3015 bestiis
746 2956 915 3016 domesticis
946 2955 1016 3014 edit.
1040 2953 1085 3013 VI
1110 2956 1194 3014 1894
1223 2975 1252 3031 p.
1274 2956 1351 3015 559.

197 3046 323 3121 Scripsit
340 3049 430 3122 poeta
452 3046 507 3106 hoo
525 3047 587 3104 sere
605 3045 693 3104 modo
708 3041 862 3122 ‘sileteque
878 3046 1055 3122 propinquis
1068 3044 1215 3103 suberiem
1229 3044 1349 3123 largam

195 3136 276 3194 nacti
299 3134 491 3195 hibernacula
515 3130 650 3212 ponunt’.

288 3215 393 3286 1303.
412 3224 523 3283 Paulus
542 3244 570 3300 p.
587 3225 659 3298 276,
676 3226 715 3284 13
737 3218 908 3282 ‘Remillum
928 3224 1037 3283 dicitnr
1055 3225 1142 3300 quasi
1157 3219 1347 3300 repandum'.

196 3314 301 3372 Festus
322 3333 350 3389 p.
367 3316 440 3388 277,
460 3317 502 3374 20
521 3309 577 3373 ‘Rc
596 3347 703 3354 —--
720 3312 854 3374 Lucilius
874 3308 973 3373 “suda
997 3308 1296 3387 η1111111111”,
1316 3319 1348 3373 et

196 3397 359 3480 Afra<nius
392 3394 522 3484 (423R)
622 3399 799 3481 co>xendice
839 3421 962 3481 pergam
998 3397 1203 3482 <remillo>'’.'
1263 3401 1349 3462 Sada

196 3496 353 3551 uentorum
389 3494 460 3552 sunt
495 3492 617 3551 flamina
654 3484 986 3573 (1111111111871)
1024 3491 1071 3552 111
1106 3496 1269 3569 tempestas
1302 3493 1350 3551 ita

197 3580 378 3658 appellatur:
398 3582 542 3640 remilium
555 3580 634 3658 quod
648 3581 812 3655 repandum
825 3581 975 3641 adiectino
989 3586 1109 3641 enarrat
1122 3582 1350 3661 grammaticus,

196 3673 285 3730 sicuti
307 3670 472 3745 repandum
493 3669 544 3729 lib.
559 3670 586 3725 V
605 3691 633 3729 u.
654 3672 732 3743 212,
756 3673 786 3729 et
808 3671 953 3730 remilium
975 3671 1007 3729 iu
1028 3689 1116 3730 uersu
1139 3690 1161 3731 s.
1177 3690 1198 3731 s.
1219 3670 1352 3746 Afranii,

196 3761 269 3820 item
300 3762 332 3819 in
363 3761 418 3820 hoc
450 3779 541 3820 uersu
572 3760 610 3819 ad
640 3778 746 3836 corpus
780 3760 910 3819 hominis
946 3760 993 3819 uel
1026 3760 1166 3845 animalis
1198 3759 1351 3837 pertinere

197 3849 339 3908 conicias:
376 3845 473 3928 ‘tergo
509 3849 651 3925 delphina
687 3845 822 3909 recuruo'
856 3846 943 3908 Ouid.
967 3848 1035 3909 fast.
1057 3848 1089 3908 11
1114 3850 1186 3908 113.
1240 3849 1352 3925 Itaque

196 3939 288 3998 talem
321 3940 381 3997 iere
414 3957 532 3998 uersum
565 3941 742 3999 consutuasz
775 3934 920 4015 ‘sudoque
953 3937 1086 4015 delphini
1118 3941 1234 4016 tergum
1264 3938 1352 3999 louet

198 4047 271 4087 aura
294 4023 464 4087 remillum'.

290 4108 394 4178 1304.
418 4116 515 4176 Varro
537 4117 574 4177 de
592 4117 696 4195 lingua
715 4115 825 4176 Latina
842 4115 919 4176 libro
938 4116 997 4175 VH
1016 4119 1057 4176 47
1079 4112 1181 4193 ‘Apud
1199 4115 1352 4177 Lucilium

199 4252 249 4265 ...
269 4209 300 4264 et
323 4202 462 4265 “sumere
485 4208 515 4266 te
539 4209 630 4282 atque
654 4201 778 4265 amian'’
800 4206 928 4283 piscium
945 4206 1164 4281 nominasent,
1187 4224 1352 4282 eorumque

197 4298 228 4353 in
252 4293 376 4354 Graecia
399 4291 503 4373 origo’.
546 4295 629 4354 Paul.
648 4295 726 4356 Ileet.
747 4295 816 4371 cpit.
835 4315 863 4372 p.
881 4298 931 4370 21,
952 4297 970 4354 9
991 4291 1103 4354 ‘amian
1125 4313 1217 4373 genus
1235 4292 1351 4371 piscis’.

196 4385 306 4461 Agitur
344 4384 379 4443 de
419 4385 498 4444 amis
537 4385 645 4443 Athen.
673 4385 732 4443 VH
769 4404 796 4461 p.
822 4384 929 4444 2VVF
958 4403 1038 4461 seqq.
1069 4383 1170 4444 Sotad.
1202 4381 1289 4442 OAF
1319 4385 1352 4444 Π

198 4492 225 4547 p.
241 4473 315 4548 448,
331 4474 371 4532 26
383 4472 417 4531 Κ.
456 4474 722 4534 Penthemimerem
736 4478 815 4534 recte
829 4472 971 4534 traditam
987 4492 1046 4533 uon
1061 4478 1106 4533 est
1120 4492 1172 4533 cur
1184 4476 1352 4536 mutemus:
