3060 5010
209 356 252 422 86
664 350 734 404 aa.
754 353 902 405 soe-210.

209 524 308 585 Verba
331 521 485 583 οοαονλλννν
506 522 584 594 sossi
600 521 728 594 placent,
756 538 831 596 quae
854 520 1011 578 mutarunt
1033 519 1174 596 editores,
1203 519 1359 600 intelleges

210 614 390 692 comparatis
418 608 505 672 Ouid.
529 630 564 670 ex
586 607 731 670 Pont.IV
751 612 785 685 2,
804 610 845 669 23
873 609 914 669 do
940 611 1060 670 ueniam
1086 612 1168 685 fasso
1191 631 1248 671 am.
1262 610 1310 669 III
1330 613 1359 687 9,

211 706 252 765 35
285 704 423 779 λςνοοολλο
453 703 535 776 fosso
565 698 678 760 heroid.
696 698 752 758 XV
778 702 816 759 11
842 699 948 767 Parce,
975 717 1095 774 praem,
1126 702 1208 775 fasso
1239 702 1358 760 metam.

210 793 285 854 XIII
304 793 367 852 189
391 791 467 852 lane
485 790 617 865 quidem
634 791 737 863 fotam,
759 791 895 864 fessoque
913 791 1044 863 λμνοοοολ
1060 787 1191 859 Atrides
1208 789 1360 863 dispoliem

210 884 290 944 λοννλ
311 883 365 943 1αο
388 883 490 956 iniquo
512 879 608 940 iudice
631 896 753 939 οοαοονα
773 879 801 937 X
821 879 885 937 483
909 870 1005 962 (488)
1032 878 1090 939 Est
1117 879 1189 939 tales
1212 879 1360 954 complexa

206 990 325 1048 preces:
348 966 387 1031 Ὃ
409 971 437 1030 st
458 987 517 1044 que
534 971 652 1044 palea,
671 969 804 1037 ννωὶνο,
823 962 972 1043 eonfesme’
992 987 1087 1045 neque
1106 968 1195 1028 aliter
1212 968 1361 1029 rhetorica

211 1061 298 1123 dooet
324 1059 497 1120 Aristotelis
515 1058 585 1119 Π3
613 1078 642 1136 p.
659 1058 746 1119 1380
769 1077 788 1116 a
818 1060 857 1116 17
885 1055 960 1135 πρὸς
989 1052 1021 1117 di
1049 1056 1118 1130 τοὺς
1146 1054 1362 1138 ὁμολογοῦντας

211 1150 334 1223 δικαίως
360 1148 537 1220 κολάζεσθαι
563 1145 724 1226 παυόμεθα
750 1145 947 1225 θυμούμενοι.
991 1146 1205 1207 Nominatiuus
1236 1148 1361 1224 pluralis

213 1244 247 1301 ut
270 1238 350 1299 Suet.
364 1238 442 1318 Aug.
458 1240 499 1298 33
525 1233 655 1298 ‘nonnisi
678 1237 805 1298 confessi
833 1235 1013 1297 adficiuntur
1034 1237 1091 1297 bae
1113 1232 1231 1315 poena'.
1275 1237 1360 1296 Nihil

213 1331 312 1408 aptius
335 1329 366 1388 in
389 1329 445 1388 bae
469 1326 619 1388 sententia
645 1329 745 1403 potest
770 1326 896 1402 repen‘ri
923 1344 1014 1402 quam
1042 1326 1122 1402 quod
1148 1325 1294 1387 traditum
1316 1328 1363 1387 est

212 1420 337 1480 uerbum
360 1418 505 1494 placandi
531 1436 626 1493 neque
654 1417 715 1476 alio
742 1414 830 1475 modo
856 1415 999 1492 poterunt
1027 1416 1164 1495 intellegi
1190 1417 1222 1476 bi
1249 1434 1361 1490 uorsus,

212 1510 272 1569 nisi
303 1509 329 1569 si
360 1510 513 1568 statuetur
544 1504 646 1582 turpia
677 1504 770 1564 uerba
798 1505 840 1564 eis
867 1505 1015 1566 contineri
1043 1505 1146 1565 mariti
1173 1505 1211 1566 ad
1240 1524 1362 1566 uxorem

213 1600 303 1672 faeta
326 1615 404 1674 quae
426 1595 548 1657 deorum
577 1597 654 1654 iram
676 1595 793 1653 metuat
813 1594 1032 1672 lacrimansque
1054 1594 1199 1675 religione
1221 1613 1284 1655 sese
1306 1597 1362 1654 im·

214 1687 311 1764 pedin'
334 1686 444 1746 elamet
466 1684 624 1761 quominus
647 1703 682 1743 ex
704 1684 807 1743 mariti
827 1684 952 1745 oonsilio
979 1685 1068 1761 lupae
1091 1685 1222 1745 moribus
1245 1686 1363 1761 utatur3

215 1797 286 1837 nam
317 1775 521 1835 meretricibus
553 1774 623 1834 deos
655 1773 816 1833 seeundum
842 1774 997 1850 scriptoris
1024 1774 1202 1834 sententiam
1233 1792 1295 1835 esse
1318 1776 1362 1834 in·

213 1867 305 1926 festos
332 1883 419 1924 nemo
447 1866 554 1940 opinor
581 1883 615 1923 ax
642 1863 690 1922 bis
717 1863 816 1922 uerbis
843 1862 1031 1924 confirmabit
1058 1868 1090 1923 tu
1111 1865 1223 1940 inpune
1245 1865 1362 1939 luparia.

214 1954 374 2016 Probabile
397 1952 524 2031 denique
547 1954 593 2012 est
615 1952 738 2030 propter
760 1953 833 2013 haee
861 1952 928 2030 ipsa
950 1952 1043 2013 uerba
1064 1953 1213 2013 Lucilium
1236 1953 1313 2014 libro
1335 1953 1364 2010 V

215 2046 310 2124 egisse
328 2044 365 2104 da
384 2042 470 2121 inio
488 2043 541 2103 illo
561 2042 612 2119 qui
631 2041 720 2102 Festo
739 2044 860 2101 auctore
879 2063 907 2120 p.
925 2045 986 2103 173
1008 2038 1248 2103 ‘Pararhenebon
1266 2042 1364 2104 dietus

214 2137 260 2194 est
283 2133 362 2210 quod
380 2133 537 2194 almularet
554 2131 760 2208 dormientem,
783 2150 841 2207 quo
859 2133 1033 2206 impolitius
1055 2151 1130 2192 uxor
1148 2134 1210 2192 eius
1229 2133 1364 2192 mosoba-

215 2225 311 2284 retur:
334 2224 398 2282 eius
420 2223 557 2282 meminit
582 2216 735 2282 Lucilius'.
780 2220 858 2280 Vide
881 2221 919 2281 ad
941 2223 1203 2283 111οο1λ.11.1223.

305 2304 389 2373 208.
412 2311 528 2372 Nonius
551 2333 579 2390 p.
595 2313 669 2388 515,
689 2313 708 2372 3
728 2330 763 2371 er
782 2311 977 2390 grammatico
997 2307 1150 2371 ‘Minutim
1168 2332 1223 2388 pro
1241 2312 1364 2372 minute.

215 2402 347 2462 Lucilius
370 2400 422 2460 lib.
435 2400 465 2459 V
488 2395 560 2461 “die
580 2448 585 2459 .
602 2448 607 2459 .
624 2447 630 2458 .
648 2396 815 2480 nigrore'’.'
852 2399 952 2461 Verba
975 2419 1048 2460 sana
1070 2403 1141 2461 sunt
1163 2401 1277 2461 omnia:
1296 2403 1367 2461 eonf

214 2491 468 2552 11111111111340
491 2484 550 2550 ‘uis
571 2508 626 2550 nos
644 2492 741 2551 faeere
763 2490 864 2550 omnia
882 2485 984 2570 eogit'.
1025 2490 1179 2551 Noeturno
1198 2492 1279 2551 furto
1298 2511 1365 2551 eum

216 2580 329 2641 oibaria
357 2579 459 2640 ablata
485 2580 598 2640 fuerint
624 2580 655 2638 in
683 2580 760 2639 oella
786 2580 923 2657 penaria,
955 2598 1058 2640 seruus
1089 2580 1216 2641 mendax
1248 2581 1300 2657 qui
1330 2599 1366 2640 ea

217 2670 429 2749 abligurrierat
455 2670 572 2730 dixerat
600 2669 756 2746 quaerenti
788 2669 908 2729 domino
940 2670 1034 2730 feram
1066 2671 1243 2730 usamentum
1275 2674 1365 2731 nootu

215 2761 369 2837 irrepeIsse
393 2777 486 2837 eaque
510 2758 674 2819 deuorasse.
717 2758 792 2817 Tum
816 2757 953 2819 dominus
976 2759 1021 2818 ait
1039 2753 1146 2819 ‘feram
1171 2760 1256 2819 illam
1276 2778 1365 2820 saeua

216 2851 291 2909 fami
314 2848 361 2909 dio
384 2866 474 2926 quam
498 2851 587 2927 eogat
607 2849 655 2908 uis
677 2850 721 2908 ite
743 2849 884 2908 minutim
910 2868 964 2925 per
992 2849 1199 2909 commissuras
1222 2851 1365 2909 rimarum

216 2938 312 3000 noetis
339 2933 479 3016 nigrore'.
528 2937 602 2998 Hor.
621 2939 706 3013 epist.
726 2936 741 2994 Ι
762 2940 790 3011 7,
810 2939 850 2997 29
880 2930 969 2997 ‘forte
996 2957 1051 3015 per
1081 2941 1241 3027 angustam
1266 2941 1366 2999 tenuis

217 3028 377 3105 uulpeeula
398 3029 506 3088 rimam
533 3029 668 3104 repserat
696 3029 727 3085 in
751 3045 900 3086 eameram
922 3028 1073 3102 frumenti,
1096 3030 1242 3104 pastaque
1264 3047 1366 3089 nuens

217 3118 261 3177 ire
288 3117 368 3177 foras
395 3117 484 3194 pleno
510 3115 653 3176 tendebat
678 3133 802 3193 corpore
825 3112 957 3176 frustra'.
1003 3117 1107 3177 Noctis
1129 3118 1263 3194 nigrore,
1286 3117 1367 3195 quod

217 3209 248 3266 et
271 3206 351 3283 apud
373 3205 538 3265 Pacuuium
560 3206 712 3265 inuenitur
735 3197 814 3286 (412
834 3197 885 3288 R),
907 3208 940 3265 in
963 3209 1044 3266 exitu
1064 3207 1147 3266 heroi
1170 3208 1205 3266 ut
1227 3206 1367 3284 μελαίνης

217 3293 324 3367 νυκτὸς
356 3290 474 3379 ἀμολγῷ
507 3295 639 3371 positum
670 3314 738 3355 eum
771 3297 811 3355 sit
837 3296 999 3372 utaturque
1027 3298 1058 3356 et
1083 3295 1240 3356 Lucretius
1257 3295 1305 3356 III
1324 3298 1366 3356 39

216 3385 273 3444 boe
291 3384 447 3458 uocabulo,
468 3382 506 3443 ab
525 3384 616 3443 Ennii
635 3383 792 3444 annalibus
810 3384 930 3445 uidetur
949 3403 1010 3445 esse
1030 3388 1182 3464 sumptum
1201 3405 1220 3445 a
1237 3385 1367 3446 Luoilio:

218 3469 350 3532 Homo
375 3474 438 3533 323
468 3465 532 3532 ὥστ’
560 3468 595 3551 νἠἒ
622 3473 703 3552 βοῶν
730 3469 838 3553 ἀγέλην
865 3469 885 3552 ἢ
912 3481 979 3534 πῶυ
1010 3466 1069 3555 μέγ’
1099 3473 1173 3535 οἰῶν
1200 3480 1277 3555 θῆρε
1305 3473 1367 3535 δύω

217 3557 358 3623 κλονέωσι
389 3561 529 3640 μελαίνης
559 3560 666 3636 νυκτὸς
695 3558 814 3646 ἀμολγῷ
846 3566 877 3621 Λ
901 3565 964 3623 173
997 3562 1034 3636 ἅς
1065 3585 1094 3625 τε
1129 3560 1203 3626 λίαν
1238 3561 1368 3644 ἐφόβησε
1498 3647 1501 3651 ⁴

219 3648 318 3730 μολὼν
341 3648 374 3712 ἒν
396 3649 503 3724 νυκτὸς
525 3647 643 3735 ἀμολγῷ
667 3643 784 3734 (Eurip.
803 3653 909 3730 fragm.
930 3654 994 3713 104
1008 3643 1060 3734 N).

310 3733 393 3803 210.
425 3741 541 3801 Nonius
570 3762 598 3818 p.
618 3742 697 3811 455,
723 3742 764 3800 14
804 3736 958 3802 ‘Rostrum
989 3743 1119 3804 hominis
1235 3743 1368 3803 Lucilius

219 3834 389 3908 satyrarum
416 3831 510 3891 lib.V
538 3826 598 3890 “ne
692 3825 854 3908 apaetes”.'
906 3830 988 3902 Quae
1015 3834 1071 3893 boo
1097 3833 1163 3894 loeo
1191 3836 1370 3893 enarrantur

219 3920 300 3980 faeta
323 3939 386 3982 esse
409 3923 533 3981 exeunte
556 3940 634 3982 anno
657 3939 757 3982 mense
779 3922 841 3981 fere
859 3921 1015 3982 Deoembri
1038 3924 1165 3999 apparet
1188 3943 1204 3982 e
1222 3922 1368 3984 uocabulo

220 4011 371 4086 ἀωὶοααλλ.
419 4010 592 4088 Comparari
614 4013 714 4088 potest
736 4009 991 4086 Honsermlb,
1012 4013 1075 4070 120
1100 4007 1233 4089 ‘Marsya
1260 4013 1314 4089 qui
1337 4031 1368 4073 se

220 4099 336 4158 uoltum
359 4101 436 4160 ferre
458 4102 549 4179 negat
566 4101 734 4161 Nouiorum
756 4118 842 4178 posse
861 4096 1005 4162 minoris'.
1047 4099 1106 4161 Cio.
1126 4101 1162 4160 de
1184 4102 1242 4179 leg.
1261 4101 1369 4180 agr.11

222 4188 262 4245 93
289 4183 365 4247 ‘Iam
387 4208 458 4249 uero
480 4192 599 4250 uultum
623 4189 744 4251 Considi
766 4190 868 4250 uidere
897 4190 1054 4251 ferundum
1077 4192 1129 4249 uir
1152 4185 1238 4250 erat'.
1284 4189 1369 4261 Quod

220 4278 350 4336 rostrum
372 4278 520 4356 pedesque
543 4282 773 4357 componuntur,
800 4280 911 4339 mirum
938 4280 1070 4340 uideturz
1097 4282 1229 4356 praetori
1256 4281 1368 4340 rustioo

222 4359 374 4426 ‘rusticius
405 4370 492 4427 tonso
524 4370 597 4447 toga
628 4368 776 4429 defluebat
807 4372 838 4428 et
869 4369 947 4428 male
979 4370 1064 4428 laxus
1093 4370 1125 4427 in
1153 4368 1227 4445 pede
1254 4369 1369 4430 calceus

220 4451 372 4515 haerebat’
398 4448 614 4537 (Hor.s0rm.1
633 4459 661 4527 3,
682 4449 748 4539 31).
794 4458 953 4518 Hominem
980 4461 1136 4536 praeterea
1163 4459 1369 4536 turpissimum
