3030 5002
616 360 629 420 1
646 381 673 419 u.
693 367 809 422 ec-el.
989 358 991 362 ’
1243 359 1282 428 17

132 538 227 613 prior,
259 537 310 610 qui
331 536 483 610 praecedit
508 553 587 608 eum,
619 538 670 609 ονι·
691 551 835 608 praeseus
862 538 911 593 est.
962 531 1020 592 Sed
1046 533 1125 593 male
1151 549 1206 610 pro
1235 535 1285 592 uir

136 627 239 703 posuit
260 628 312 685 uic
330 644 389 684 nou
408 624 598 685 considerans
616 627 648 683 et
666 622 746 700 apud
763 621 928 682 Lucianum
946 623 1009 682 Iou.
1027 624 1103 701 trag.
1126 624 1166 681 15
1181 622 1285 681 Iouem

137 715 207 776 deos
234 715 347 791 alloqui
378 711 485 793 ἄνδρες
516 714 587 774 θεοί
616 717 648 773 et
679 713 759 790 apud
791 711 934 773 Senecam
965 712 1285 788 apocoloc.91anum

137 808 254 882 patrem
272 804 331 863 dici
349 804 499 864 hominem
518 805 712 880 quantumuis
730 803 858 862 uestrum.
895 800 974 862 (loni
988 804 1143 879 praeterea
1159 800 1272 877 Archip

137 912 194 970 pus
216 894 347 953 comicus
369 894 476 972 fragm.
497 895 538 952 29
559 885 650 974 (CAN
668 892 685 950 Ι
706 912 735 969 p.
756 884 935 973 685Koelr.)
959 891 1011 950 ubi
1033 893 1128 967 pisces
1151 889 1286 967 adloqui-

138 988 189 1042 tur
219 984 336 1062 legatus
368 978 474 1062 ἅνδρες
507 981 610 1062 ἰχθύες
641 986 671 1041 et
703 1000 779 1058 quae
811 981 976 1041 Meinekius
1009 980 1048 1039 ad
1078 980 1157 1039 hunc
1188 980 1287 1039 locum

139 1064 184 1154 (2,
200 1065 278 1153 723)
303 1072 431 1131 contulit
449 1071 564 1130 Timaei
587 1064 709 1152 (Athen.
728 1070 760 1129 H
779 1063 869 1151 ew)
892 1066 999 1148 ἄνδρες
1020 1069 1171 1150 Τρίτωνες,
1194 1069 1286 1128 Athe·

139 1164 207 1220 naei
224 1161 268 1221 IV
289 1161 386 1221 160B
409 1152 433 1220 ὦ
455 1157 562 1242 ἄνδρες
584 1159 679 1232 κύνες.
724 1159 892 1235 Neptunus,
915 1160 964 1218 cui
987 1177 1106 1219 uersum
1129 1159 1287 1218 tribuimus

140 1252 229 1310 sicuti
251 1271 299 1309 uu
321 1252 450 1310 26-29
475 1250 597 1309 uidetur
619 1249 741 1309 laudare
764 1248 936 1324 Apollinem
960 1251 1012 1324 qui
1037 1248 1162 1307 concilio
1189 1249 1288 1325 priore

140 1340 213 1417 quid
240 1343 341 1400 actum
368 1340 410 1399 sit
436 1340 567 1416 quidque
594 1341 659 1416 ipse
686 1338 801 1417 rogarit
828 1341 1012 1415 exposuerat.
1063 1336 1159 1397 Sicuti
1188 1357 1288 1396 muros

141 1429 259 1504 Troiae,
291 1432 336 1488 ita
363 1428 475 1489 Romae
502 1429 584 1488 urbis
612 1428 751 1488 delendos
779 1446 841 1487 esee
873 1427 1008 1487 funditus
1039 1427 1092 1486 ille
1121 1429 1289 1486 censuerat:

140 1538 207 1579 cum
236 1521 330 1578 fratre
358 1519 506 1578 consentit
533 1519 691 1596 Neptunus
719 1518 809 1577 aiendi
836 1517 917 1594 apud
944 1516 1107 1577 Homerum
1130 1519 1173 1575 M
1185 1518 1225 1575 17
1249 1513 1289 1593 δὴ

143 1606 205 1668 τότε
228 1607 391 1686 μητιόωντο
415 1606 591 1668 Ποσειδάων
613 1605 665 1666 ecl
684 1601 834 1667 Ἀπόλλων
855 1610 948 1685 τεῖχος
971 1603 1146 1684 ἀμαλδῦναι.

230 1689 288 1759 31.
307 1696 484 1757 Lactantius
502 1697 594 1756 diuin.
614 1697 708 1756 instit.
727 1695 756 1753 V
777 1698 827 1771 14,
848 1698 865 1755 3
888 1691 1075 1770 ’οοιοοοᾱεε,
1094 1694 1290 1755 Academicus

141 1789 238 1847 sectae
259 1786 463 1864 philosophus,
486 1789 570 1846 cuius
593 1786 626 1845 in
648 1785 818 1845 disserendo
842 1803 918 1861 quae
941 1785 989 1845 uis
1012 1785 1112 1858 merit,
1135 1803 1211 1860 quae
1230 1784 1290 1843 elo-

142 1877 273 1953 quentia,
296 1876 375 1952 quod
399 1895 532 1951 acumen,
556 1876 608 1952 qui
631 1876 725 1934 nescit
747 1875 854 1951 ipsum,
877 1893 912 1933 ex
935 1873 1155 1950 praedicatione
1175 1872 1290 1933 Cicero·

142 1966 188 2025 nis
210 1966 377 2045 intelleget,
405 1968 459 2025 aut
481 1964 604 2039 Lucilii,
632 1964 712 2040 apud
735 1984 824 2041 quem
847 1963 992 2024 disserens
1014 1963 1172 2040 Neptunus
1196 1963 1232 2022 de
1258 1982 1291 2022 re

143 2055 320 2114 difficillime
343 2055 475 2114 ostendit
497 2074 556 2114 non
579 2073 665 2129 posse
691 2054 724 2112 id
751 2054 906 2130 explicari,
935 2049 1019 2113 “nou
1038 2099 1045 2112 .
1061 2100 1067 2110 .
1083 2099 1089 2112 .
1108 2047 1289 2112 remittut’'.'

143 2143 225 2204 codo
247 2143 400 2204 Laetantii
422 2142 496 2203 BSP
523 2144 720 2220 deprauatam
744 2143 883 2202 exhibent
906 2143 1063 2201 lectionem
1086 2160 1139 2201 nec
1165 2145 1192 2201 si
1219 2141 1292 2201 Oar-

142 2235 263 2293 neodcn.
301 2233 397 2292 Locus
419 2236 501 2294 totus
522 2252 542 2291 a
559 2233 717 2293 Lactantio
737 2233 909 2308 desumptus
929 2234 974 2292 est
992 2251 1027 2291 ex
1047 2231 1195 2291 Ciceronis
1214 2231 1291 2291 libro

143 2323 179 2383 de
200 2343 262 2399 rep.
281 2322 328 2381 ΙΠ
351 2314 401 2405 (5,
421 2324 560 2398 9-e,9
589 2342 617 2398 p.
638 2324 701 2381 335
727 2321 796 2381 edit.
826 2319 856 2379 (l.
871 2322 904 2380 F.
919 2321 965 2379 W.
980 2313 1145 2402 Muelleri),
1177 2320 1230 2379 ubi
1256 2320 1293 2379 de

144 2412 336 2472 celeberrima
350 2410 512 2472 Carneadis
530 2412 681 2491 legatione
699 2414 802 2490 egerat
821 2409 923 2470 Cicero
942 2412 1024 2470 facta
1040 2404 1292 2490 ann0599s155:

144 2501 281 2560 audierat
298 2500 432 2562 Lucilius
454 2501 665 2578 philosophum
686 2520 753 2560 cum
771 2500 883 2560 Romae
901 2500 955 2559 illo
974 2519 1051 2560 anuo
1071 2500 1191 2577 degeret
1209 2490 1293 2580 (uide

144 2591 278 2668 prolegg.
297 2610 325 2666 p.
344 2583 466 2672 XXIV).
519 2591 624 2667 Neque
655 2595 756 2650 tamen
787 2590 870 2650 illius
901 2591 1044 2665 temporis
1076 2608 1190 2648 memor
1220 2588 1294 2647 haec

144 2681 264 2757 scripsit
298 2680 507 2740 tantummodo
544 2679 676 2740 Lucilius
713 2680 764 2740 sed
800 2680 919 2755 scriptis
953 2676 1131 2738 clitomachi
1168 2679 1221 2753 qui
1255 2676 1294 2735 ed

144 2773 264 2847 poetam
283 2768 425 2828 Latinum
447 2769 557 2828 librum
580 2771 703 2830 miserat
724 2769 856 2828 imbutus
875 2767 982 2844 quibus
1002 2765 1204 2827 Clitomachus
1224 2764 1294 2824 Car·

144 2858 247 2918 neadis
280 2859 446 2917 doctrinam
478 2858 601 2935 udicare
633 2856 756 2936 ἐφώτισε
788 2850 888 2938 (Diog.
912 2856 1010 2917 Laert.
1030 2857 1074 2914 [v
1094 2848 1159 2937 67).
1211 2853 1295 2914 Obiit

146 2947 313 3008 Oameades
349 2951 426 3007 teste
458 2948 642 3025 Apollodoro
678 2951 711 3006 in
747 2948 892 3007 chronicis
929 2940 1030 3027 (Diog.
1055 2945 1154 3004 Laert
1173 2944 1216 3003 IV
1237 2938 1294 3025 65)

146 3037 309 3111 ο1.162,4
328 3054 407 3096 anno
427 3032 571 3115 625s129
592 3040 646 3096 aut
664 3031 821 3115 erasme:
844 3055 904 3112 qua
923 3036 959 3096 de
977 3055 1009 3094 re
1028 3039 1142 3114 egimus
1160 3035 1294 3112 prolegg.

146 3147 175 3203 p.
193 3125 253 3185 XL.
292 3124 374 3195 Quae
398 3126 438 3186 sit
460 3145 506 3186 res
529 3126 584 3186 illa
606 3125 784 3185 difficillima
808 3145 884 3202 quae
906 3145 944 3184 ue
968 3124 1156 3185 ailamecde
1175 3123 1295 3200 quidem

146 3216 243 3296 possit
263 3215 419 3293 explicari,
446 3235 506 3275 nou
529 3215 655 3275 tradidit
676 3215 865 3275 Lactantius:
892 3215 944 3275 sed
970 3213 1181 3291 philosophum
1209 3213 1296 3273 illum

147 3304 184 3365 de
206 3305 252 3365 dis
275 3305 306 3362 in
329 3308 486 3380 utrumque
513 3309 631 3380 partem
658 3304 826 3382 disputasse
854 3305 900 3364 his
928 3310 1056 3382 apparet
1082 3303 1180 3364 uerbis
1204 3302 1296 3362 Clito·

146 3393 245 3454 machi
275 3394 355 3471 apud
383 3393 505 3453 Sextum
534 3394 718 3472 Empiricum
746 3415 774 3470 p.
796 3395 869 3468 429,
889 3394 956 3453 eB:
984 3390 1149 3472 ἠρώτηντοιι
1177 3388 1209 3452 δὲ
1237 3389 1296 3453 ene

147 3491 200 3543 τοῦ
224 3481 400 3564 Καρνεάδου
422 3481 472 3543 eol
495 3493 656 3562 σωριτιιιῶς
678 3481 766 3558 τινές,
789 3480 842 3554 οὓς
865 3480 1048 3563 ὀγνώριριος
1065 3479 1159 3541 αὐτοῦ
1177 3480 1296 3542 Κλειτό-

147 3593 239 3651 μαχος
257 3568 297 3645 ὥς
315 3571 568 3645 οπουὸοιιοτοὶτοος
586 3571 635 3632 καὶ
654 3569 889 3642 ἀνυτικωτάτους
907 3568 1086 3652 ἀνέγραψεν,
1108 3569 1226 3650 ἔχοντας
1244 3568 1297 3630 τὸν

148 3661 258 3742 τρόπον
281 3668 398 3722 τοῦτον·
427 3661 454 3722 εἰ
476 3660 552 3733 Ζεὺς
574 3661 646 3734 θεός
669 3659 738 3739 ἐστι,
761 3659 811 3720 καὶ
834 3657 850 3720 ὁ
874 3660 1031 3721 Ποσειδῶν
1056 3659 1129 3732 θεός
1151 3658 1296 3720 tortu...

148 3749 176 3811 rt
202 3747 234 3811 δὲ
262 3748 278 3811 ὁ
307 3750 462 3810 Ποσειδῶν
488 3751 561 3823 θεός
586 3749 647 3811 ἔστι
678 3749 727 3810 καὶ
752 3744 890 3830 ’tigridus
921 3748 1001 3811 ἔσται
1027 3749 1099 3821 θεός
1208 3746 1257 3807 nul
1280 3745 1297 3807 ὁ

149 3841 258 3912 Νεῖλος
357 3837 407 3899 rol
429 3849 488 3911 τεᾶς
510 3839 641 3918 ποταμός
739 3838 788 3899 nul
811 3839 844 3900 οἱ
867 3839 975 3920 ῥύοιτες
1072 3836 1122 3897 καὶ
1149 3837 1185 3897 οἱ
1208 3837 1297 3917 χοιρά-

150 3928 225 4009 δροι.
250 3927 316 4007 οὐχὶ
343 3926 375 3988 δὲ
402 3929 435 3990 οἱ
457 3929 577 4010 Mense·
610 3926 680 3989 οὐδὲ
708 3925 724 3988 ὁ
747 3928 824 4001 Ζεὺς
849 3926 907 4008 ἄρα
934 3928 1006 4000 θεός
1034 3926 1121 3988 ἐστιν.
1153 3926 1181 3986 εἰ
1207 3922 1239 3985 δέ
1266 3948 1297 4007 γε

150 4010 227 4095 ἦσαν
249 4017 332 4094 θεοί,
359 4015 409 4078 nul
432 4015 448 4078 ὁ
472 4018 548 4091 Ζεὺς
571 4011 609 4098 ἦν
631 4015 670 4078 ἂν
692 4017 772 4091 θεός.
800 4016 856 4078 οὐκ
883 4014 940 4098 ἄρα
966 4015 1034 4078 θεοὶ
1061 4015 1136 4077 εἰσίν
1159 4008 1298 4097 (Viclrius

150 4107 250 4167 Herm.
269 4107 411 4166 XXXVII
431 4110 515 4168 1902
538 4130 567 4185 p.
584 4100 759 4189 Xdlseqq.).
800 4107 845 4166 De
867 4107 1038 4183 philosophi
1055 4106 1220 4182 impietate,
1246 4107 1299 4182 qui

151 4199 274 4275 negaret
301 4197 371 4256 deos
397 4215 459 4256 esso
487 4196 654 4257 deliberant
680 4196 710 4256 di
737 4199 769 4256 iu
792 4196 917 4256 Luciani
942 4197 1015 4256 Ioue
1042 4194 1198 4273 tragoedo:
1231 4196 1302 4254 coni

153 4305 228 4361 quae
252 4285 461 4346 adnotauimus
483 4287 523 4346 ad
540 4308 589 4346 uu.
611 4289 705 4346 1312.
742 4286 895 4345 Praesenti
913 4288 1043 4345 remittet
1061 4288 1193 4344 utentem
1211 4283 1298 4344 deum

152 4375 350 4436 immortalem
373 4375 471 4452 lepide
494 4377 569 4436 iacit
590 4378 688 4452 poeta,
711 4395 778 4434 cum
801 4374 943 4434 mortales
964 4377 997 4433 iu
1015 4374 1102 4434 rebus
1122 4393 1197 4450 quae
1216 4373 1299 4432 nullo

154 4468 241 4539 pacto
263 4467 380 4543 possint
401 4464 467 4525 fieri
489 4469 614 4526 utantur
636 4465 819 4541 imperfecto.

207 4573 292 4614 neuun
305 4575 354 4614 reu
368 4574 403 4614 «a
418 4573 499 4615 mu
521 4575 551 4614 ιτ
