3060 5010
568 340 572 346 ·
611 336 648 390 lx
666 354 694 391 u.
714 341 863 392 ιιι-ιιι.
1245 335 1306 404 131

161 500 357 583 ποιῆσαικαὶ
381 504 533 584 Πίνδαρος
560 496 598 564 de
625 503 695 566 oleo
719 503 807 566 θέσιν
829 504 862 567 τὸ
885 504 999 585 ποίημα
1021 503 1096 588 λέγει
1118 498 1251 589 (Olymp
1265 508 1312 568 111

164 585 219 675 14)
242 615 271 672 p.
288 595 362 669 319,
381 595 424 654 30
442 592 605 672 ἔθηκε...
625 591 812 674 ἐυποίησεν
828 588 904 673 ,ἀφ’
925 618 961 656 ου
948 588 1030 656 uel
1047 593 1168 669 θέσις*
1151 620 1170 675 η
1189 598 1309 676 ποίησις

161 680 240 762 παρὰ
260 675 465 768 Ἀλκαίῳ.-
495 685 567 744 343.
596 702 669 760 opas
695 706 788 745 unam
816 687 935 763 scripsi,
967 705 1027 762 quo
1058 687 1205 747 referatur
1232 688 1311 764 quod

160 772 272 851 legitur
294 793 322 832 u.
340 746 403 832 344
427 776 540 833 maius:
561 778 621 833 stoc
642 775 758 850 codd,
750 796 782 834 m
805 775 912 852 quibus
936 794 952 834 c
976 777 1049 853 etp
1072 775 1190 853 saepius
1207 775 1310 855 legun-

161 864 212 922 tur
233 863 372 922 cenfnsa:
399 863 468 921 uide
497 863 533 922 ad
564 863 728 924 libXXVI
749 885 779 923 ιι.
799 865 871 924 663.
917 865 1023 941 Neque
1050 866 1110 926 huc
1132 866 1206 926 facit
1228 863 1311 939 ἔπος

160 970 255 1011 unum
282 950 361 1028 quod
388 952 490 1028 posuit
517 951 739 1013 Lachmannns:
774 956 846 1014 conf
870 953 990 1015 Sueten.
1013 975 1042 1032 p.
1059 957 1114 1031 17,
1139 956 1200 1014 5Β
1228 951 1311 1032 ‘epos

161 1040 302 1100 Latinum
326 1042 440 1118 primus
463 1040 553 1121 digne
572 1044 693 1119 scripsit
711 1043 825 1104 Ennius
848 1044 970 1121 quires
989 1045 1191 1106 Romanorum
1209 1045 1310 1104 decem
1422 1064 1427 1075 ·

162 1134 192 1189 et
223 1133 291 1190 octo
323 1130 493 1207 complexus
526 1134 572 1190 est
598 1127 694 1192 libris'
724 1152 747 1192 e.
762 1154 790 1210 q.
805 1152 828 1194 s.
852 1133 904 1192 ubi
936 1133 1033 1194 editor
1064 1135 1191 1194 adnotat
1220 1134 1310 1214 schol

162 1219 285 1297 Dionys.
299 1219 404 1279 Thrac.
426 1221 503 1294 173,
524 1220 610 1281 2οΗ
632 1239 727 1298 seqq:
756 1218 871 1301 ἢέπος
897 1221 930 1283 τὸ
956 1220 1126 1304 ἑξάμετρον·
1156 1219 1254 1302 ἐκείνη
1278 1221 1310 1284 δὲ

161 1304 180 1386 ι)
207 1308 328 1387 ποίησις
358 1307 428 1381 ἔπος
459 1306 585 1389 λέγεται,
613 1309 658 1371 ὅτε
690 1308 722 1370 τὸ
755 1310 904 1389 σωμάτιον
936 1310 1006 1372 ὅλον
1040 1309 1073 1372 is
1100 1319 1152 1373 τοῦ
1180 1308 1311 1392 ἡρωϊκοῦ

160 1397 260 1478 στίχου
296 1397 452 1479 σύγκειται.
489 1431 533 1440 -
569 1401 642 1459 345.
679 1418 764 1465 nemo
798 1402 852 1477 qni
887 1401 991 1478 culpat
1026 1396 1204 1482 Homerum]
1242 1403 1314 1462 conf

161 1486 286 1567 Longin.
306 1487 342 1547 ds
365 1488 483 1548 sublim.
500 1489 556 1564 33,
575 1491 674 1548 4.-
633 1494 839 1564 —perpetao
862 1490 1014 1569 διηνεκῶς.
1055 1492 1175 1566 cupere
1193 1492 1310 1569 saepius

160 1575 307 1637 Lucilius.
325 1596 396 1637 nam
409 1580 577 1653 uituperare
590 1579 714 1638 uerbum
728 1580 835 1640 herous
849 1599 908 1640 non
923 1580 1070 1657 capit—
1028 1582 1159 1640 -347,
1176 1581 1311 1656 uerbum,

161 1661 344 1748 entymema]
367 1666 423 1727 hec
446 1687 506 1727 non
528 1668 689 1729 secundnm
712 1670 884 1730 Aristotelis
908 1670 1075 1731 doctrinam
1103 1673 1149 1730 cst
1169 1673 1311 1748 positum,

160 1755 211 1816 sed
234 1756 395 1816 secundum
423 1757 564 1818 Isocratis
592 1777 680 1818 usum
708 1760 761 1835 qui
788 1758 855 1818 adu
858 1759 1003 1907 ὸιοριιιιι.
1025 1760 1065 1819 16
1089 1760 1210 1836 scripsit
1237 1756 1309 1819 ests

160 1843 210 1905 sul
236 1851 298 1917 τοῖς
325 1843 517 1925 ἐνθυμήμασι
543 1845 713 1927 πρεπόντως
741 1845 812 1908 ὅλον
841 1845 893 1908 τὸν
916 1847 1005 1929 λόγον
1027 1851 1237 1909 manaseidai
1260 1846 1311 1909 ned

160 1938 222 2007 τοῖς
250 1930 394 2013 ὀνόμασιν
421 1933 581 2015 εὐρύθμοις
608 1934 658 1997 ιιοιι
688 1945 837 2016 μουσικῶς
859 1936 953 1998 eductu
984 1958 1069 2014 quem
1099 1957 1187 1998 usum
1210 1942 1311 1998 seruat

159 2024 283 2101 Dionys.
298 2023 395 2085 Halic.
414 2025 446 2083 ιιι
465 2026 585 2102 scriptis
603 2026 772 2086 rhetoricis:
791 2027 872 2087 locos
886 2029 1037 2106 congessit
1051 2026 1081 2088 6.
1093 2026 1127 2088 G.
1141 2028 1311 2106 Kruegerus

160 2112 283 2191 Dionys.
302 2113 399 2174 Helio.
421 2114 693 2194 historiographioa
721 2136 748 2192 p.
771 2117 844 2176 476.
881 2149 924 2158 -
956 2116 1002 2177 Ι)ι
1034 2116 1125 2176 Ennii
1157 2117 1310 2177 annalium

160 2203 256 2282 gloria
278 2223 381 2264 uersus
404 2203 515 2264 Lucilii
536 2206 742 2266 testimonium
765 2210 836 2266 sunt
858 2210 889 2266 et
912 2207 1064 2284 egregium
1087 2210 1117 2266 et
1140 2208 1310 2284 antiquum:

160 2293 251 2353 Ennii
278 2292 497 2354 hemistichium
526 2287 639 2376 (annal.
659 2297 724 2357 500
738 2289 781 2377 V)
809 2291 954 2356 ‘moribus
982 2291 1128 2373 antiquis’
1156 2299 1310 2357 mutuatus

161 2388 206 2444 est
223 2383 256 2442 L.
271 2384 432 2443 Mummius
453 2383 548 2444 Germ.
568 2383 635 2444 Lat.
653 2384 786 2463 Epigr.I
806 2387 880 2459 248,
900 2388 918 2444 2
933 2405 962 2461 p.
979 2386 1042 2444 116
1059 2385 1179 2460 Buech,
1192 2389 1311 2446 saturas

160 2474 251 2532 Ennii
282 2473 357 2534 bene
388 2474 474 2533 nouit
505 2474 670 2534 Terentius.
703 2505 746 2515 —
779 2468 884 2553 [Recte
916 2473 975 2534 duo
1002 2474 1112 2535 Lucilii
1139 2476 1310 2553 fragmenta

161 2564 319 2623 constituit
340 2562 432 2622 etiam
454 2562 547 2622 Nonii
569 2563 667 2623 editor
689 2563 870 2623 nouissimus
892 2562 1063 2640 Lindsayus
1085 2563 1104 2622 l.
1119 2582 1142 2623 s.
1157 2559 1193 2643 s]

250 2643 333 2712 348.
357 2650 440 2722 Quae
459 2651 580 2712 Horatii
598 2653 746 2728 interpres
764 2652 784 2711 l.
799 2670 821 2711 s.
840 2652 974 2728 adnotat
996 2672 1031 2712 ea
1049 2651 1197 2729 pertinere
1216 2651 1310 2711 mani·

159 2742 271 2801 festum
295 2743 340 2801 est
362 2741 400 2801 ad
425 2742 657 2818 orthographiae
680 2744 840 2818 praecepte
863 2741 948 2801 Accii
965 2761 984 2802 a
1002 2741 1120 2802 Lucilio
1139 2741 1310 2819 uituperate

160 2850 196 2891 ea
227 2833 331 2890 satura
362 2830 432 2890 libri
449 2830 493 2889 IX
526 2831 609 2890 cuius
641 2832 811 2909 fragmenta
843 2831 950 2891 abhinc
982 2830 1120 2907 deinceps
1149 2834 1309 2908 composui.

158 2920 265 2981 Priore
284 2921 364 2979 enim
382 2920 551 2997 fragmenta
569 2921 608 2979 ad
626 2922 824 2998 grammatica
846 2923 1007 2998 praecepta
1023 2919 1107 2980 Accii
1130 2920 1180 2979 uel
1193 2919 1310 2980 ¹Lucilii

159 3012 307 3086 pertinere
331 3008 410 3086 quod
432 3009 585 3069 nonnullis
608 3010 736 3088 placuit,
759 3009 790 3069 id
813 3010 896 3070 nullo
920 3012 982 3070 stat
1005 3013 1181 3087 argumento
1203 3009 1310 3087 proba-

158 3099 213 3159 bili
245 3118 341 3176 neque
372 3103 452 3158 recte
485 3098 623 3159 arbitrati
656 3102 727 3160 sunt
757 3099 867 3158 Lucilii
902 3099 1030 3159 editores
1063 3101 1158 3176 egisse
1189 3101 1310 3177 postem

159 3189 287 3249 libroIX
302 3189 362 3248 alia
382 3188 418 3249 de
435 3208 467 3248 re
486 3189 549 3248 ufla
567 3190 766 3266 grammatica
779 3192 898 3266 praeter
912 3188 1164 3269 orthographiam.
1201 3188 1310 3259 Qualia

159 3278 328 3358 fragmenta
349 3279 420 3338 libri
437 3279 480 3337 IX
502 3297 566 3340 esse
590 3282 670 3339 certo
694 3281 820 3356 constat,
843 3298 880 3338 ιι
898 3280 998 3338 οιιιιιιι
1016 3277 1052 3336 de
1071 3278 1310 3357 orthographicis

159 3369 247 3429 rebus
261 3370 415 3428 continent
427 3372 589 3445 praecepta
602 3371 714 3446 scripta
728 3371 807 3429 inter
821 3388 931 3428 annum
948 3370 1011 3428 638
1014 3362 1030 3448 s
1038 3373 1046 3426 1
1056 3370 1095 3427 16
1111 3371 1142 3427 et
1160 3370 1308 3447 644s110.

159 3458 260 3534 Atque
294 3459 391 3533 primo
428 3457 464 3517 de
500 3458 655 3518 uocalibus
691 3477 709 3517 a
746 3452 789 3540 (ιι.
810 3460 870 3518 351
898 3450 1008 3540 seqq),
1044 3476 1061 3516 e
1093 3450 1182 3539 (356.
1221 3452 1310 3540 357),

159 3550 172 3605 ι
199 3539 420 3628 (358-376),
452 3565 487 3606 ae
520 3542 609 3629 (371.
644 3541 735 3628 372),
774 3547 881 3608 deinde
917 3547 953 3606 de
989 3549 1246 3625 praepositionum
1277 3550 1310 3606 in

159 3637 259 3697 uerbis
283 3638 456 3713 compositis
479 3636 698 3697 mutationibus
717 3641 820 3715 egerat
837 3636 972 3697 Lucilius
996 3628 1217 3718 (373-381):
1239 3655 1310 3694 nam

160 3728 251 3786 etiam
283 3727 419 3786 obluctlio
456 3717 550 3808 (373)
578 3726 758 3786 uocabulum
786 3747 879 3787 unum
906 3728 952 3787 est
978 3727 1040 3786 illis
1067 3724 1252 3802 temporibus
1280 3728 1311 3784 et

160 3817 359 3894 compositum
381 3817 471 3876 sicuti
493 3815 588 3875 abluo.
629 3815 735 3892 Itaque
754 3818 851 3892 primo
870 3815 917 3886 ab,
935 3814 1004 3874 dein
1022 3815 1071 3889 ud,
1088 3832 1145 3888 per
1162 3817 1311 3873 tractarat

159 3907 408 3983 praepositiones:
436 3904 473 3964 de
501 3924 521 3981 q
549 3905 652 3964 littera
678 3909 871 3982 praeceptum
899 3895 995 3985 (382)
1027 3922 1088 3980 qno
1120 3903 1185 3963 loco
1217 3904 1310 3962 fuerit

159 3997 291 4071 positum
319 4013 379 4054 non
406 3997 499 4071 patet.
546 3993 670 4054 Secutus
698 3997 744 4054 est
772 3997 861 4072 poeta
888 3994 1048 4071 praecepta
1076 4010 1152 4068 quae
1175 3994 1208 4050 in
1231 3992 1309 4051 ludis

159 4083 258 4145 doceri
272 4084 362 4144 solita
375 4087 448 4144 sunt
463 4083 603 4162 uulgaria
622 4084 712 4143 sicuti
730 4082 939 4143 adnotauimus
958 4081 996 4140 ad
1014 4080 1095 4142 istud
1113 4079 1149 4140 de
1168 4100 1188 4157 q
1206 4081 1309 4140 littera

160 4174 361 4254 fragmentum
386 4174 449 4232 382
475 4176 505 4232 ιι
528 4172 566 4232 ad
589 4193 619 4231 ιι.
639 4173 703 4232 364
723 4191 803 4249 seqq.
849 4171 974 4231 Accium
1005 4170 1059 4229 illo
1086 4172 1221 4249 tempore
1249 4190 1309 4247 quo

159 4262 294 4324 Lucilius
322 4264 386 4323 eius
413 4262 581 4323 doctrinam
613 4264 805 4339 impugnauit
830 4280 890 4321 ιιοιι
920 4262 1051 4338 primum
1082 4264 1241 4338 praecepta
1272 4261 1309 4320 de

159 4352 345 4432 geminandis
368 4352 478 4412 litteris
501 4352 563 4412 alia
584 4352 745 4429 protulisse
768 4371 802 4411 eo
824 4350 953 4411 efficitur
971 4350 1050 4428 quod
1068 4351 1129 4409 iam
1148 4352 1180 4408 in
1198 4350 1310 4427 Popilii

159 4444 290 4503 miliario
325 4441 426 4502 ΟΠιΙ
451 4442 511 4501 551
547 4443 619 4501 anni
652 4436 800 4521 transt
833 4441 946 4519 legitur
973 4443 1142 4515 μσοιιοιιιε
1172 4440 1240 4500 uide
1272 4440 1309 4500 de

1058 4540 1096 4594 9*
