3030 5002
562 1210 716 1330 ‚L

219 1491 264 1550 De
287 1491 378 1550 titulo
397 1490 466 1549 libri
485 1489 553 1548 uide
576 1489 615 1549 ud
633 1510 661 1548 n.
683 1493 732 1550 19.
774 1489 864 1550 Liber
886 1490 901 1548 I
920 1493 1010 1550 sicuti
1030 1491 1106 1551 alter
1124 1496 1154 1551 et
1172 1493 1278 1552 tertius

133 1599 224 1639 unam
251 1578 458 1639 tantummodo
486 1581 668 1638 continuisse
695 1579 815 1639 uidetur
841 1583 976 1640 saturam
1004 1581 1091 1640 unius
1110 1584 1280 1659 argumenti

132 1688 192 1746 quc
216 1669 252 1729 (le
275 1670 451 1747 argumento
474 1668 543 1727 uide
566 1669 697 1746 prolegg.
717 1690 745 1745 p.
760 1668 870 1727 XXXV
889 1688 970 1746 seqq.

223 1751 256 1818 1.
284 1758 380 1817 Varro
408 1757 444 1817 de
471 1757 576 1835 lingua
602 1757 703 1817 Letv
724 1760 763 1816 17
790 1753 829 1816 ‘A
864 1777 923 1833 qua
956 1758 1099 1835 bipertita
1131 1759 1278 1819 diuisione

131 1847 286 1908 Lucretius
313 1865 434 1908 snorum
461 1865 555 1905 cumn
582 1850 613 1905 et
640 1848 752 1924 uiginti
784 1846 927 1906 librorum
954 1849 1075 1906 initium
1107 1849 1180 1907 fecit
1210 1849 1279 1908 hcc:

132 1932 284 1996 “aetheris
305 1931 536 2012 ...tempus''.'
579 1936 736 1996 Maelius
752 1937 862 1996 falsum
885 1956 947 1996 esse
972 1936 1105 2016 Scaliger
1127 1937 1205 1997 uidit
1227 1939 1279 2015 qui

130 2030 209 2086 recte
233 2026 341 2085 Lucilii
364 2045 471 2085 nomen
494 2027 641 2085 restituit:
665 2024 768 2085 eudem
791 2027 960 2102 corruptela
983 2026 1019 2086 de
1042 2027 1061 2084 l.
1076 2026 1143 2086 Lat.
1159 2027 1217 2085 VII
1237 2029 1278 2087 al

131 2108 245 2197 (incest.
260 2108 421 2196 u.1118):
448 2115 618 2174 scribebant
644 2115 762 2174 librarii
791 2111 840 2175 luc
868 2109 986 2196 (incest.
1000 2136 1028 2174 n.
1047 2119 1141 2191 1311,
1165 2115 1278 2176 Charis.

129 2226 158 2281 p.
175 2206 248 2280 207,
269 2207 287 2263 3
302 2196 345 2286 Κ)
368 2223 422 2280 pre
440 2205 576 2264 Mine
595 2207 626 2263 et
646 2224 700 2281 pro
719 2205 883 2265 Lucretius.
906 2208 997 2265 unius
1015 2225 1070 2281 pro
1087 2224 1181 2265 onum
1200 2206 1279 2282 quod

130 2294 346 2354 ecclesiasticae
373 2294 473 2370 potius
501 2297 578 2353 esset
604 2293 779 2353 Latinitatis
803 2286 937 2376 (Neueus
967 2294 1003 2353 (le
1026 2295 1129 2355 formis
1152 2296 1171 2353 l.
1186 2295 1219 2354 L.
1234 2287 1280 2353 Π8

130 2404 158 2460 p.
175 2376 255 2465 295)
278 2384 379 2459 posuit
400 2382 518 2442 Laetus.
565 2382 665 2442 Possit
687 2382 824 2442 dubitare
848 2385 916 2460 quis
943 2382 1052 2443 Lucilii
1075 2402 1183 2443 nomen
1205 2404 1278 2443 num

130 2476 209 2531 recte
236 2491 255 2531 a
281 2472 354 2532 uiris
382 2472 476 2531 doctis
498 2472 554 2531 hoc
576 2472 642 2532 loco
666 2475 854 2550 agnoscatur,
882 2474 908 2532 si
935 2491 994 2531 non
1023 2476 1173 2532 constaret
1200 2491 1279 2533 nouo

130 2565 225 2621 metro
249 2561 447 2638 compositum
469 2562 560 2620 fuisse
583 2561 694 2620 Lucilii
716 2560 826 2620 librum
848 2561 943 2637 XXII,
966 2561 1077 2621 librum
1098 2562 1169 2620 XXI
1191 2563 1279 2622 huius

131 2670 222 2728 quam
239 2651 336 2710 Varro
363 2653 575 2710 commemoret
602 2651 785 2711 collectionis
813 2651 905 2710 fuisse
926 2651 1081 2710 ultimum:
1110 2651 1189 2727 quod
1211 2651 1279 2711 ideo

131 2744 268 2817 apertum
291 2744 337 2799 est
360 2740 439 2815 quod
461 2759 498 2798 ne
521 2760 614 2799 unum
636 2740 757 2816 quidem
779 2739 867 2799 hodie
890 2743 953 2799 eius
980 2740 1052 2798 libri
1080 2743 1164 2798 extet
1191 2759 1279 2800 uoca-

131 2829 242 2888 bulum.
285 2829 382 2888 Varro
400 2829 480 2888 hunc
498 2828 606 2888 Lucilii
625 2848 747 2889 uersum
765 2828 897 2888 omnium
915 2832 991 2906 quot
1010 2829 1121 2888 adtulit
1138 2847 1280 2889 uersuum

131 2917 240 2977 Lucilii
267 2920 398 2995 primum
425 2919 538 2995 posuit:
567 2935 626 2994 qno
654 2937 742 2978 uersu
769 2921 859 2995 poeta
886 2937 947 2978 non
968 2922 1032 2978 tam
1055 2918 1165 2977 librum
1188 2918 1204 2977 I
1225 2921 1281 2995 qui

131 3006 253 3067 deorum
286 3008 445 3067 concilium
481 3007 652 3067 continebat
688 3027 779 3085 quem
815 3010 911 3067 totam
942 3008 1027 3066 illurn
1060 3028 1151 3084 qnam
1182 3007 1280 3068 Varro

131 3098 268 3157 nominat
293 3115 413 3156 exorsus
441 3101 487 3156 est
514 3099 684 3157 saturarnm
707 3098 919 3157 collectionem.
966 3097 1152 3157 Sententiam
1174 3102 1280 3174 poetae

131 3188 219 3245 iuuat
252 3186 400 3262 explicare
427 3186 553 3246 conlatis
581 3186 716 3246 uersibus
744 3186 891 3263 Propertii
919 3186 1025 3262 1110,
1047 3191 1063 3246 1
1084 3206 1164 3264 seqq.
1212 3183 1281 3248 ‘Sec

132 3279 244 3351 tempos
266 3277 393 3336 lustrare
416 3276 483 3335 aliis
505 3277 650 3336 Helicona
680 3277 788 3336 mercis
810 3277 852 3335 Er
874 3294 1010 3350 campum
1032 3277 1197 3336 Haemonio
1218 3280 1281 3337 mm

135 3365 208 3425 dere
230 3370 344 3439 tempus
366 3360 458 3439 eow’,
478 3364 606 3425 Senecae
625 3357 721 3446 (PLM
739 3365 782 3424 Ν
801 3386 829 3442 p.
847 3367 887 3424 74
907 3364 990 3424 B=
1005 3364 1058 3424 AL
1072 3357 1102 3425 Ι8
1119 3386 1147 3442 p.
1164 3367 1227 3425 329
1238 3358 1279 3447 R)

134 3449 222 3514 ‘Esse
240 3456 292 3514 tibi
309 3454 411 3514 uideor
429 3454 545 3514 demoto
555 3500 562 3512 .
574 3500 597 3512 ..
618 3454 701 3529 Quod
717 3472 778 3513 non
795 3458 848 3514 oct
863 3458 966 3529 moysi
977 3456 1104 3514 scribom
1111 3457 1281 3530 primordia

133 3538 246 3603 mundi’
272 3536 395 3625 (Paneg.
410 3543 539 3603 Messall.
556 3536 620 3623 18).
668 3541 836 3603 Genitabile
864 3547 909 3603 est
936 3543 1016 3620 quod
1044 3542 1150 3604 Graeci
1177 3544 1281 3603 dicunt

133 3630 166 3690 τὸ
196 3631 321 3711 γόνιμον
353 3624 402 3713 (αἱ
430 3629 516 3691 καλαὶ
546 3630 597 3692 καὶ
628 3630 746 3712 γόνιμοι
772 3641 832 3692 τῶν
860 3631 937 3693 ὅλων
964 3625 1038 3714 ὧραι
1066 3627 1220 3713 [sirint]
1245 3633 1280 3692 de

132 3721 267 3780 mund.5
291 3742 319 3798 p.
336 3722 397 3780 397
423 3739 442 3781 a
468 3716 522 3798 12)
550 3721 630 3798 quod
656 3722 838 3781 uocabulum
864 3724 991 3782 nouauit
1012 3722 1145 3782 Lucilius
1167 3742 1281 3783 memor

134 3810 264 3870 Enniani
282 3810 423 3870 nocebuli
438 3812 576 3886 cecitatis
591 3830 658 3870 ann.
672 3814 734 3871 115
746 3810 782 3886 V,
800 3811 917 3871 Lucilio
932 3812 1019 3872 debet
1032 3812 1189 3871 Lucretius
1199 3812 1280 3871 111:

133 3899 213 3959 idem
245 3899 272 3957 V
303 3901 386 3959 1212
419 3895 534 3959 ‘mundi
569 3900 709 3979 genitalis
745 3896 851 3979 origo'.
906 3901 1032 3962 Versum
1071 3902 1282 3976 pronuntiauit

134 3992 239 4064 poetae
269 4009 356 4065 quem
385 3989 472 4068 fingit
499 3989 701 4064 aduersarius,
732 3992 784 4066 qui
811 4010 880 4050 eum
907 3991 946 4049 ad
973 3989 1096 4067 physica
1122 3990 1281 4050 tractanda

134 4081 234 4154 potius
273 4081 473 4138 commoneret
510 4081 600 4139 sicuti
638 4078 827 4138 aduersarius
864 4080 916 4139 lib.
940 4079 1039 4138 XXVI
1066 4080 1085 4138 i.
1110 4099 1134 4139 e.
1173 4083 1280 4140 tertiae

134 4168 316 4229 collectionis
334 4170 431 4243 primo
449 4172 570 4244 poetsm
588 4171 745 4228 monuerat
763 4160 807 4248 (u.
823 4169 897 4229 620.
913 4162 1000 4251 621).
1038 4164 1141 4231 ‘Hunc
1154 4170 1280 4230 lotorem

134 4274 244 4327 mos,
267 4258 386 4316 leodem
407 4260 458 4330 qui
480 4258 533 4318 tros
555 4275 590 4318 cc
612 4260 741 4332 fractor
763 4259 841 4331 ferat
862 4258 1007 4332 Percrcpo
1024 4276 1159 4335 puqoom
1176 4259 1281 4333 Popili,

133 4347 215 4421 facto
238 4346 356 4406 Comeli
377 4341 469 4407 cocc’.
512 4345 606 4406 Senex
628 4350 719 4422 poeta
740 4346 787 4405 his
810 4347 909 4406 uerbis
932 4347 1137 4426 philosophiae
1161 4366 1280 4424 operam

134 4453 168 4495 sc
208 4435 324 4496 dedisse
367 4434 470 4495 sedulo
512 4435 662 4515 signifieat
699 4434 877 4495 Olitomachi
921 4439 1048 4497 amicus:
1096 4436 1281 4497 Parmenidis

188 4543 274 4585 naun
287 4543 472 4585 russum
499 4545 529 4585 rr
1052 4540 1067 4588 1
