3060 5010
544 377 620 437 xvn
639 399 666 437 u.
686 384 835 438 err-seo.
1201 382 1267 450 205

119 553 247 612 metrum
279 550 396 630 qualem
429 552 544 629 primus
575 554 605 611 in
639 553 749 613 litteris
777 552 917 613 adhibere
945 552 1062 614 Latinis
1095 573 1184 615 ausus
1207 574 1269 616 esse

118 643 237 703 uidetur
255 642 390 702 Lucilius
409 635 456 724 (1.
471 641 606 702 Muelleri
625 642 653 701 d.
672 663 695 701 r.
714 633 774 702 εει.1
791 664 820 720 p.
836 634 924 725 355).
965 643 1011 703 De
1033 645 1170 723 pugilum
1189 645 1269 722 apud

118 732 268 792 Lucilium
291 734 452 793 certamine
476 733 527 811 agi
549 732 664 792 indicat
685 733 837 810 Vergilius
865 733 1007 793 imitator.
1054 733 1096 792 Iri
1119 736 1150 794 et
1172 734 1269 793 Vlixis

119 841 251 901 pugnam
278 822 467 899 descripsisse
500 822 638 881 ancillam
668 840 767 882 coram
794 822 944 899 Penelopa
971 823 1117 898 suspicor:
1150 823 1270 900 scripsit

119 914 197 971 euim
225 911 372 972 Homerus
395 927 413 971 ο
437 912 477 972 66
493 929 574 988 seqq.
603 908 695 991 αὐτὰρ
720 903 878 984 Ὀδυσσεὺς
977 916 1067 989 φαῖνε
1095 909 1127 973 δὲ
1155 912 1269 992 μηροὺς

119 1000 227 1073 καλούς
254 1022 282 1061 τε
310 1000 455 1081 μεγάλους
482 1022 525 1076 τε,
555 1000 669 1078 φάνεν
698 996 736 1060 δέ
763 1001 799 1060 οἱ
823 998 943 1081 εὐρέες
965 994 1054 1080 ὦμοι
1077 1001 1211 1080 στήθεά
1234 1024 1268 1062 τε

118 1090 286 1171 στιβαροί
305 1112 334 1150 τε
357 1089 519 1171 βραχίονες.
561 1089 642 1159 Quae
662 1089 753 1150 uerba
772 1093 865 1150 uertit
882 1093 956 1151 satis
975 1091 1118 1152 audacter
1136 1091 1269 1151 Lucilius

118 1182 162 1239 ita
194 1183 230 1240 ut
259 1181 379 1241 datiuus
412 1180 451 1239 ad
483 1180 627 1254 adparent
658 1179 761 1240 eadem
792 1181 908 1239 ratione
941 1183 1096 1259 appositus
1128 1183 1181 1256 sit,
1210 1200 1269 1258 qua

120 1271 242 1329 uerbum
277 1270 500 1330 substantiuum
537 1287 597 1330 esse
633 1289 700 1329 cum
739 1268 842 1329 datiuo
873 1273 1010 1347 ponitur:
1048 1267 1170 1349 ‘magna
1202 1289 1269 1331 ossa

117 1360 281 1436 lacertique
304 1363 376 1420 suut
397 1355 532 1418 homini’.

209 1441 291 1509 549.
315 1449 432 1510 Nonius
464 1467 498 1507 ex
531 1451 727 1527 grammatico
759 1469 787 1526 p.
809 1451 886 1523 134,
906 1451 947 1509 33
977 1445 1139 1526 ‘Lanarum
1170 1446 1269 1530 <d>ea

119 1541 166 1598 cui
198 1539 370 1616 supplicant
400 1540 488 1598 fures.
514 1586 519 1597 .
541 1584 573 1597 ..
606 1538 739 1599 Lucilius
771 1538 822 1598 lib.
846 1537 933 1598 XVII
966 1534 1016 1599 “si
1052 1557 1158 1599 messes
1193 1542 1270 1614 focis

118 1630 219 1688 Musas
246 1631 272 1688 si
302 1629 408 1689 uendis
435 1622 634 1688 Lauemae”.’
685 1627 820 1689 Semissis
846 1630 955 1703 socient
983 1630 1092 1688 Musas
1120 1629 1143 1688 I.
1158 1629 1269 1703 Dousa,

118 1722 144 1778 εἰ
175 1721 304 1778 senrissis
335 1720 411 1792 focis
438 1719 547 1777 Musas
573 1716 790 1777 Lachmannus.
841 1718 906 1798 Ego
933 1737 992 1778 non
1021 1720 1117 1778 ausim
1149 1718 1270 1778 turbare

118 1808 198 1867 istud
221 1810 248 1867 si
270 1827 375 1868 messes
398 1811 482 1883 foris,
505 1827 572 1867 cum
592 1808 669 1867 hanc
688 1807 868 1868 locutionem
886 1808 1059 1868 sollemnem
1078 1826 1139 1869 esse
1158 1811 1268 1868 testen-

119 1902 169 1956 tur
183 1897 257 1957 Cato
276 1897 313 1956 de
332 1899 398 1976 agri
416 1898 485 1957 cult.
504 1899 609 1972 134,1
632 1893 822 1974 ‘Priusquam
842 1899 946 1958 messis
964 1893 1076 1972 facies',
1095 1897 1149 1957 ubi
1167 1901 1269 1957 mesas

119 1987 173 2048 cod
200 1986 295 2047 Paris.
317 1986 361 2057 A,
390 2005 510 2048 messem
547 1988 595 2046 uel
627 1988 742 2047 meram
780 1988 956 2047 recentiores
989 1987 1063 2048 codd
1095 1988 1143 2047 uel
1175 1986 1269 2061 editt,

120 2076 342 2136 colunum
369 2079 457 2137 initio
485 2072 565 2135 ‘cum
592 2076 789 2137 rubicundum
818 2077 946 2136 colorem
974 2080 1143 2152 traxerunt,
1165 2079 1269 2136 messis

120 2165 256 2225 facienda
278 2162 335 2225 est'
359 2167 417 2225 XII
438 2168 480 2226 10
502 2168 590 2226 initio
615 2161 680 2242 ‘per
703 2169 847 2226 aestatem
870 2167 948 2226 circa
966 2186 1091 2227 messem
1110 2167 1269 2227 ueletiam

119 2258 230 2315 exactis
262 2258 323 2316 iam
356 2251 522 2331 messibus'‚
555 2255 682 2332 denique
713 2258 903 2334 grammatici
940 2275 1066 2332 quorum
1097 2257 1270 2316 testimonia

120 2345 242 2424 collegit
258 2345 378 2406 Neueus
396 2345 433 2404 de
448 2346 550 2405 formis
564 2336 629 2403 111⁸
642 2366 670 2422 p.
682 2347 747 2404 410
762 2337 833 2425 (GL
847 2345 863 2403 Ι
875 2366 904 2423 p.
916 2346 989 2420 251,
1009 2347 1050 2405 35
1070 2345 1101 2404 Π
1119 2366 1147 2422 p.
1163 2347 1237 2420 419,
1250 2348 1268 2405 9

119 2436 146 2491 V
165 2455 193 2512 p.
210 2437 283 2510 436,
304 2429 403 2517 2311).
451 2433 548 2504 Quare
576 2438 603 2492 et
628 2434 738 2494 inserui
767 2437 948 2512 coniungens
973 2430 1084 2495 ‘Musas
1112 2437 1137 2493 si
1166 2435 1270 2494 uendis

119 2520 298 2600 Lauernue'‚
335 2525 367 2584 id
403 2529 448 2585 sst
485 2527 510 2583 si
543 2524 670 2583 aliorum
702 2526 880 2600 scriptorum
913 2525 962 2583 fur
993 2525 1137 2600 compilas
1168 2524 1269 2583 libroi.

120 2613 199 2673 conf
222 2614 373 2692 Aristoph.
393 2614 482 2690 Vesp.
510 2615 593 2674 1028
631 2611 681 2672 ἵνα
717 2610 769 2685 τὰς
806 2612 936 2684 Μούσας
972 2605 1052 2699 olore
1087 2621 1191 2692 χρῆται
1228 2611 1269 2690 μὴ

119 2701 313 2784 προαγωγοὺς
344 2700 490 2788 ἀποφήνῃ
522 2703 633 2762 Auson.
656 2704 742 2778 epist.
767 2702 804 2761 ad
837 2701 947 2762 Theou.
973 2703 1035 2761 162
1056 2701 1122 2762 Sch.
1146 2723 1174 2780 p.
1196 2703 1270 2776 249,

122 2794 184 2853 103
208 2793 325 2870 Peiperi
355 2789 419 2853 ‘nec
446 2793 508 2852 iam
534 2795 604 2869 post
629 2796 743 2852 metues
770 2791 880 2868 ubique
907 2791 1033 2851 dictum=
1061 2791 1119 2850 Hic
1146 2793 1191 2850 est
1217 2791 1270 2849 ille

119 2882 222 2942 Theon
249 2885 338 2959 poeta
365 2883 459 2942 falsus
486 2882 632 2942 bonorum
659 2881 740 2940 mala
770 2883 936 2940 carminum
959 2877 1117 2941 Lauerna’.
1163 2881 1270 2957 Itaque

121 2967 157 3033 ‘si
194 2990 302 3032 messes
338 2968 424 3032 facis'
463 2971 650 3031 antecedenti
686 2989 773 3030 uersu
810 2969 940 3030 habebat
977 2991 1035 3047 quo
1072 2970 1270 3047 explicaretur

120 3063 214 3122 ueluti
230 3057 323 3140 ‘agris
337 3062 443 3123 alienis
462 3064 488 3122 si
506 3079 615 3122 messes
634 3061 709 3120 facis
726 3055 795 3139 (et)
813 3060 913 3121 Muses
932 3062 958 3120 si
975 3060 1080 3120 uendis
1094 3055 1268 3119 Lauernae'.

120 3150 265 3212 Similiter
279 3151 383 3212 Graeci
400 3149 480 3231 ἀμᾶν
498 3148 645 3230 ducetur:
665 3150 816 3227 Aristoph.
832 3151 907 3227 Equ.
924 3151 987 3210 392
1002 3147 1171 3229 τάλλότριον
1184 3146 1269 3226 ἀμῶν

120 3239 210 3322 θέρος
236 3241 356 3303 Hesiod.
376 3242 485 3321 Theog.
505 3243 568 3302 599
592 3238 744 3319 ἀλλότριον
772 3238 903 3318 κάματον
930 3236 1075 3320 σφετέρην
1104 3237 1135 3312 ἔς
1156 3231 1267 3319 γαστὲ’

120 3327 260 3409 ἀμῶνται.
306 3331 451 3392 Similiter
474 3331 622 3409 praecipit
646 3329 750 3389 Horat.
770 3331 855 3405 epist.
875 3330 939 3403 13,
961 3332 1010 3388 17.

210 3414 294 3482 550.
312 3422 428 3482 Nonius
442 3441 471 3499 p.
483 3422 557 3499 362,
572 3422 590 3480 6
607 3416 776 3497 ‘Proprium
790 3437 907 3478 rursum
921 3418 1071 3496 significat
1084 3424 1269 3496 perpetuum.

191 3511 324 3572 Lucilius
352 3517 519 3590 satyrarum
549 3509 599 3569 lib.
618 3509 705 3568 XVII
734 3504 857 3569 “cetera
876 3555 882 3568 .
898 3555 904 3567 .
920 3554 927 3567 .
945 3509 1020 3569 niro
1039 3554 1044 3566 .
1062 3556 1090 3568 ..
1114 3504 1268 3568 habere''.’

120 3598 231 3678 Agitur
263 3600 299 3659 ds
328 3601 428 3661 Stoico
461 3603 513 3677 qui
545 3601 646 3660 omnia
672 3602 791 3676 praeter
817 3600 964 3658 uirtutem
991 3600 1168 3659 contemnit:
1201 3598 1273 3657 conf

120 3688 216 3747 Varro
244 3688 306 3749 Sst.
329 3690 459 3768 Menipp.
486 3691 562 3749 7113
594 3686 696 3748 ‘unam
734 3689 877 3748 uirtutem
910 3689 1061 3764 propriam
1094 3687 1270 3746 mortalibus

122 3776 204 3837 iecit:
224 3782 322 3838 cetera
340 3782 511 3857 premiaque
529 3779 627 3838 uoluit
645 3778 814 3838 communia
827 3773 945 3836 habere'
961 3770 1048 3858 (conf
1064 3776 1123 3835 (lic.
1139 3775 1268 3851 Philipp.

111 3866 164 3925 ·IV
185 3859 250 3948 13).
274 3899 317 3908 —
340 3872 373 3928 irs
395 3886 488 3927 cerro
516 3871 616 3928 comio
634 3870 720 3942 ponit
740 3884 800 3926 non
822 3885 940 3942 moeno,
963 3869 999 3925 ut
1020 3865 1071 3923 lib.
1086 3865 1141 3923 XV
1160 3886 1187 3922 u.
1204 3865 1267 3922 485

122 3952 181 4015 ‘hic
204 3959 305 4016 omnia
325 3954 431 4034 ponit'3
455 3956 578 4016 eandem
597 3957 776 4017 sententiam
794 3956 961 4032 protulerat
978 3957 1068 4030 poeta
1091 3953 1140 4013 lib.
1155 3952 1270 4011 XXVII

121 4066 148 4105 u.
171 4048 248 4121 701,
276 4047 393 4106 Terent.
413 4047 505 4106 Andr.
526 4048 589 4106 716
619 4042 720 4105 ‘Nilne
752 4063 814 4105 esse
845 4046 998 4122 proprium
1031 4042 1206 4119 quoiquam,
1238 4042 1269 4101 di

121 4140 254 4196 uostram
281 4132 390 4212 fidem’‚
418 4135 470 4195 ubi
497 4135 565 4194 uide
594 4134 745 4211 Spengelii
773 4134 873 4193 adnot.
897 4133 968 4192 Hor.
992 4152 1077 4193 serm.
1101 4132 1268 4206 112,133

122 4221 220 4285 ‘Nunc
248 4245 319 4304 ager
340 4226 484 4285 Vmbreni
512 4225 566 4286 sub
589 4225 721 4300 nomine,
749 4243 843 4300 nuper
866 4220 957 4281 Ofelli
980 4222 1090 4296 dictus,
1114 4222 1172 4281 erit
1194 4223 1269 4281 nulli

115 4321 272 4392 proprius,
295 4315 345 4376 sed
374 4315 458 4375 cedet
485 4316 515 4373 in
543 4334 631 4373 usum
658 4332 736 4372 nune
763 4312 851 4389 mihi,
878 4329 955 4370 nunc
979 4307 1058 4387 alii'3
1085 4312 1171 4388 epist.
1190 4311 1221 4369 Π
1241 4313 1270 4388 2,

124 4407 182 4464 171
211 4403 376 4484 ‘tamquam
395 4407 435 4466 sit
448 4408 606 4480 propriore
626 4405 795 4480 quicquam,
812 4406 923 4478 puncto
942 4402 1021 4477 quod
1042 4400 1161 4460 mobilis
1178 4401 1270 4460 horae

122 4515 198 4554 uuuc
221 4516 315 4573 prece,
340 4517 417 4554 nunc
441 4497 546 4573 pretio,
570 4515 647 4553 nunc
672 4497 714 4569 ui,
743 4513 820 4552 nunc
843 4496 938 4551 morte
962 4511 1099 4569 suprema
1116 4493 1270 4575 permutet
