3000 5002
220 360 285 426 366
577 358 676 415 insen.
695 358 752 414 red.
772 377 799 413 u
821 364 1007 415 nse-uss.

220 530 340 590 uidetur
362 531 463 606 potius
486 529 522 589 de
541 547 622 604 cena,
645 530 695 588 cui
712 528 812 588 decem
831 546 910 588 asses
929 527 1091 588 secundum
1110 528 1207 605 legam
1226 527 1385 587 Fanniam

220 620 330 680 licebat
353 620 499 678 insumere
524 610 613 700 (Gall.
632 617 664 678 Π
684 620 735 693 24,
755 610 803 699 3):
827 637 899 678 cena
922 616 1037 678 deensis
1060 619 1124 677 siue
1142 617 1305 678 deensibus
1326 623 1384 677 est

220 708 306 769 Certe
329 708 366 768 de
388 708 605 788 orthographia
627 727 686 768 non
711 709 819 785 egitur.

313 790 419 860 1155.
439 796 541 857 (licere
560 797 597 856 de
615 797 665 855 fin.
678 797 746 856 bon.
761 800 792 855 et
805 796 875 855 mal.
889 796 921 854 Π
936 797 965 872 8,
985 797 1026 855 23
1047 791 1194 870 ‘Mundos
1219 797 1384 874 elegantis,

220 889 342 966 optimis
366 888 452 963 cocis,
475 886 646 964 pistoribus,
669 886 797 962 piscatu,
820 886 956 962 aucupio,
979 888 1147 960 uenatione,
1170 886 1217 945 his
1236 886 1382 946 omnibus

220 977 390 1055 exquisitis,
417 976 549 1036 uitantes
576 975 769 1050 cruditatem,
797 974 906 1050 quibus
930 970 1057 1034 “uinum
1085 973 1223 1035 defusum
1247 995 1262 1034 e
1287 975 1381 1052 pleno

220 1069 260 1127 sit
277 1068 413 1142 hrysiron
431 1058 488 1146 (sic
502 1063 592 1125 codex
611 1065 776 1125 Vaticanus
791 1066 822 1124 et
840 1065 1042 1142 Erlangonsis,
1059 1065 1196 1139 hyrsizon
1216 1062 1382 1141 Spirensis,

219 1158 347 1216 tirsison
370 1154 526 1215 Palatinus
549 1147 717 1235 primus)”,
744 1158 779 1213 ut
806 1154 851 1213 ait
873 1153 1019 1229 Lucilius,
1048 1148 1122 1212 “cui
1144 1153 1221 1212 nihil
1243 1153 1317 1212 dum
1340 1157 1383 1213 sit

153 1300 158 1327 ,
220 1247 269 1305 uis
288 1248 319 1304 et
336 1244 471 1306 sacculus
491 1239 681 1319 abstrderit’',
701 1243 869 1304 adhibentis
889 1242 975 1303 ludos
990 1247 1020 1302 et
1034 1261 1112 1320 quae
1126 1247 1293 1320 sequuntur
1309 1290 1315 1301 .
1331 1240 1380 1303 ..’.

221 1332 440 1395 Grammaticus
476 1334 513 1394 de
549 1333 648 1394 dubiis
682 1333 851 1393 nominibus
889 1331 944 1392 GL
962 1332 990 1390 V
1012 1354 1042 1410 p.
1058 1333 1136 1408 590,
1156 1332 1215 1393 9Κ
1252 1328 1380 1392 ‘Saccus

220 1425 337 1504 generis
360 1423 527 1499 masculini,
549 1426 584 1482 ut
604 1422 700 1482 Varro
725 1418 853 1482 “uinum
877 1424 925 1482 oui
947 1423 1024 1481 nibil
1047 1423 1182 1482 sacerdus
1201 1418 1378 1482 abstuIIt''.’

220 1513 365 1574 Varronis
388 1533 495 1573 nomen
519 1532 675 1592 perperam
697 1531 752 1590 pro
774 1511 886 1571 Lucilii
907 1514 1027 1571 nomine
1050 1513 1181 1587 positum
1209 1514 1255 1572 est
1278 1515 1315 1571 ut
1338 1511 1380 1570 ab

221 1604 322 1663 eodem
352 1605 496 1679 scriptore
523 1602 574 1663 lib.
593 1601 665 1661 XVI
687 1622 716 1660 u.
736 1603 798 1661 521
828 1601 905 1661 falso
933 1619 1000 1660 cum
1027 1602 1145 1661 nomine
1169 1601 1301 1661 auctoris
1325 1600 1380 1660 ad-

221 1693 325 1768 fertur,
348 1693 421 1752 item
443 1692 556 1752 iactum
577 1695 622 1752 est
644 1692 746 1751 incert.
765 1708 794 1749 u.
817 1692 911 1750 1370.
952 1690 1039 1750 Asoti
1058 1690 1207 1749 Luciliaui
1225 1708 1285 1749 uon
1305 1695 1380 1749 sunt

220 1783 306 1859 tales,
328 1782 431 1858 quales
450 1781 591 1840 describit
610 1779 668 1840 oie.
686 1781 719 1839 in
737 1779 796 1840 Pis.
817 1780 868 1839 66.
889 1781 928 1839 67
950 1800 1045 1856 neque
1063 1780 1125 1839 tale
1143 1779 1251 1839 bibunt
1268 1781 1379 1839 uinum

181 1934 185 1936 ,
222 1872 311 1948 quale
349 1870 434 1930 iubet
471 1870 565 1949 Niger
604 1889 650 1946 sp.
679 1869 757 1931 Plnt.
787 1871 900 1946 quaest.
928 1888 1014 1928 conu
1038 1860 1089 1928 VT
1106 1871 1138 1941 7,
1165 1872 1180 1928 1
1224 1865 1282 1927 ἀπὸ
1322 1876 1380 1928 τοῦ

222 1960 317 2021 πίθον
349 1960 491 2020 πίνεσθαι
522 1958 576 2037 τὴν
609 1958 765 2038 σύμφυτον
796 1956 900 2037 ἔχοντα
935 1958 1040 2039 ῥώμην
1071 1955 1120 2018 nui
1152 1957 1292 2035 δύναμιν,
1324 1959 1381 2017 sed

221 2053 329 2126 potant
351 2050 398 2109 illi
417 2049 536 2125 quidem
554 2051 658 2108 uinum
676 2051 740 2107 tam
759 2050 921 2127 egregium,
940 2049 1022 2125 quali
1041 2067 1136 2123 usque
1155 2065 1257 2107 saccus
1276 2067 1378 2124 neque

223 2140 306 2199 aliud
328 2141 559 2199 instrumentum
583 2140 744 2216 quiequam
767 2139 883 2198 anferre
907 2140 1040 2214 potuerit
1061 2133 1227 2214 petantque
1251 2156 1266 2194 e
1285 2139 1378 2211 pleno

222 2228 367 2289 defusum.
413 2226 525 2289 Seneca
552 2228 588 2288 de
620 2227 686 2287 uita
712 2227 790 2286 beat.
809 2246 873 2304 cap.
890 2228 984 2301 24,3
1015 2226 1051 2286 dc
1083 2225 1265 2286 liberalitate
1290 2221 1379 2286 ‘haec

223 2318 303 2395 apud
335 2318 500 2395 sapientem
531 2336 585 2377 nec
613 2336 754 2393 umquam
785 2319 818 2376 in
849 2320 951 2394 turpes
978 2316 1176 2394 indignosque
1206 2317 1379 2394 inpingitur

223 2426 276 2467 nec
303 2426 444 2484 umquam
472 2409 518 2468 ita
544 2406 709 2485 defetigata
735 2409 828 2482 errat,
856 2409 891 2465 ut
917 2425 990 2480 non,
1018 2407 1155 2482 quotiens
1183 2405 1306 2484 dignum
1330 2405 1379 2463 in·

223 2499 347 2573 uenerit,
364 2499 450 2573 quasi
469 2515 503 2556 ιιι
515 2498 603 2571 pleno
621 2491 717 2570 fhuot’,
735 2495 832 2555 Plaut
848 2495 931 2555 Asin.
949 2495 1010 2554 181
1032 2490 1080 2555 ‘de
1098 2495 1187 2571 pleno
1205 2490 1380 2571 promitur',

223 2586 372 2648 Ausonius
404 2606 432 2662 p.
451 2587 527 2660 101,
548 2589 587 2645 16
620 2585 739 2662 Peiperi
776 2580 843 2645 ‘boc
878 2604 1001 2644 numero
1034 2586 1074 2643 od
1100 2586 1223 2659 plenem
1254 2587 1379 2644 uertens

223 2676 412 2753 reparabitur
444 2671 560 2735 annus'.
609 2672 642 2734 ἐκ
673 2674 757 2734 πίθοι
791 2672 904 2747 ἀντλεῖς
936 2674 1058 2735 Theocr.
1077 2674 1104 2732 X
1125 2675 1174 2733 13.
1225 2674 1379 2748 chrysizon

224 2766 425 2840 scribendum,
460 2767 496 2824 ut
529 2763 670 2824 Athenl
693 2785 722 2841 p.
738 2765 815 2823 2713
852 2759 867 2824 ὁ
904 2767 1097 2842 Σπωλητῖνος
1136 2755 1302 2835 οἶνος...
1326 2760 1380 2822 καὶ

224 2853 384 2933 πινόμενος
402 2849 477 2932 ἡδὺς
492 2851 541 2914 nat
554 2854 594 2936 τῷ
609 2853 737 2932 χρώματι
750 2853 887 2934 χρυσίζει,
905 2853 982 2912 Plin.
996 2856 1058 2912 nat.
1073 2853 1141 2913 hist.
1156 2851 1299 2911 XXXVII
1312 2854 1377 2912 129

224 2945 260 3004 de
292 2963 425 3022 gemmae
458 2943 613 3019 splendore
646 2938 767 3002 ‘coeunt
798 2943 908 3019 quippe
935 2944 968 3001 in
994 2942 1174 3002 tralucidam
1201 2941 1379 3018 crystallum

224 3033 330 3093 uiridis
362 3052 415 3093 suo
447 3033 535 3092 modo
565 3051 617 3092 aer
643 3032 791 3108 simulque
819 3051 968 3109 purpurae
995 3035 1026 3091 et
1053 3031 1174 3107 quidam
1200 3032 1264 3089 uini
1292 3032 1379 3089 aurei

224 3118 327 3198 nitcr',
349 3122 385 3181 de
408 3123 476 3180 uuis
499 3119 585 3181 Ouid.
604 3124 674 3183 met.
693 3121 768 3180 XIII
787 3122 850 3180 813
876 3117 959 3180 ‘sunt
982 3140 1054 3180 auro
1083 3121 1195 3180 similes
1222 3121 1320 3197 longis
1343 3121 1378 3178 in

224 3212 337 3272 uitibus
356 3230 441 3286 uuae,
464 3214 535 3270 sunt
557 3213 587 3270 et
602 3206 779 3288 purpureae’
805 3209 877 3269 CIL
896 3209 972 3269 VIII
992 3212 1077 3270 7854
1102 3205 1144 3269 ‘et
1167 3228 1238 3269 auro
1262 3209 1378 3271 similes

224 3301 360 3378 pendunt
385 3302 417 3359 in
444 3300 557 3360 uitibus
586 3295 673 3360 uuae'
699 3293 887 3381 (Buecheleri
911 3298 994 3359 CLI}
1012 3300 1028 3359 Ι
1048 3293 1136 3380 468).
1182 3298 1282 3358 Verba
1304 3299 1379 3359 dum

225 3394 263 3450 sit
284 3393 333 3450 seis
355 3393 509 3467 corrupta:
538 3385 599 3450 ‘cui
624 3390 669 3449 nil
691 3389 821 3467 dempsit
847 3391 898 3448 nix
928 3395 958 3449 et
971 3390 1115 3450 sacculus
1138 3388 1295 3449 abstulerit
1319 3384 1376 3446 nil’

226 3480 377 3539 Manutius
410 3482 441 3538 et
467 3478 643 3555 Lambinus,
675 3483 895 3556 pentametrum
926 3479 997 3538 libri
1020 3479 1106 3538 XXII
1136 3475 1197 3537 ‘cui
1228 3479 1273 3536 nil
1304 3477 1378 3536 dum

225 3571 301 3630 situs
334 3574 364 3628 et
395 3569 529 3629 sacerdus
561 3563 729 3628 abstrderit’
763 3569 910 3648 effingunt
939 3569 1137 3628 Baehrensius
1169 3569 1200 3627 et
1230 3566 1377 3627 Daiatzko

225 3660 299 3719 Mus.
319 3658 411 3717 Rbsn.
430 3656 527 3716 XLIV
547 3658 631 3718 1889
660 3679 688 3735 p.
705 3660 768 3718 635
798 3654 881 3734 ‘quoi
910 3658 1026 3717 nildum
1049 3658 1135 3718 situis
1159 3650 1216 3736 [et]
1240 3656 1377 3716 sacculus

226 3743 409 3808 abstulerit':
434 3750 466 3808 at
489 3748 694 3808 coniunctinus
718 3751 763 3807 est
788 3747 949 3821 Ciceronis,
976 3746 1157 3806 indicatiuus
1185 3747 1244 3805 fult
1266 3745 1377 3805 Lucilii

226 3838 344 3916 qualem
387 3838 600 3916 grammaticus
636 3838 672 3895 de
709 3837 806 3896 dubiis
842 3836 1010 3897 nominibus
1047 3837 1180 3895 seruauit
1216 3836 1376 3913 integrum.

225 3929 297 3988 dum
325 3931 371 4005 fit,
402 3946 459 3988 uos
485 3926 603 4004 scripsi:
635 3944 692 3986 eccs
718 3927 834 4003 prelum
862 3927 920 3986 diei
948 3926 996 3985 uel
1024 3926 1155 3986 torcular
1181 3927 1213 3984 in
1241 3943 1377 3985 sermone

150 4054 152 4058 ι
225 4018 404 4078 rusticorum
427 4017 530 4077 edocet
549 4014 623 4077 Cato
646 4015 683 4075 de
706 4017 771 4094 agri
794 4017 864 4075 cult.
886 4020 914 4090 1,
934 4018 953 4074 4
978 4010 1028 4073 ‘ad
1051 4015 1157 4074 uillam
1179 4034 1247 4075 oum
1264 4017 1377 4091 uenies,

225 4107 336 4180 uidete,
355 4125 429 4166 uasa
446 4106 563 4166 torcula
582 4108 612 4166 et
628 4105 709 4164 dolia
728 4106 860 4165 multane
879 4099 967 4165 sient'
995 4106 1045 4178 14,
1060 4106 1079 4163 2
1100 4099 1184 4164 ‘uass
1201 4103 1318 4163 torcula
1331 4099 1375 4162 11’

228 4197 268 4255 se
298 4190 460 4255 ‘moenia
486 4196 567 4256 raca
593 4214 667 4255 um
697 4194 814 4254 omna
833 4240 838 4251 .
854 4240 883 4253 ..
903 4188 1000 4254 condi'
1029 4184 1119 4274 (146,
1139 4186 1173 4275 3)
1208 4196 1262 4268 19,
1280 4181 1300 4251 '1
1324 4188 1377 4255 fin

227 4304 300 4344 uasa
327 4287 445 4344 uinaria
472 4286 590 4360 stipites
610 4331 615 4342 .
632 4330 656 4343 ,.
675 4278 779 4343 iaoito'
813 4284 899 4357 18,1
934 4278 1138 4342 ‘torcularium
1166 4283 1192 4341 si
1218 4281 1376 4341 aedificare

226 4374 309 4434 uoles
342 4373 495 4449 quadrinis
526 4368 620 4434 uasis’
654 4378 683 4433 et
715 4373 846 4448 saepius:
883 4372 1095 4450 grammaticus
1131 4371 1168 4431 de
1204 4370 1272 4430 dub.
1296 4389 1376 4431 nonu

227 4461 283 4522 GL
302 4461 330 4520 V
354 4464 427 4538 592,
448 4462 523 4522 171(
544 4457 609 4523 ‘uas
626 4463 742 4543 generis
759 4464 866 4521 neutri.
908 4462 1033 4522 dicimus
1052 4463 1130 4521 enim
1151 4480 1206 4520 uas
1225 4459 1378 4520 uinorium
