3030 5002
419 374 708 426 SUPPLEMENTUM
728 374 865 425 CAPITIS
884 375 933 424 DE
952 374 1077 425 NONIO.
1280 370 1317 424 lX

168 543 329 601 scholiasta
352 541 479 620 Vergilii
507 533 677 620 adfertur·.¹)
724 543 788 600 Iam
817 541 959 600 librorum
989 541 1130 599 I-XXV
1156 541 1185 598 in
1215 528 1318 600 tabula

167 651 366 708 proponemus
389 651 491 691 uersus
516 632 584 689 illos
609 632 660 707 qui
688 631 863 691 adferuntur
890 631 969 708 apud
993 631 1121 689 Nonium
1147 632 1317 707 praeposito

168 721 258 781 titulo
282 722 329 780 uel
353 722 489 780 Lucilius
511 721 561 779 uel
585 722 721 781 Lucilius
744 721 791 779 lib.
808 722 829 778 I
849 741 872 779 e.
889 741 916 796 q.
931 740 952 780 s.
996 719 1027 778 Si
1046 715 1150 780 reuera
1169 720 1208 779 ad
1227 740 1317 779 unum

168 830 269 870 omnes
297 810 404 888 dignae
432 813 504 869 sunt
531 811 646 888 glossae
675 811 938 887 grammaticorum
967 810 1116 886 acumine,
1150 813 1210 868 stat
1240 809 1317 870 ratio

168 903 284 959 nostra:
308 901 352 959 sin
378 900 483 973 minus,
507 902 626 959 corruit.
673 899 835 974 Eialocu,
860 918 933 975 quos
957 919 973 959 e
996 901 1192 977 grammatico
1216 900 1318 975 aliquo

169 992 303 1065 sumptos
327 1008 389 1049 esse
413 988 552 1061 'credibile
576 992 621 1049 est
643 989 722 1064 inde,
746 987 825 1065 quod
849 988 943 1047 cidem
967 988 1047 1065 apud
1070 988 1145 1047 alios
1171 1008 1318 1066 gramma·

168 1080 243 1138 ticos
276 1072 392 1160 extant,
424 1078 559 1138 stellulae
586 1079 660 1138 dues
688 1078 871 1137 addidimus:
903 1097 992 1137 unum
1022 1079 1247 1154 praeposuimus
1276 1080 1319 1137 eis

168 1168 249 1243 locis,
274 1168 381 1244 quibus
400 1167 535 1227 adiuncti
554 1171 623 1228 sunt
641 1168 700 1227 loci
719 1187 820 1227 eorum
840 1167 1018 1244 scriptorum
1037 1169 1318 1244 scripturarumque,

169 1277 245 1333 quas
272 1257 371 1317 Nonio
399 1260 519 1334 praesto
547 1278 604 1317 non
637 1260 728 1317 fuisse
758 1260 871 1316 certum
899 1260 944 1316 est
973 1257 1076 1333 quales
1104 1259 1173 1316 sunt
1200 1257 1318 1316 fabulae

169 1347 268 1406 Plauti
293 1367 370 1423 quae
393 1349 545 1424 perierunt
562 1346 705 1406 Laberius
728 1346 803 1406 Atta
822 1346 895 1406 Cato
915 1345 1044 1406 Laeuius
1064 1346 1124 1405 alii,
1166 1345 1319 1405 Accedunt

168 1436 230 1494 alia
253 1440 436 1515 argumenta,
460 1456 538 1513 quae
561 1438 632 1496 item
657 1436 883 1514 grammaticum
907 1435 1038 1513 prodant
1060 1438 1220 1509 auctorem,
1243 1456 1319 1512 (luae

168 1546 236 1585 cum
260 1526 382 1586 stellula
405 1526 529 1604 singulis
548 1527 622 1586 locis
640 1527 849 1586 adnotauimus
871 1526 1061 1604 singillatim:
1085 1525 1179 1584 ueluti
1198 1527 1223 1584 si
1243 1545 1318 1602 quae

168 1634 226 1674 uox
250 1618 296 1674 est
318 1618 372 1674 aut
393 1613 470 1688 ἅπαξ
493 1612 649 1695 εἰρημένον
673 1617 726 1675 aut
748 1616 809 1675 fere
832 1613 909 1689 ἅπαξ
933 1612 1088 1695 εἰρημένον
1108 1615 1157 1674 uel
1176 1616 1320 1674 memoria

168 1705 334 1781 scripturae
357 1705 420 1764 eius
444 1724 520 1781 quse
543 1725 603 1763 una
626 1704 762 1765 adfertur
784 1705 847 1764 solo
870 1705 952 1764 illius
974 1705 1032 1764 loci
1055 1705 1188 1764 Noniani
1212 1705 1320 1764 nititur

167 1793 348 1855 testimonio.
403 1793 558 1854 Lemmata
591 1794 718 1870 denique
753 1814 787 1852 ex
824 1794 926 1854 ordine
964 1796 1105 1854 continuo
1142 1794 1319 1870 scriptorum

168 1903 243 1960 quos
262 1883 385 1943 adhibet
403 1884 520 1944 Nonius
539 1888 659 1960 sumpta
677 1884 838 1962 pinguibus
857 1883 1004 1963 signanda
1018 1884 1188 1943 curarimus
1202 1883 1318 1943 littaris.

180 1999 299 2054 llerceri
384 2035 488 2092 lemma

205 2089 270 2142 1³³8·

195 2164 250 2211 (up.
259 2163 272 2201 1

153 2241 157 2245 ’
183 2242 235 2318 17,
253 2241 293 2299 15
332 2233 366 2322 1)
391 2239 543 2302 *mando
572 2238 590 2300 ‘.
603 2289 626 2301 ..
647 2243 779 2303 Lucilius
790 2236 885 2325 (946)
897 2239 1012 2321 “atque
1027 2245 1320 2306 omnesmandonum

389 2352 442 2392 nes
616 2327 736 2410 gulae”.
772 2338 881 2393 Varro
899 2337 1054 2394 Bimaroo
1074 2382 1080 2396 .
1097 2381 1102 2392 .
1119 2330 1137 2393 .'
1170 2336 1225 2395 Est
1242 2335 1319 2409 ἅπαξ

615 2418 784 2500 εἰρημένονε
804 2443 819 2482 e
838 2422 952 2482 Lucilio
972 2422 1135 2483 Varronem
1161 2427 1320 2502 sumpsisse

615 2511 770 2590 legebatur
794 2513 825 2570 in
850 2515 1076 2573 commentario:
1099 2513 1168 2572 uide
1193 2517 1243 2574 19.
1269 2518 1319 2574 41.

618 2604 645 2660 5.
672 2603 721 2661 13.
747 2601 797 2660 38.
823 2603 873 2661 39.

181 2690 293 2761 37,14
333 2681 366 2768 2)
390 2690 518 2749 *mono
573 2685 787 2751 ‘...Lucilius
811 2683 998 2773 lib.11(5s)
1023 2687 1096 2750 “uir
1121 2694 1319 2753 uiuohornini

388 2781 516 2857 grammi
616 2798 651 2839 ec
668 2776 925 2860 monogrammo''.
953 2780 994 2840 ut
1010 2784 1143 2841 xxvn
1158 2774 1253 2862 (725)
1265 2831 1270 2842 .
1283 2829 1288 2840 .
1301 2778 1318 2839 .’

615 2869 671 2929 Est
689 2869 749 2929 fere
768 2867 846 2941 ἅπαξ
864 2866 1028 2948 εἰρημένον,
1052 2890 1067 2930 e
1086 2870 1202 2931 Lucilio
1218 2870 1319 2931 Cicero

616 2960 756 3036 sumpsit,
792 2960 1001 3036 interpretatio
1031 2960 1120 3020 Nonii
1152 2966 1272 3037 sumpto
1304 2983 1320 3021 ο

615 3048 827 3108 commentario
868 3048 977 3109 Lucilii
1019 3053 1064 3108 est
1100 3053 1131 3110 et
1166 3050 1254 3110 docta
1290 3056 1321 3111 ot

616 3137 749 3216 egregia:
773 3138 842 3198 uide
866 3139 894 3196 3.
920 3140 969 3198 73,

179 3225 235 3297 38,
253 3225 293 3283 26
332 3216 366 3301 3)
390 3225 552 3302 *expirare
572 3221 590 3283 ‘.
607 3272 612 3284 .
630 3273 634 3283 .
654 3227 787 3287 Lucilius
811 3227 861 3286 lib.
876 3227 921 3286 HI
941 3220 1036 3310 (106)
1061 3224 1237 3306 “exspirans
1257 3232 1319 3289 ani·

616 3335 695 3376 mam
725 3317 915 3394 pulmonibus
938 3337 1028 3396 aeger
1051 3314 1190 3397 egebat’'.
1237 3318 1317 3378 Idem

615 3409 730 3466 XXVI
744 3398 839 3487 (645)
856 3402 909 3465 ...’
930 3407 955 3465 Ε
975 3410 1170 3485 grammatico
1184 3408 1320 3485 sumpsit,

616 3514 686 3555 nam
707 3497 738 3555 in
752 3495 863 3555 Lucilii
876 3495 953 3555 libro
968 3516 1027 3573 quo
1043 3498 1140 3556 utitur
1153 3518 1180 3574 p.
1193 3500 1267 3571 279,
1280 3499 1318 3556 18

617 3588 683 3644 erat
706 3586 826 3644 exulans
849 3585 979 3645 animam
1004 3607 1026 3645 e.
1043 3607 1069 3662 q.
1085 3605 1120 3646 a:
1144 3586 1213 3647 uide
1238 3589 1265 3645 2.

178 3671 236 3744 43,
253 3671 292 3728 15
331 3663 366 3752 4)
391 3690 483 3730 uerna
574 3667 1319 3757 ‘...P1autuaAmphitryone(179)...Lucilius

618 3757 735 3845 (1321)
747 3759 893 3824 “uernam
903 3783 938 3825 ac
950 3761 1206 3841 cercopithecon‘’.
1230 3764 1320 3825 Plau·

617 3857 665 3912 tus
689 3854 739 3930 qui
762 3873 851 3931 supra
875 3846 997 3935 (Amph.
1019 3847 1119 3935 1033)
1134 3900 1141 3913 .
1158 3901 1162 3912 .
1179 3849 1198 3912 .'
1245 3853 1319 3914 Gon-

617 3945 727 4002 uicium
753 3947 798 4003 est
821 3963 913 4002 uerna
934 3963 1002 4003 raro
1026 3942 1202 4016 adhibitum,
1229 3945 1320 4003 inter·

616 4034 746 4108 pretatio
777 4032 868 4092 Nonii
900 4032 1000 4092 docta:
1036 4030 1146 4091 Lucilii
1177 4032 1268 4093 uerba
1305 4054 1320 4093 e

617 4124 829 4270 ροέοιωοοῒοοὲο
861 4121 960 4181 Plauti
993 4122 1132 4196 sumpsit:
1168 4122 1235 4182 uide
1269 4124 1320 4182 50.

663 4256 669 4267 .
696 4213 745 4269 70.
772 4214 789 4269 7
815 4257 821 4268 .

261 4342 286 4408 1)
305 4340 393 4396 Locos
413 4358 508 4395 omnes
527 4358 646 4409 quorum
666 4343 772 4399 similes
791 4346 867 4414 spud
886 4345 958 4399 alios
997 4343 1176 4400 rammsticoa
1193 4349 1321 4402 extante

160 4409 262 4469 Nonio
276 4410 393 4482 collegit
402 4412 489 4466 Oecer
499 4411 625 4469 Froehde
640 4418 788 4472 comment.
804 4416 833 4469 in
847 4416 911 4471 hon.
924 4418 954 4470 A.
1004 4414 1146 4470 ilmaunrii
1164 4416 1238 4487 Lipa.
1252 4424 1320 4472 1903

160 4504 192 4557 p.
210 4487 264 4536 266
275 4498 350 4554 seqq.
