3060 5010
488 353 552 411 xix
570 375 597 425 ιι.
617 360 765 412 sec-sss.
802 354 853 412 xx
872 375 898 411 u.
919 360 979 413 sss.
1233 358 1302 423 4211

245 520 328 587 566.
360 526 477 586 Nonius
512 548 541 604 p.
567 529 622 602 56,
651 530 669 586 5
709 522 823 587 ‘infans
860 546 879 586 a
907 547 967 587 non
999 527 1089 593 fando
1120 527 1218 588 dictus
1251 533 1303 589 est.

153 657 208 680 ...
226 619 326 676 narras
346 616 398 675 lib.
417 616 535 676 XVIIII
554 611 613 701 “ut
632 663 638 676 .
654 663 660 676 .
676 663 682 674 .
701 612 901 677 honestam’'.’
945 619 1039 694 ,pueri
1065 618 1209 692 Infantes,
1235 616 1304 676 uide

155 706 192 765 ad
216 705 267 765 lib.
281 706 336 764 XV
356 727 383 765 u.
407 707 481 765 486.
522 706 727 766 mulierculam
755 705 972 766 deminutiuum
999 709 1101 783 posuit
1123 709 1195 784 quia
1219 725 1304 767 ossus

157 795 295 872 obliquos
318 794 456 854 uocabnli
478 797 584 855 mulier
606 798 734 854 metrum
757 814 817 856 non
840 796 929 872 capit.

245 877 327 946 567.
345 884 516 944 Priscianus
535 883 590 945 GL
608 885 640 944 Π
660 887 733 960 542,
754 884 833 944 261<
853 880 936 944 ‘Alia
953 904 1025 944 uero
1043 887 1075 944 in
1094 887 1121 946 si
1138 885 1305 945 desinentia

155 993 246 1052 supra
269 974 380 1034 dlutum
398 975 532 1052 regulam
552 979 682 1050 seruant,
700 974 732 1034 id
751 978 797 1035 est
814 975 983 1053 generalem
1001 977 1032 1033 in
1052 976 1078 1035 si
1096 975 1304 1048 desinentium,

156 1065 236 1125 sensi
257 1082 389 1139 sensum,
415 1066 497 1124 rausi
526 1082 656 1124 rausum.
702 1064 780 1124 unde
802 1063 936 1124 Lucilius
960 1064 990 1123 in
1013 1063 1132 1123 XVIIII
1155 1059 1304 1125 “musuro

156 1149 386 1213 ...orestee’'.'
433 1153 544 1232 Agitur
572 1153 608 1212 de
630 1153 787 1232 tragoedo,
816 1153 866 1230 qui
895 1155 1028 1214 carmina
1056 1153 1168 1230 perdit:
1191 1153 1303 1231 Vergil.

154 1243 246 1321 eclog.
261 1243 308 1301 III
327 1244 368 1301 96
389 1238 460 1302 ‘non
478 1247 513 1302 tu
530 1245 563 1302 in
581 1243 690 1317 triuiis,
716 1242 844 1318 indocte,
867 1243 983 1303 solebas
1002 1241 1140 1302 stridenti
1163 1245 1304 1304 miserum

155 1333 267 1408 stipula
296 1332 464 1409 disperdere
495 1329 650 1393 carmenl'
704 1332 836 1409 Propert
860 1333 971 1407 1133,
996 1335 1014 1392 9
1047 1327 1125 1392 ‘eum
1155 1335 1185 1391 te
1217 1333 1305 1393 iussit

155 1421 264 1482 habere
286 1421 418 1498 puellam
440 1440 551 1482 cornua
573 1422 648 1481 Iuno
671 1424 702 1480 et
723 1424 838 1499 peeoris
861 1422 936 1481 duro
958 1421 1080 1498 perdere
1103 1421 1195 1481 uerba
1219 1417 1303 1482 sono'

155 1510 307 1571 Demosth.
330 1511 367 1570 de
390 1530 448 1571 cor.
470 1512 533 1571 180
561 1509 758 1590 Κρεσφόντην
784 1507 805 1590 ἢ
834 1509 965 1591 Κρέοντα
992 1507 1012 1590 ἦ
1040 1505 1076 1570 ὃν
1103 1507 1136 1570 ἐν
1163 1513 1304 1595 Κολλυτῷ

155 1621 225 1660 ποτε
251 1598 403 1677 Οἰνόμαον
425 1609 523 1673 κακῶς
541 1597 714 1680 ἐπέτριψοςς
733 1600 884 1660 Plutarch.
903 1600 939 1660 de
958 1602 1011 1659 uit.
1030 1599 1100 1675 pud
1121 1601 1139 1660 6
1163 1620 1192 1676 p.
1204 1601 1304 1660 531Β

155 1682 219 1750 οἷον
242 1686 274 1749 ἐν
297 1689 452 1774 συμποσίῳ
475 1689 565 1767 φίλον
588 1688 758 1775 κιθαρῳδὸς
781 1685 846 1774 ᾅδει
868 1697 966 1762 κακῶς
989 1684 1009 1767 ἢ
1031 1692 1141 1749 πολλοῦ
1160 1687 1303 1774 κωμῳδὸς

155 1776 322 1857 ἐωνημένος
358 1776 499 1859 ἐπιτρίβει
538 1776 729 1860 Μένανδρον.
791 1778 937 1857 Suppleas
973 1780 1068 1857 igitur
1104 1782 1222 1855 oportet
1259 1774 1305 1838 ‘ut

154 1869 254 1929 ludius
281 1868 353 1929 olim
380 1887 505 1928 rausuro
532 1871 664 1948 tragIcus
691 1870 744 1946 qui
771 1870 905 1929 earmina
932 1868 1032 1943 perdit
1059 1863 1189 1928 Oreste':
1221 1871 1305 1928 actor

156 1959 287 2037 tragicus
305 1957 371 2017 Liu.
390 1958 488 2017 XXIV
504 1961 555 2034 94,
570 1961 598 2018 9.
640 1959 780 2019 Ruueuro
800 1958 899 2017 Oreste
917 1958 1068 2018 ablatiuus
1087 1960 1133 2018 est
1151 1956 1304 2018 absolutus

155 2040 241 2128 (conf
261 2047 405 2126 Draegeri
427 2051 506 2125 synt
529 2048 597 2108 hist.
616 2048 635 2107 1.
654 2046 721 2108 Lat
740 2048 770 2107 11
789 2047 826 2108 sd
848 2047 879 2106 H
902 2045 922 2122 ξ
942 2048 1008 2108 580
1034 2047 1160 2126 Reisigii
1188 2047 1304 2106 scholas

155 2137 192 2196 de
219 2138 338 2214 syntaxi
365 2137 385 2195 l.
410 2135 443 2196 L.
476 2155 554 2198 anno
589 2138 673 2196 1888
702 2137 798 2198 editas
825 2158 853 2214 p.
875 2137 937 2196 765
966 2127 1095 2218 adnot.):
1125 2139 1209 2197 cuius
1236 2156 1304 2196 con·

155 2227 327 2286 structionis
363 2225 419 2287 hoc
454 2227 520 2287 loco
557 2230 603 2286 est
642 2227 845 2286 testimonium
882 2227 1126 2302 antiquissimum
1163 2228 1304 2286 omnium.

154 2314 265 2392 Lepide
287 2316 385 2375 herois
408 2334 566 2392 personam
589 2315 626 2375 ab
650 2316 793 2376 histrione
817 2315 959 2376 discernit
980 2319 1079 2393 poete,
1108 2334 1175 2375 cum
1197 2315 1304 2374 histrio

154 2405 206 2463 ille
229 2403 343 2465 Orestis
369 2407 471 2482 partes
497 2408 599 2484 egerit.
647 2404 705 2464 Cic.
728 2405 764 2465 de
787 2405 947 2465 661259
977 2400 1095 2480 ‘ltaque
1123 2423 1177 2464 nos
1199 2423 1305 2464 raucos

154 2513 242 2571 saepe
278 2494 477 2554 attentissime
513 2494 611 2553 audiri
647 2493 734 2553 uideo
847 2498 880 2552 at
915 2494 1081 2570 Aesopum,
1118 2496 1144 2552 si
1181 2493 1303 2569 paulum

154 2586 319 2658 irrausen't,
343 2580 480 2660 explodi'.
527 2582 573 2642 Ad
601 2582 724 2642 Pacuuii
752 2583 940 2642 Dulorestem
963 2581 1163 2658 Latinumque
1186 2587 1303 2660 tragoe-

154 2673 225 2732 dum
253 2675 402 2749 pertinere
429 2673 507 2732 hunc
534 2693 562 2731 6.
582 2672 680 2732 uoluit
708 2692 768 2732 van
790 2671 945 2732 Heusdeus
973 2671 1051 2731 stud.
1070 2673 1135 2730 crit.
1154 2672 1186 2729 in
1209 2670 1303 2729 Lucil.

155 2783 183 2838 p.
204 2763 267 2821 305
297 2760 441 2837 Corpetus
473 2762 512 2821 ad
538 2762 567 2820 h.
591 2783 633 2835 6.,
666 2764 718 2837 qui
749 2763 844 2821 secuti
876 2764 945 2821 sunt
971 2760 1120 2820 Naekium
1153 2754 1306 2841 (opuscl

155 2871 183 2927 p.
200 2843 292 2931 105),
315 2852 433 2925 rectiuS,
456 2853 571 2927 opinor,
594 2850 630 2910 de
654 2849 767 2910 Graeca
790 2851 892 2926 aliqua
914 2849 1025 2909 fabella
1048 2853 1079 2909 et
1097 2849 1133 2909 de
1151 2848 1304 2925 Euripidis

157 2939 261 3000 Oreste
293 2941 439 3018 cogitauit
470 2939 678 3000 Lachmannus
710 2958 758 3017 ap.
781 2940 963 2998 Meinelrium
991 2936 1078 2997 FGG
1100 2938 1128 2995 V
1157 2942 1173 2997 1
1203 2958 1232 3014 p.
1253 2939 1305 3012 53,

155 3032 208 3107 qui
231 3028 387 3089 Strattidis
410 3032 597 3108 comparauit
620 3048 722 3089 uersus
742 3020 876 3111 (unul
899 3049 927 3104 p.
944 3019 1074 3110 711K):
1097 3025 1146 3087 acl
1168 3035 1228 3087 τῶν
1251 3023 1305 3105 μὲν

154 3116 251 3180 ἄλλων
283 3116 340 3180 οὐκ
371 3116 491 3197 ἐμέλησέ
523 3141 573 3198 μοι
605 3110 713 3198 μελῶν
746 3117 916 3199 Εὐριπίδου
944 3113 976 3177 δὲ
1004 3116 1102 3198 δρᾶμα
1130 3115 1304 3190 δεξιώτατον

154 3201 295 3269 διέκναισ’
317 3201 464 3288 Ὀρέστην,
478 3201 636 3289 Ἡγέλοχον
654 3207 705 3269 τὸν
724 3206 887 3288 Κνννάρον
906 3205 1133 3286 μισθωσάμενος
1151 3204 1187 3266 τὰ
1204 3213 1305 3286 πρῶτον

155 3306 213 3358 τῶν
245 3294 326 3358 ἐντῶν
358 3294 459 3379 λέγειν.
504 3298 583 3358 Nam
615 3300 748 3359 omnium
780 3297 951 3357 fabularum
980 3300 1011 3357 et
1046 3297 1101 3356 illa
1133 3296 1243 3356 Lucilii
1275 3300 1306 3355 et

154 3389 236 3447 omui
268 3390 367 3447 aetate
397 3389 430 3448 in
462 3407 569 3449 scaena
601 3390 768 3448 clarissima
794 3391 860 3446 erat
887 3384 1018 3447 Orestes:
1048 3386 1128 3463 quod
1157 3388 1306 3446 testantur

155 3478 237 3536 tituli
256 3477 478 3557 Dittenbergeri
495 3478 562 3555 syll.
580 3481 668 3538 inser.
687 3475 737 3537 (ir.
752 3475 796 3536 ed.
811 3476 863 3536 alt.
884 3477 958 3550 696,
979 3477 1028 3535 19.
1050 3477 1123 3553 700,
1146 3475 1169 3550 Ι,
1193 3475 1305 3535 scholis

156 3568 188 3624 in
212 3563 345 3626 Orestem
369 3558 415 3647 (H
433 3588 461 3644 p.
481 3570 545 3628 406
569 3567 728 3627 Schwartz.
747 3586 769 3627 s.
789 3587 817 3625 u.
836 3559 993 3645 cosmica),
1015 3584 1147 3642 papyrus
1170 3566 1305 3624 scaenica

156 3652 394 3716 vindobonensis
430 3649 537 3739 (Ianus
564 3657 639 3717 Mus.
668 3657 730 3716 Ser.
754 3654 804 3715 Gr.
828 3657 971 3732 supplem.
996 3654 1076 3732 Lips.
1103 3654 1187 3713 1899
1212 3675 1240 3730 p.
1260 3647 1305 3734 6),

157 3740 281 3818 Dionys.
300 3743 397 3804 Helio.
416 3745 452 3805 de
475 3765 604 3823 compos.
623 3746 703 3805 uerb.
723 3765 786 3822 cap.
808 3749 846 3804 11
873 3746 942 3805 alia

623 3973 836 3984 ——a—

686 4214 778 4299 XX.

247 4364 330 4433 568.
353 4369 523 4432 Priscianus
543 4368 594 4431 GL
612 4370 643 4430 H
661 4392 690 4448 p.
710 4370 785 4445 485,
806 4369 883 4430 191(
906 4365 1040 4449 ‘Tergeo,
1062 4371 1144 4429 tersi.
1168 4417 1174 4428 .
1195 4418 1201 4429 .
1222 4417 1228 4428 .
1247 4368 1306 4427 Lu·

158 4463 245 4522 cilius
278 4462 308 4521 in
341 4460 394 4519 XX
427 4457 600 4539 “purpureo
633 4463 720 4520 tersit
755 4463 827 4519 tune
863 4460 941 4520 latas
975 4478 1106 4537 gausape
1142 4454 1305 4519 mensas''.'

1042 4560 1093 4611 14*
