3060 5010
206 327 271 392 120
650 322 712 376 vni
730 340 757 375 u.
779 327 927 376 ers-arr.

206 494 315 555 tradit:
348 489 527 554 ‘onerariam
560 490 677 569 Hippus
709 491 818 567 Tyrius
849 490 1058 564 inuenit...
1081 491 1204 550 celetem
1237 491 1355 564 Rhodii,

206 603 360 645 cercurum
384 576 508 660 Cyprii’.
555 580 647 640 Extat
669 580 725 641 hoc
747 580 928 640 uocabulum
956 580 1036 657 apud
1054 580 1152 640 Plaut.
1171 580 1292 640 Marcet.
1312 583 1352 640 87

208 672 493 746 euanescere,
525 670 596 729 item
631 688 678 747 ap.
705 669 826 729 Liuium
848 668 978 728 XXXIII
998 671 1054 744 19,
1074 671 1115 729 10
1138 669 1240 729 XXIII
1260 671 1353 744 34,4

207 759 416 841 {Valeriusque
443 761 569 820 Flaccus
596 777 731 820 cercuros
759 757 797 818 ad
825 758 1058 835 persequendam
1087 759 1355 836 retrahendamque

207 872 314 913 nauem
342 871 409 912 eum
436 844 576 910 misisset’
605 849 683 909 unde
711 852 838 926 apparet
865 847 1085 908 celerrimamm
1112 848 1203 910 fuisse
1233 850 1356 909 nauium

206 941 281 1002 illud
301 959 402 1019 genus.
440 940 484 999 Eo
507 940 605 998 minus
628 938 771 1015 intellego
794 937 850 998 hoc
867 937 977 997 Lucilii
998 938 1065 998 loco
1083 937 1163 1014 quod
1186 939 1357 998 statuerunt

207 1031 335 1091 editores
367 1029 403 1089 de
431 1028 550 1088 flumine
582 1027 632 1106 agi
664 1026 836 1087 traiciendo.
886 1027 1027 1087 Plausum
1062 1028 1141 1086 enim
1172 1027 1245 1087 tulit
1276 1027 1356 1086 Iunii

206 1119 383 1180 emendandi
414 1118 492 1178 ratio
525 1116 575 1194 qui
608 1117 664 1177 hoc
690 1116 779 1177 modo
807 1117 979 1193 scripserat:
1013 1111 1137 1176 ‘Verum
1168 1115 1278 1176 flumen
1310 1117 1356 1177 uti

206 1213 298 1286 atque
320 1209 386 1286 ipso
410 1204 540 1267 diuortio
562 1201 751 1285 <aquarum>
773 1205 875 1285 ilignis
898 1205 1022 1282 pedibus
1045 1224 1199 1266 cercurum
1226 1205 1357 1265 concinit

207 1293 331 1376 aequis,
351 1315 427 1375 quae
446 1296 500 1358 alii
519 1296 578 1356 alio
598 1294 686 1356 modo
704 1298 822 1355 mutata
839 1314 976 1371 recepere
992 1294 1130 1369 editores,
1148 1314 1216 1355 cum
1230 1294 1358 1355 doceant

207 1388 296 1465 pedes
315 1386 351 1445 de
369 1386 460 1447 remis
479 1402 542 1446 esse
556 1384 781 1462 intellegendos.
814 1384 899 1443 Dixit
912 1402 984 1444 sane
997 1383 1147 1445 Ausonius
1161 1383 1276 1444 Mosell.
1291 1385 1352 1444 201

208 1474 384 1553 ‘remipedes
415 1474 513 1535 medio
546 1478 662 1534 certant
693 1493 760 1533 cum
792 1473 913 1533 flumine
942 1469 1060 1533 lembi’:
1091 1477 1125 1534 at
1156 1475 1258 1534 nostro
1290 1473 1356 1534 loco

208 1566 324 1625 nullum
346 1565 407 1624 ista
429 1564 588 1624 translatio
607 1563 698 1623 habet
716 1563 822 1622 locum.
860 1561 1064 1623 certissimum
1084 1564 1163 1622 enim
1182 1560 1356 1623 fundamen·

207 1659 271 1716 tum
293 1654 551 1731 interpretationis
579 1653 638 1711 erit
658 1652 739 1712 istud
757 1653 883 1726 pedibus
911 1653 1027 1728 aequis:
1055 1671 1114 1728 qua
1142 1651 1178 1712 de
1205 1652 1357 1712 locutione

208 1745 279 1805 coni
296 1743 354 1804 Cic.
373 1742 412 1803 ad
430 1741 494 1802 Att.
513 1741 584 1801 XVI
604 1742 669 1817 6,1
697 1737 773 1820 ‘Ego
795 1739 892 1801 adhuc
911 1788 917 1800 .
933 1788 939 1800 .
956 1788 962 1800 .
981 1743 1077 1820 magis
1095 1741 1249 1801 commode
1267 1759 1357 1818 quam

207 1837 326 1893 strenue
353 1831 512 1912 nauigani‚
539 1831 628 1890 remis
656 1832 735 1890 enim
763 1849 903 1908 magnam
930 1834 1060 1908 partem,
1092 1830 1244 1908 prodromi
1270 1830 1356 1890 nulli.

207 1922 287 1982 Illud
310 1924 384 1982 satis
407 1924 582 1998 opportune,
604 1919 663 1980 duo
686 1921 767 1981 sinus
790 1920 920 1994 fuerunt,
945 1939 1019 1997 qnos
1042 1922 1173 1980 tramitti
1197 1923 1357 1998 oporteret,

208 2012 372 2071 Paestanus
395 2014 426 2071 et
447 2009 633 2069 Vibonensis.
678 2009 845 2086 Vtramque
867 2010 992 2087 pedibus
1019 2011 1122 2087 aequis
1150 2005 1357 2070 tramisimus’.

207 2102 284 2161 Item
307 2098 393 2160 Ouid.
413 2119 448 2160 ex
465 2099 551 2160 Pont.
570 2098 614 2157 IV
634 2099 701 2173 5,3
727 2094 784 2158 ‘Ite
806 2098 887 2159 leues
910 2099 1001 2178 elegi,
1029 2099 1131 2159 doctas
1160 2097 1199 2158 ad
1227 2099 1358 2162 consulis

208 2208 295 2250 aures
319 2188 506 2267 ...Longa
536 2191 588 2248 uia
619 2191 672 2248 est.
727 2207 782 2249 nec
813 2207 867 2249 uos
898 2188 1023 2267 pedibus
1054 2188 1216 2266 proceditis
1252 2190 1357 2266 aequis

209 2281 357 2355 Tectaque
387 2277 517 2338 brumali
547 2277 602 2337 sub
634 2280 702 2338 niue
734 2281 815 2338 terra
845 2273 931 2338 latet’
965 2277 1194 2338 sereniore
1233 2273 1356 2337 ‘nancta

208 2370 303 2429 ratem
321 2369 501 2445 comitesque
519 2368 608 2447 fugae
625 2367 701 2444 pede
719 2367 832 2427 labitur
850 2362 956 2444 aeqno’
971 2367 1023 2427 ubi
1037 2367 1226 2427 Burmannus
1239 2367 1357 2445 relegat

208 2458 357 2538 legentem
381 2456 419 2517 ad
442 2455 550 2516 Catuli.
569 2456 613 2515 IV
633 2459 672 2516 91
700 2451 776 2517 ‘siue
799 2461 958 2534 utrumque
980 2456 1117 2534 Iuppiter
1140 2456 1229 2516 simul
1255 2474 1357 2516 secun·

209 2548 265 2607 dus
287 2545 442 2607 incidisset
468 2548 501 2605 in
525 2541 650 2623 pedem’.
696 2545 802 2623 ltaque
829 2564 881 2623 pes
909 2547 995 2606 nauis
1022 2546 1103 2605 funis
1130 2548 1176 2606 est
1203 2563 1262 2623 quo
1289 2544 1359 2604 uela

209 2637 385 2716 deriguntur
399 2634 437 2695 ad
450 2638 572 2695 uentum
591 2634 764 2713 etpedibus
783 2637 887 2712 aequis
905 2635 1000 2694 currit
1018 2654 1053 2694 ea
1071 2636 1157 2696 nauis
1171 2653 1248 2712 quae
1261 2635 1358 2712 plenis

209 2727 294 2786 uolat
312 2725 388 2785 uelis
409 2725 459 2784 uel
483 2720 631 2801 ‘aequatis
654 2720 740 2784 uelis’
764 2728 799 2784 ut
821 2726 867 2784 est
889 2743 936 2801 ap.
955 2723 1122 2802 Vergilium
1145 2725 1219 2784 Aen.
1234 2724 1278 2782 lV
1293 2725 1356 2783 587

209 2818 300 2876 uento
336 2813 472 2875 secundo.
530 2813 675 2873 Similiter
711 2813 835 2875 Nonuus
871 2813 994 2890 Dionys
1014 2813 1056 2872 IV
1078 2815 1142 2874 939
1175 2808 1358 2893 δουροπαγές

210 2903 341 2982 niumm
364 2895 404 2962 δι’
430 2901 569 2980 οἴδματος
590 2901 669 2982 ἅρμα
691 2902 846 2981 θαλάσσης
864 2901 971 2974 lodices
993 2899 1132 2983 ἑκάτερθε
1157 2899 1232 2975 νεὼς
1253 2899 1357 2974 πόδας.

212 2992 301 3053 Cadit
326 2994 421 3072 igitur
447 2991 567 3071 elegans
594 2990 669 3049 illud
699 2993 814 3066 iliensis
842 2991 978 3052 omnibus
1009 2991 1169 3070 probatum
1201 3011 1255 3051 nec
1286 2992 1358 3051 ferri

209 3085 310 3160 potest
331 3082 462 3141 diuortio
485 3099 644 3157 aquarum:
670 3080 759 3158 longe
782 3083 861 3140 enim
884 3081 967 3140 alind
990 3083 1037 3142 est
1066 3081 1233 3160 diuergium
1262 3099 1358 3157 aquae

210 3164 261 3253 (de
288 3189 348 3248 quo
376 3169 545 3229 Rudorffius
573 3168 621 3228 die
645 3169 793 3229 Schriften
821 3170 848 3229 d.
871 3175 944 3230 rim.
970 3169 1154 3231 Feldmesser
1171 3169 1202 3229 II
1220 3191 1248 3247 p.
1269 3161 1357 3250 956).

212 3259 409 3337 (temperatim
431 3259 463 3317 in
485 3257 620 3318 uersibus
643 3258 753 3318 Lucilii
775 3261 844 3336 equi
872 3279 974 3320 cursus
996 3263 1032 3320 ut
1057 3263 1164 3337 opinor
1190 3259 1277 3319 uelox
1305 3258 1357 3318 ilu-

211 3349 286 3409 mini
308 3348 447 3424 primum,
469 3349 534 3407 tum
558 3347 612 3406 alii
633 3350 686 3424 rei,
709 3347 835 3425 denique
859 3350 956 3426 plenis
978 3350 1054 3410 uelis
1081 3349 1210 3409 currenti
1239 3367 1359 3408 cercuro

210 3437 375 3497 celerrimo:
394 3441 479 3511 alque
496 3435 676 3514 particulam
694 3441 774 3497 recte
791 3437 934 3498 traditam
952 3456 1015 3499 esse
1030 3457 1152 3499 caesura
1166 3456 1242 3515 quae
1256 3437 1360 3498 in-hoc

210 3526 356 3587 uocabulo
379 3526 497 3603 saepius
519 3525 672 3585 inuenitur
691 3526 904 3602 semiquinaria
922 3527 1074 3604 probetur⁴
1108 3523 1231 3587 ‘Verum
1249 3526 1359 3587 flumen

210 3615 256 3676 uti
271 3617 362 3692 atque
376 3614 441 3691 ipso
456 3614 491 3674 de
504 3616 616 3674 uertice
625 3610 757 3693 <montis
770 3611 894 3694 saxum>
910 3619 1010 3693 ingens
1020 3610 1106 3699 (conf
1116 3617 1219 3677 quen.
1234 3616 1278 3675 VI
1293 3616 1357 3675 649
1429 3624 1433 3634 ’

210 3705 296 3765 Lucr.
315 3704 343 3762 V
363 3696 452 3786 313),
474 3703 598 3780 pedibus
622 3722 774 3765 cercurum
802 3711 973 3766 currerent
1000 3707 1102 3782 aequis
1129 3701 1239 3784 <saepe
1266 3704 1359 3780 uides,

212 3798 297 3856 tanto
320 3795 381 3854 ruit
403 3793 452 3853 hic
475 3811 542 3852 eous
564 3795 674 3871 impete
697 3790 805 3872 uelox>
828 3815 904 3872 quae
927 3794 993 3855 ideo
1017 3794 1119 3855 addidi
1140 3815 1179 3855 ne
1207 3794 1360 3873 cogitandi

212 3884 343 3944 laborem
367 3903 413 3943 me
437 3883 574 3961 effugisse
598 3883 665 3960 quis
687 3885 780 3961 putet.
816 3886 943 3945 diuortio
966 3884 1078 3944 scribas
1100 3884 1132 3943 in
1152 3904 1224 3962 app.
1249 3885 1314 3944 crit

303 3965 387 4033 317.
416 3973 585 4033 Priscianus
604 3970 655 4033 GL
673 3973 705 4033 11
723 3994 751 4050 p.
772 3975 850 4049 546,
870 3973 927 4034 91(
964 3969 1070 4033 ‘Sallio
1106 3973 1240 4034 sallitum
1277 3974 1360 4047 facit,

213 4063 288 4123 sallo
312 4063 430 4123 salsum.
451 4062 661 4123 ...similiter
682 4063 815 4123 Lucilius
841 4063 873 4122 in
896 4063 971 4122 VIII
994 4058 1125 4123 “sallere
1146 4062 1360 4143 ...frigdaria

213 4144 361 4230 (nonnulli
388 4152 460 4210 codd
487 4145 662 4234 frigidaria)
690 4147 812 4211 ferre”.’
863 4151 974 4231 Agitur
1003 4152 1039 4212 de
1070 4155 1235 4212 mercatore
1266 4153 1359 4213 salsa-

212 4241 359 4299 monterio
378 4242 431 4316 qui
448 4259 585 4301 murenas
604 4242 642 4301 ad
660 4241 768 4301 fretum
787 4243 891 4318 captas
905 4234 1048 4322 (Macrob.
1064 4240 1183 4302 Saturn.
1197 4241 1244 4300 III
1259 4244 1310 4316 15,
1326 4239 1359 4318 7)

147 4330 148 4333 ’
213 4330 321 4387 coemit
343 4330 377 4409 et
397 4332 450 4389 aut
472 4330 606 4390 sallendo
630 4334 682 4390 sut
705 4330 815 4408 frigore
843 4332 874 4389 in
902 4330 1054 4410 frigdariis
1081 4335 1250 4392 conseruat:
1278 4351 1360 4391 merx

215 4416 392 4477 uocabulum
417 4416 455 4477 ad
477 4421 573 4496 pisces
596 4420 668 4479 item
687 4421 818 4497 pertinet
836 4423 867 4478 et
884 4420 1105 4480 salsamentarii
1122 4421 1290 4500 exemplum
1308 4419 1356 4480 ad-
