3060 5010
203 358 267 423 104
654 357 706 410 vn
723 375 750 410 u.
771 361 920 410 sus-sis.

202 524 306 589 ‘horno
320 529 425 589 messis
443 521 572 606 magna’.
597 526 709 595 Quodsi
723 544 828 586 reuera
845 526 967 602 praetor
984 525 1033 585 hic
1051 524 1102 583 ille
1121 528 1167 585 est
1181 523 1351 603 caprarius,

201 637 280 679 anno
303 610 524 696 fere639l115
548 615 658 675 librum
676 615 736 675 VII
759 614 956 693 compositum
979 631 1043 674 esse
1065 614 1257 675 statuendum
1285 615 1350 675 erit.

294 699 667 783 1111011110,
692 708 734 766 10
762 723 796 763 ex
824 705 1020 783 grammatico
1049 700 1192 780 ‘Placeat²
1220 706 1352 785 languet,

201 797 309 857 deficit.
356 795 489 855 Lucilius
512 795 562 855 lib.
581 795 641 854 VH
665 790 738 854 “hio
761 797 806 853 est
828 794 950 854 Macedo
974 794 1000 853 si
1023 797 1127 869 agrion
1155 786 1262 875 (apros
1288 813 1351 856 cor-

201 889 300 947 rectus
318 878 486 966 Leidensis)
505 885 623 963 longius
641 878 790 944 flaccet'’.’
827 883 942 961 Agrion
960 902 1067 944 nomen
1086 884 1221 962 legitime
1239 884 1352 945 factum

203 995 385 1055 quamquam
412 974 531 1035 nonnisi
558 973 638 1051 apud
667 973 902 1033 Ohoeroboscum
927 971 1060 1032 (itamari
1086 973 1248 1034 Aneodotis
1276 971 1352 1035 Oxo·

202 1065 355 1127 aiensibus
373 1064 404 1124 Π
422 1084 451 1141 p.
473 1065 546 1137 182,
566 1065 584 1121 6
606 1055 730 1143 ’Appios
753 1060 785 1123 τὸ
806 1060 911 1142 κύριον
929 1058 1024 1140 ὄνομα
1043 1060 1093 1122 διὰ
1110 1070 1164 1124 τοῦ
1182 1086 1194 1122 ι
1210 1061 1354 1143 γράφεται

202 1156 319 1230 inueni,
346 1153 444 1214 delere
472 1155 556 1214 nolui
584 1172 651 1213 cum
683 1152 794 1212 similia
826 1154 887 1211 siut
913 1143 1022 1231 ‘Aylov
1050 1143 1156 1224 Ἀξίων
1185 1151 1353 1213 &romolos

203 1247 326 1306 nomina
348 1245 483 1321 propria:
507 1262 602 1321 neque
626 1242 705 1319 quod
727 1261 802 1319 puer
824 1241 946 1301 Theocr.
965 1241 1067 1300 XXIII
1085 1261 1114 1300 1.
1136 1244 1176 1302 19
1199 1238 1282 1323 iypse
1299 1245 1358 1301 stoi

203 1332 253 1394 καὶ
277 1329 382 1413 στυγνέ
405 1333 576 1411 appellatur
598 1333 656 1393 huc
678 1333 827 1408 pertinere
850 1331 1028 1409 putauerim.
1065 1331 1182 1391 Nomen
1205 1335 1251 1391 est
1269 1333 1354 1409 pueri

204 1424 327 1485 delicati
351 1424 440 1484 sicuti
464 1421 588 1482 Gentius
616 1424 648 1481 11
670 1420 793 1481 Macedo
820 1420 1017 1498 peregrinum.
1065 1417 1233 1482 ‘Inueniam
1260 1421 1353 1480 alium

205 1516 230 1574 si
253 1533 300 1572 me
328 1512 376 1572 hio
402 1512 521 1572 fastidit
543 1506 662 1571 Alexin'
691 1512 858 1587 nescioquis
887 1509 964 1569 dirit
991 1510 1071 1587 apud
1095 1510 1259 1585 Lucilium,
1287 1530 1354 1570 cum

204 1596 319 1680 Agrion
356 1603 410 1660 aut
445 1600 648 1661 ualetudinem
685 1618 827 1661 excusans
868 1601 1032 1660 amatorem
1074 1601 1231 1660 excluserit
1272 1591 1357 1680 (conf

206 1691 366 1751 Tibu11.11
386 1692 419 1764 6,
439 1692 480 1749 49
515 1685 628 1766 ‘saepe,
661 1688 713 1748 ubi
744 1707 802 1749 nox
834 1689 981 1766 promissa
1012 1690 1087 1749 mibi
1119 1692 1177 1765 est,
1213 1690 1354 1768 languere

204 1781 337 1858 puellam
355 1771 503 1860 nuntiat’)
523 1783 576 1838 aut
592 1781 625 1837 in
643 1798 743 1838 amore
762 1780 938 1855 languescat
956 1781 1098 1839 amatoris
1116 1799 1223 1856 parum
1241 1778 1355 1839 studio·

205 1888 254 1930 sus
274 1861 361 1950 (coni
377 1866 463 1929 Ouid.
478 1867 585 1928 remed.
600 1887 658 1927 am.
674 1869 736 1928 511
759 1863 831 1927 ‘iam
850 1870 941 1944 ponet
959 1868 1064 1945 111111,
1083 1889 1150 1929 cum
1168 1871 1199 1928 te
1212 1869 1355 1947 languere

206 1951 348 2108 uidebit’7)
371 1977 447 2036 quac
469 1957 654 2034 probabilior
676 1957 796 2018 uidetur
817 1959 1035 2034 interpretatio.

296 2040 316 2107 2
344 2042 379 2110 b.
401 2049 518 2108 Nonius
537 2067 565 2124 p.
582 2048 656 2122 258,
672 2049 711 2106 31
734 2043 929 2107 ‘contendere
953 2047 1103 2126 significat
1122 2066 1293 2125 conparare.

205 2138 286 2199 idem
308 2137 359 2197 lib.
379 2137 438 2196 VH
462 2132 597 2198 “hunoin
616 2182 623 2195 .
639 2182 645 2194 .
662 2184 667 2194 .
687 2131 871 2197 contendi’'.’
918 2136 1048 2198 Fabulae
1072 2138 1180 2214 quibus
1197 2156 1356 2215 puerorum

207 2246 322 2288 amores
349 2225 575 2287 celebrabantur
602 2246 662 2286 una
689 2247 756 2286 cum
784 2245 866 2287 more
893 2245 1000 2303 pueros
1028 2228 1150 2287 amandi
1172 2228 1284 2287 Romm
1311 2228 1355 2286 in·

206 2319 340 2378 notuisse
362 2334 466 2376 uersus
488 2316 538 2376 hic
559 2317 701 2376 testatum:
724 2317 888 2394 posteriore
910 2318 1043 2394 tempore
1066 2317 1232 2393 Hyacinthi
1249 2335 1356 2376 nomen

207 2408 298 2484 uulgo
326 2407 426 2484 pueris
453 2405 583 2465 inditum
610 2405 702 2466 inisse
730 2407 891 2466 testaretur
918 2406 1073 2484 inscriptio
1099 2407 1212 2467 1111111
1238 2409 1357 2485 reperta

208 2494 313 2556 Orellii
337 2494 470 2555 Hannoni
490 2496 575 2555 2606
601 2490 648 2553 Ἱ).
667 2495 707 2554 Μ.
726 2497 887 2556 memoriae
911 2494 941 2555 C.
957 2495 1066 2574 Reguli
1092 2497 1225 2555 moribus
1252 2496 1356 2556 dacore

207 2585 359 2646 natalibus
392 2586 418 2644 d.
447 2584 474 2643 d.
503 2584 675 2661 Hyacinthe
706 2586 756 2645 uel
786 2585 927 2645 Narcisso
964 2585 1156 2662 comparandi
1193 2586 1245 2662 qui
1282 2585 1358 2644 uixit

209 2696 255 2736 an.
275 2675 334 2735 XII
352 2696 391 2735 m.
409 2670 467 2735 III’
496 2673 521 2734 si
550 2676 687 2751 suspecta
714 2694 773 2734 non
803 2675 887 2734 esset.
941 2672 1192 2749 Cortinipctentem
1223 2676 1358 2751 appellat

208 2765 343 2825 Lucilius
361 2764 504 2841 Pythium
522 2762 694 2841 Apollinem
717 2764 806 2825 sicuti
829 2763 909 2842 apud
927 2762 1094 2842 Vergilium
1113 2764 1265 2824 Vulcanus
1283 2766 1357 2839 1911-

207 2858 308 2929 potens
328 2853 426 2929 audit3
448 2855 646 2929 sagittipotens
665 2851 780 2914 Cicero:
803 2851 1017 2932 speccialiter
1035 2853 1207 2932 Apolhnem
1226 2853 1357 2914 Christo·

209 2944 298 3004 dorus
321 2943 418 3020 ecphr.
441 2945 489 3001 72.
511 2944 574 3002 283
594 2944 736 3020 appellat.
773 2942 923 3003 Lucilium
946 2942 982 3001 de
1005 2961 1036 3003 11
1058 2945 1158 3020 ipsum
1180 2943 1266 3020 loqui
1284 2945 1357 3003 satis

210 3035 256 3093 est
276 3031 451 3093 uerisimile:
474 3030 552 3091 unde
575 3050 698 3108 puerum
721 3032 809 3091 illum
832 3032 895 3091 siue
914 3029 1039 3093 Gentius
1062 3035 1129 3093 erat
1150 3034 1214 3094 siue
1239 3034 1316 3093 alius
1339 3051 1358 3093 a

209 3124 299 3200 poeta
320 3124 386 3198 ipso
410 3123 544 3180 amatum
566 3122 657 3180 111111
680 3123 912 3182 consentaneum
935 3124 987 3182 est.
1035 3121 1171 3199 Spectari
1192 3122 1249 3182 hoc
1269 3140 1357 3183 uersu

210 3210 281 3271 libri
298 3210 396 3269 XXIX
420 3211 472 3286 qui
494 3209 570 3269 liber
593 3209 763 3286 quindecim
786 3210 847 3270 fere
871 3229 964 3271 annos
987 3214 1057 3272 ante
1080 3211 1190 3271 librum
1207 3211 1267 3270 VII
1289 3230 1357 3271 eon-

210 3301 337 3377 scriptus
365 3301 406 3359 sit
427 3319 455 3357 u.
480 3300 544 3359 895
555 3317 615 3375 seq.
650 3294 801 3378 ‘Apollost
832 3320 953 3375 numen,
990 3304 1042 3377 qui
1074 3306 1103 3360 ts
1134 3302 1266 3377 antiquis
1299 3320 1358 3361 non

210 3390 288 3449 sinet
310 3387 425 3448 deliciis
448 3389 597 3448 maculam
621 3391 711 3464 atque
728 3391 926 3467 ignominiam
949 3387 1102 3468 inponere’
1122 3392 1290 3468 suspicatus
1314 3393 1359 3452 est

210 3478 360 3538 Lucianus
383 3477 551 3538 Muellerus.
589 3478 702 3538 Tamen
724 3480 831 3556 opinor
853 3479 930 3538 libro
949 3479 1046 3540 XXIX
1069 3500 1099 3541 se
1122 3483 1220 3560 ipsum
1239 3483 1358 3557 poetam

211 3584 384 3646 comparare
402 3567 456 3627 deo
474 3566 610 3644 Apollini
629 3568 724 3627 multo
742 3570 841 3627 minus
859 3572 905 3628 est
923 3568 1086 3646 probabile,
1105 3590 1195 3646 quam
1212 3569 1359 3647 appellari

211 3657 382 3737 Apollinem
413 3659 565 3734 potentem
597 3658 728 3734 aliquem
759 3658 909 3718 hominem
941 3661 1032 3735 atque
1068 3658 1239 3732 1111111111,
1276 3658 1359 3718 cuius

211 3767 336 3826 puerum
362 3746 496 3808 Lucilius
523 3746 622 3806 uerbis
649 3746 785 3807 tristibus
814 3749 1014 3809 lacessiuerat.
1063 3749 1171 3824 Itaque
1202 3766 1277 3824 puer
1307 3748 1359 3808 ills

211 3838 345 3915 loquitur
371 3839 404 3897 in
431 3837 509 3897 libro
527 3837 625 3896 XXIX
652 3837 819 3897 minacibus
847 3838 960 3911 uerbis,
987 3857 1055 3897 eum
1081 3837 1164 3897 dicat
1188 3836 1359 3914 Apollinem

211 3946 299 3987 suum
321 3942 432 4004 poenas
454 3927 619 4003 petiturum
641 3928 818 3986 iniuriarum
842 3927 1008 3987 aLucilio:
1032 3930 1065 3986 at
1087 3928 1143 3987 hoc
1160 3926 1238 3987 libro
1258 3929 1360 4006 agitur

211 4015 248 4076 de
275 4017 375 4093 pueris
402 4016 522 4076 Lucilii·
538 4018 641 4094 ipsius.
662 4048 701 4058 -
722 4016 825 4076 Atedii
851 4017 984 4077 Melioris
1015 4015 1176 4077 delicatum
1204 4015 1360 4077 Glauciam

213 4104 328 4165 Statius
351 4106 600 4179 silu.111‚112
624 4105 796 4182 Hyacinthe
819 4108 973 4181 comparat
996 4101 1171 4166 ‘Oebaliden
1194 4107 1248 4165 illo
1275 4125 1360 4183 prae-

212 4213 282 4271 ceps
299 4197 430 4254 mutaret
447 4191 579 4272 Apoll0'‚
598 4194 735 4255 similiter
753 4195 901 4255 Martialis
920 4195 994 4254 Vll]
1009 4196 1050 4255 63
1072 4191 1248 4271 ‘Thestylon
1264 4195 1360 4255 Aulus

213 4287 308 4357 amat,
339 4283 392 4343 sed
418 4303 472 4345 neo
499 4285 597 4344 minus
628 4285 713 4344 ardet
739 4284 861 4358 Alexin,
892 4285 1019 4344 forsitan
1051 4288 1082 4345 et
1113 4287 1248 4345 nostrum
1280 4304 1360 4345 nunc

213 4372 405 4448 Hyacinthon
428 4376 517 4432 amat.
554 4374 570 4433 1
593 4392 672 4433 nunc
694 4375 725 4432 et
746 4372 859 4448 dubita,
882 4375 967 4433 uates
990 4393 1028 4433 an
1047 4374 1156 4454 diligat
1173 4375 1264 4452 ipsos,
1287 4374 1359 4435 deli-

213 4462 273 4522 cias
296 4463 401 4521 uatum
424 4481 491 4520 cum
513 4481 596 4522 meus
617 4461 714 4522 Aulus
737 4457 838 4522 amet'.
