<?xml version="1.0" encoding="UTF-8"?>
<!DOCTYPE html PUBLIC "-//W3C//DTD XHTML 1.0 Transitional//EN"
    "http://www.w3.org/TR/xhtml1/DTD/xhtml1-transitional.dtd">
<html xmlns="http://www.w3.org/1999/xhtml" xml:lang="en" lang="en">
 <head>
  <title>
</title>
<meta http-equiv="Content-Type" content="text/html;charset=utf-8" />
  <meta name='ocr-system' content='tesseract 3.04.00' />
  <meta name='ocr-capabilities' content='ocr_page ocr_carea ocr_par ocr_line ocrx_word'/>
</head>
<body>
  <div class='ocr_page' id='page_1' title='image "./cluciliicarminu00lucigoog_0112.png"; bbox 0 0 3060 5010; ppageno 0'>
   <div class='ocr_carea' id='block_1_1' title="bbox 609 360 851 418">
    <p class='ocr_par' dir='ltr' id='par_1_1' title="bbox 609 360 851 418">
     <span class='ocr_line' id='line_1_1' title="bbox 609 360 851 418; baseline 0.008 -3"><span class='ocrx_word' id='word_1_1' title='bbox 609 360 635 415; x_wconf 86' lang='lat' dir='ltr'><strong>V</strong></span> <span class='ocrx_word' id='word_1_2' title='bbox 652 380 680 418; x_wconf 88' lang='lat' dir='ltr'><strong>u.</strong></span> <span class='ocrx_word' id='word_1_3' title='bbox 701 365 851 418; x_wconf 78' lang='lat' dir='ltr'><strong>isi-188.</strong></span> 
     </span>
    </p>
   </div>
   <div class='ocr_carea' id='block_1_2' title="bbox 213 529 1263 968">
    <p class='ocr_par' dir='ltr' id='par_1_2' title="bbox 213 529 1263 968">
     <span class='ocr_line' id='line_1_2' title="bbox 280 529 1125 608; baseline 0.002 -21"><span class='ocrx_word' id='word_1_4' title='bbox 280 529 324 590; x_wconf 85' lang='lat' dir='ltr'><strong>Vt</strong></span> <span class='ocrx_word' id='word_1_5' title='bbox 345 531 470 607; x_wconf 85' lang='lat' dir='ltr'><strong>periisse</strong></span> <span class='ocrx_word' id='word_1_6' title='bbox 492 530 577 607; x_wconf 90' lang='lat' dir='ltr'><strong>uelis,</strong></span> <span class='ocrx_word' id='word_1_7' title='bbox 601 550 689 608; x_wconf 89' lang='lat' dir='ltr'><strong>quem</strong></span> <span class='ocrx_word' id='word_1_8' title='bbox 712 533 808 592; x_wconf 89' lang='lat' dir='ltr'><strong>uisere</strong></span> <span class='ocrx_word' id='word_1_9' title='bbox 827 529 963 591; x_wconf 80' lang='lat' dir='ltr'><strong>&#39;nolueris</strong></span> <span class='ocrx_word' id='word_1_10' title='bbox 985 547 1052 589; x_wconf 92' lang='lat' dir='ltr'><strong>cum</strong></span> <span class='ocrx_word' id='word_1_11' title='bbox 1123 540 1125 543; x_wconf 80' lang='grc'>’</span> 
     </span>
     <span class='ocr_line' id='line_1_3' title="bbox 213 614 1019 681; baseline 0 -1"><span class='ocrx_word' id='word_1_12' title='bbox 213 630 263 680; x_wconf 80' lang='grc'><strong>181</strong></span> <span class='ocrx_word' id='word_1_13' title='bbox 282 619 435 681; x_wconf 88' lang='lat' dir='ltr'><strong>Debueris.</strong></span> <span class='ocrx_word' id='word_1_14' title='bbox 481 620 547 681; x_wconf 90' lang='lat' dir='ltr'><strong>Hoc</strong></span> <span class='ocrx_word' id='word_1_15' title='bbox 571 616 725 681; x_wconf 78' lang='lat' dir='ltr'><strong>‘nolueris&#39;</strong></span> <span class='ocrx_word' id='word_1_16' title='bbox 750 624 781 681; x_wconf 90' lang='lat' dir='ltr'><strong>et</strong></span> <span class='ocrx_word' id='word_1_17' title='bbox 804 614 963 680; x_wconf 82' lang='lat' dir='ltr'><strong>‘debueris’</strong></span> <span class='ocrx_word' id='word_1_18' title='bbox 988 622 1019 680; x_wconf 90' lang='grc'><strong>11</strong></span> 
     </span>
     <span class='ocr_line' id='line_1_4' title="bbox 281 702 1263 792; baseline -0.002 -23"><span class='ocrx_word' id='word_1_19' title='bbox 281 709 315 769; x_wconf 84' lang='lat' dir='ltr'><strong>Si</strong></span> <span class='ocrx_word' id='word_1_20' title='bbox 337 711 438 769; x_wconf 89' lang='lat' dir='ltr'><strong>minus</strong></span> <span class='ocrx_word' id='word_1_21' title='bbox 462 710 592 770; x_wconf 86' lang='lat' dir='ltr'><strong>delectat</strong></span> <span class='ocrx_word' id='word_1_22' title='bbox 615 702 710 792; x_wconf 90' lang='lat' dir='ltr'><strong>(quod</strong></span> <span class='ocrx_word' id='word_1_23' title='bbox 733 703 894 791; x_wconf 90' lang='lat' dir='ltr'><strong>atechnon)</strong></span> <span class='ocrx_word' id='word_1_24' title='bbox 917 712 949 769; x_wconf 90' lang='lat' dir='ltr'><strong>et</strong></span> <span class='ocrx_word' id='word_1_25' title='bbox 971 709 1183 768; x_wconf 76' lang='lat' dir='ltr'><strong>Eissocratium</strong></span> <span class='ocrx_word' id='word_1_26' title='bbox 1207 709 1263 767; x_wconf 91' lang='lat' dir='ltr'><strong>hoc</strong></span> 
     </span>
     <span class='ocr_line' id='line_1_5' title="bbox 280 798 1017 877; baseline -0.001 -18"><span class='ocrx_word' id='word_1_27' title='bbox 280 799 467 875; x_wconf 80' lang='lat' dir='ltr'>Lerodesque</span> <span class='ocrx_word' id='word_1_28' title='bbox 491 800 580 859; x_wconf 89' lang='lat' dir='ltr'><strong>simul</strong></span> <span class='ocrx_word' id='word_1_29' title='bbox 603 801 702 860; x_wconf 88' lang='lat' dir='ltr'><strong>totum</strong></span> <span class='ocrx_word' id='word_1_30' title='bbox 724 818 759 859; x_wconf 88' lang='grc' dir='ltr'><strong>1ο</strong></span> <span class='ocrx_word' id='word_1_31' title='bbox 782 801 809 859; x_wconf 88' lang='lat' dir='ltr'><strong>si</strong></span> <span class='ocrx_word' id='word_1_32' title='bbox 831 798 1017 877; x_wconf 87' lang='lat' dir='ltr'><strong>miraeiodes,</strong></span> 
     </span>
     <span class='ocr_line' id='line_1_6' title="bbox 281 889 806 968; baseline -0.002 -20"><span class='ocrx_word' id='word_1_33' title='bbox 281 889 350 948; x_wconf 88' lang='lat' dir='ltr'><strong>Non</strong></span> <span class='ocrx_word' id='word_1_34' title='bbox 373 907 495 966; x_wconf 88' lang='lat' dir='ltr'><strong>operam</strong></span> <span class='ocrx_word' id='word_1_35' title='bbox 516 889 619 968; x_wconf 86' lang='lat' dir='ltr'><strong>perdo,</strong></span> <span class='ocrx_word' id='word_1_36' title='bbox 642 891 725 949; x_wconf 85' lang='lat' dir='ltr'><strong>situ</strong></span> <span class='ocrx_word' id='word_1_37' title='bbox 749 890 806 948; x_wconf 92' lang='lat' dir='ltr'><strong>hic.</strong></span> 
     </span>
    </p>
   </div>
   <div class='ocr_carea' id='block_1_3' title="bbox 147 1065 1304 4551">
    <p class='ocr_par' dir='ltr' id='par_1_3' title="bbox 147 1065 1304 4551">
     <span class='ocr_line' id='line_1_7' title="bbox 147 1065 1298 1128; baseline -0.002 -1"><span class='ocrx_word' id='word_1_38' title='bbox 147 1067 200 1128; x_wconf 86' lang='lat' dir='ltr'><strong>Bis</strong></span> <span class='ocrx_word' id='word_1_39' title='bbox 222 1069 257 1126; x_wconf 91' lang='lat' dir='ltr'><strong>ut</strong></span> <span class='ocrx_word' id='word_1_40' title='bbox 275 1069 352 1128; x_wconf 90' lang='lat' dir='ltr'><strong>solet</strong></span> <span class='ocrx_word' id='word_1_41' title='bbox 369 1067 502 1127; x_wconf 82' lang='lat' dir='ltr'><strong>Lucilius</strong></span> <span class='ocrx_word' id='word_1_42' title='bbox 525 1070 557 1127; x_wconf 89' lang='lat' dir='ltr'><strong>et</strong></span> <span class='ocrx_word' id='word_1_43' title='bbox 574 1066 676 1127; x_wconf 92' lang='lat' dir='ltr'><strong>Latini</strong></span> <span class='ocrx_word' id='word_1_44' title='bbox 694 1085 796 1127; x_wconf 90' lang='lat' dir='ltr'><strong>omnes</strong></span> <span class='ocrx_word' id='word_1_45' title='bbox 815 1068 918 1127; x_wconf 89' lang='lat' dir='ltr'><strong>omisit</strong></span> <span class='ocrx_word' id='word_1_46' title='bbox 935 1066 1059 1127; x_wconf 89' lang='lat' dir='ltr'><strong>uerbum</strong></span> <span class='ocrx_word' id='word_1_47' title='bbox 1076 1065 1298 1127; x_wconf 76' lang='lat' dir='ltr'><strong>subeuntium</strong></span> 
     </span>
     <span class='ocr_line' id='line_1_8' title="bbox 148 1156 1298 1233; baseline -0.002 -16"><span class='ocrx_word' id='word_1_48' title='bbox 148 1176 215 1217; x_wconf 89' lang='lat' dir='ltr'><strong>cum</strong></span> <span class='ocrx_word' id='word_1_49' title='bbox 237 1157 404 1217; x_wconf 88' lang='lat' dir='ltr'><strong>subiectum</strong></span> <span class='ocrx_word' id='word_1_50' title='bbox 432 1158 473 1216; x_wconf 90' lang='lat' dir='ltr'><strong>sit</strong></span> <span class='ocrx_word' id='word_1_51' title='bbox 499 1176 676 1233; x_wconf 82' lang='lat' dir='ltr'><strong>pronomen:</strong></span> <span class='ocrx_word' id='word_1_52' title='bbox 704 1159 825 1233; x_wconf 82' lang='lat' dir='ltr'><strong>scripsit</strong></span> <span class='ocrx_word' id='word_1_53' title='bbox 851 1160 878 1217; x_wconf 89' lang='lat' dir='ltr'><strong>si</strong></span> <span class='ocrx_word' id='word_1_54' title='bbox 900 1161 932 1216; x_wconf 81' lang='grc'><strong>11</strong></span> <span class='ocrx_word' id='word_1_55' title='bbox 953 1158 1008 1226; x_wconf 83' lang='lat' dir='ltr'><strong>bic,</strong></span> <span class='ocrx_word' id='word_1_56' title='bbox 1030 1158 1050 1215; x_wconf 91' lang='lat' dir='ltr'><strong>i.</strong></span> <span class='ocrx_word' id='word_1_57' title='bbox 1066 1157 1136 1216; x_wconf 83' lang='lat' dir='ltr'><strong>esi</strong></span> <span class='ocrx_word' id='word_1_58' title='bbox 1163 1158 1197 1215; x_wconf 89' lang='lat' dir='ltr'><strong>tu</strong></span> <span class='ocrx_word' id='word_1_59' title='bbox 1226 1156 1298 1215; x_wconf 82' lang='lat' dir='ltr'><strong>talis</strong></span> 
     </span>
     <span class='ocr_line' id='line_1_9' title="bbox 149 1239 1298 1327; baseline -0.003 -20"><span class='ocrx_word' id='word_1_60' title='bbox 149 1265 179 1307; x_wconf 91' lang='lat' dir='ltr'><strong>es</strong></span> <span class='ocrx_word' id='word_1_61' title='bbox 203 1246 288 1323; x_wconf 90' lang='lat' dir='ltr'><strong>(Hor.</strong></span> <span class='ocrx_word' id='word_1_62' title='bbox 308 1247 424 1323; x_wconf 83' lang='lat' dir='ltr'><strong>epistI</strong></span> <span class='ocrx_word' id='word_1_63' title='bbox 443 1248 477 1322; x_wconf 84' lang='lat'><strong>6,</strong></span> <span class='ocrx_word' id='word_1_64' title='bbox 497 1248 539 1307; x_wconf 83' lang='lat'><strong>40</strong></span> <span class='ocrx_word' id='word_1_65' title='bbox 564 1243 612 1307; x_wconf 90' lang='lat' dir='ltr'><strong>‘ne</strong></span> <span class='ocrx_word' id='word_1_66' title='bbox 634 1245 727 1306; x_wconf 86' lang='lat' dir='ltr'><strong>fueris</strong></span> <span class='ocrx_word' id='word_1_67' title='bbox 749 1246 798 1305; x_wconf 90' lang='lat' dir='ltr'><strong>hic</strong></span> <span class='ocrx_word' id='word_1_68' title='bbox 821 1239 897 1327; x_wconf 89' lang='lat' dir='ltr'><strong>tu’)‚</strong></span> <span class='ocrx_word' id='word_1_69' title='bbox 924 1248 956 1305; x_wconf 92' lang='lat' dir='ltr'><strong>et</strong></span> <span class='ocrx_word' id='word_1_70' title='bbox 981 1246 1059 1321; x_wconf 83' lang='lat' dir='ltr'><strong>quod</strong></span> <span class='ocrx_word' id='word_1_71' title='bbox 1080 1240 1216 1324; x_wconf 73' lang='grc' dir='ltr'><strong>ἄτεχνον,</strong></span> <span class='ocrx_word' id='word_1_72' title='bbox 1239 1244 1258 1304; x_wconf 92' lang='lat' dir='ltr'><strong>i.</strong></span> <span class='ocrx_word' id='word_1_73' title='bbox 1274 1265 1298 1305; x_wconf 91' lang='grc'><strong>1.</strong></span> 
     </span>
     <span class='ocr_line' id='line_1_10' title="bbox 149 1334 1298 1413; baseline -0.002 -18"><span class='ocrx_word' id='word_1_74' title='bbox 149 1335 228 1413; x_wconf 93' lang='lat' dir='ltr'><strong>quod</strong></span> <span class='ocrx_word' id='word_1_75' title='bbox 254 1355 315 1396; x_wconf 92' lang='grc'><strong>111</strong></span> <span class='ocrx_word' id='word_1_76' title='bbox 342 1336 416 1395; x_wconf 83' lang='lat' dir='ltr'><strong>artis</strong></span> <span class='ocrx_word' id='word_1_77' title='bbox 443 1338 502 1410; x_wconf 91' lang='lat' dir='ltr'><strong>est,</strong></span> <span class='ocrx_word' id='word_1_78' title='bbox 531 1334 582 1395; x_wconf 91' lang='lat' dir='ltr'><strong>sed</strong></span> <span class='ocrx_word' id='word_1_79' title='bbox 610 1353 682 1396; x_wconf 80' lang='lat' dir='ltr'><strong>essu</strong></span> <span class='ocrx_word' id='word_1_80' title='bbox 710 1336 741 1394; x_wconf 87' lang='lat' dir='ltr'><strong>et</strong></span> <span class='ocrx_word' id='word_1_81' title='bbox 767 1336 872 1412; x_wconf 89' lang='lat' dir='ltr'><strong>sponte</strong></span> <span class='ocrx_word' id='word_1_82' title='bbox 899 1335 975 1394; x_wconf 90' lang='lat' dir='ltr'><strong>mihi</strong></span> <span class='ocrx_word' id='word_1_83' title='bbox 1000 1337 1033 1394; x_wconf 90' lang='lat' dir='ltr'><strong>in</strong></span> <span class='ocrx_word' id='word_1_84' title='bbox 1060 1334 1184 1395; x_wconf 87' lang='lat' dir='ltr'><strong>buccam</strong></span> <span class='ocrx_word' id='word_1_85' title='bbox 1205 1335 1298 1394; x_wconf 89' lang='lat' dir='ltr'><strong>uenit.</strong></span> 
     </span>
     <span class='ocr_line' id='line_1_11' title="bbox 148 1423 1300 1505; baseline -0.002 -20"><span class='ocrx_word' id='word_1_86' title='bbox 148 1424 244 1485; x_wconf 86' lang='lat' dir='ltr'><strong>Nihili</strong></span> <span class='ocrx_word' id='word_1_87' title='bbox 273 1428 320 1485; x_wconf 91' lang='lat' dir='ltr'><strong>est</strong></span> <span class='ocrx_word' id='word_1_88' title='bbox 350 1424 465 1505; x_wconf 79' lang='grc' dir='ltr'><strong><em>τεχνίον</em></strong></span> <span class='ocrx_word' id='word_1_89' title='bbox 498 1424 577 1501; x_wconf 91' lang='lat' dir='ltr'><strong>quod</strong></span> <span class='ocrx_word' id='word_1_90' title='bbox 609 1427 784 1501; x_wconf 86' lang='lat' dir='ltr'><strong>receperunt</strong></span> <span class='ocrx_word' id='word_1_91' title='bbox 810 1424 919 1484; x_wconf 80' lang='lat' dir='ltr'><strong>Lucilii</strong></span> <span class='ocrx_word' id='word_1_92' title='bbox 947 1424 1075 1484; x_wconf 86' lang='lat' dir='ltr'><strong>editores</strong></span> <span class='ocrx_word' id='word_1_93' title='bbox 1102 1442 1121 1483; x_wconf 87' lang='lat' dir='ltr'><strong>a</strong></span> <span class='ocrx_word' id='word_1_94' title='bbox 1149 1423 1300 1502; x_wconf 69' lang='lat' dir='ltr'><strong>scaligero</strong></span> 
     </span>
     <span class='ocr_line' id='line_1_12' title="bbox 149 1513 1299 1594; baseline -0.003 -19"><span class='ocrx_word' id='word_1_95' title='bbox 149 1515 356 1594; x_wconf 73' lang='lat' dir='ltr'><strong>excogitatim,</strong></span> <span class='ocrx_word' id='word_1_96' title='bbox 385 1513 436 1591; x_wconf 92' lang='lat' dir='ltr'><strong>qui</strong></span> <span class='ocrx_word' id='word_1_97' title='bbox 462 1517 542 1574; x_wconf 89' lang='lat' dir='ltr'><strong>recte</strong></span> <span class='ocrx_word' id='word_1_98' title='bbox 569 1513 699 1594; x_wconf 77' lang='grc' dir='ltr'><strong><em>ληρῶδες</em></strong></span> <span class='ocrx_word' id='word_1_99' title='bbox 726 1516 904 1591; x_wconf 85' lang='lat' dir='ltr'><strong>acceperunt</strong></span> <span class='ocrx_word' id='word_1_100' title='bbox 935 1513 972 1574; x_wconf 96' lang='lat' dir='ltr'><strong>ab</strong></span> <span class='ocrx_word' id='word_1_101' title='bbox 1000 1513 1103 1573; x_wconf 88' lang='lat' dir='ltr'><strong>eodem</strong></span> <span class='ocrx_word' id='word_1_102' title='bbox 1134 1515 1299 1588; x_wconf 90' lang='lat' dir='ltr'><strong>inuentum,</strong></span> 
     </span>
     <span class='ocr_line' id='line_1_13' title="bbox 148 1602 1299 1684; baseline -0.002 -20"><span class='ocrx_word' id='word_1_103' title='bbox 148 1605 226 1664; x_wconf 86' lang='lat' dir='ltr'><strong>male</strong></span> <span class='ocrx_word' id='word_1_104' title='bbox 245 1603 320 1663; x_wconf 93' lang='lat' dir='ltr'><strong>illud</strong></span> <span class='ocrx_word' id='word_1_105' title='bbox 338 1602 589 1684; x_wconf 75' lang='grc' dir='ltr'><strong><em>συμμειρακιῶδες</em></strong></span> <span class='ocrx_word' id='word_1_106' title='bbox 606 1603 687 1680; x_wconf 91' lang='lat' dir='ltr'><strong>quod</strong></span> <span class='ocrx_word' id='word_1_107' title='bbox 705 1606 787 1663; x_wconf 89' lang='lat' dir='ltr'><strong>caret</strong></span> <span class='ocrx_word' id='word_1_108' title='bbox 804 1605 920 1664; x_wconf 89' lang='lat' dir='ltr'><strong>ratione</strong></span> <span class='ocrx_word' id='word_1_109' title='bbox 938 1602 1084 1664; x_wconf 82' lang='lat' dir='ltr'><strong>traditum</strong></span> <span class='ocrx_word' id='word_1_110' title='bbox 1101 1603 1133 1661; x_wconf 93' lang='lat' dir='ltr'><strong>in</strong></span> <span class='ocrx_word' id='word_1_111' title='bbox 1147 1602 1299 1662; x_wconf 88' lang='lat' dir='ltr'><strong>nonnullis</strong></span> 
     </span>
     <span class='ocr_line' id='line_1_14' title="bbox 149 1684 1300 1773; baseline -0.003 -19"><span class='ocrx_word' id='word_1_112' title='bbox 149 1693 300 1755; x_wconf 77' lang='lat' dir='ltr'><strong>codicibus</strong></span> <span class='ocrx_word' id='word_1_113' title='bbox 324 1694 536 1754; x_wconf 86' lang='lat' dir='ltr'><strong>tolerauerunt</strong></span> <span class='ocrx_word' id='word_1_114' title='bbox 590 1693 803 1754; x_wconf 65' lang='lat' dir='ltr'><strong>Eusccrotmu</strong></span> <span class='ocrx_word' id='word_1_115' title='bbox 833 1684 908 1773; x_wconf 89' lang='lat' dir='ltr'><strong>(qua</strong></span> <span class='ocrx_word' id='word_1_116' title='bbox 937 1692 974 1753; x_wconf 92' lang='lat' dir='ltr'><strong>de</strong></span> <span class='ocrx_word' id='word_1_117' title='bbox 1003 1711 1143 1752; x_wconf 89' lang='lat' dir='ltr'><strong>mensura</strong></span> <span class='ocrx_word' id='word_1_118' title='bbox 1171 1691 1300 1751; x_wconf 91' lang='lat' dir='ltr'><strong>nominis</strong></span> 
     </span>
     <span class='ocr_line' id='line_1_15' title="bbox 149 1779 1299 1862; baseline -0.004 -18"><span class='ocrx_word' id='word_1_119' title='bbox 149 1783 220 1844; x_wconf 86' lang='lat' dir='ltr'><strong>conf</strong></span> <span class='ocrx_word' id='word_1_120' title='bbox 239 1782 286 1841; x_wconf 90' lang='lat' dir='ltr'><strong>W.</strong></span> <span class='ocrx_word' id='word_1_121' title='bbox 302 1782 439 1843; x_wconf 82' lang='lat' dir='ltr'><strong>Schulnei</strong></span> <span class='ocrx_word' id='word_1_122' title='bbox 461 1786 574 1860; x_wconf 84' lang='lat' dir='ltr'><strong>quaest</strong></span> <span class='ocrx_word' id='word_1_123' title='bbox 599 1801 644 1860; x_wconf 87' lang='lat' dir='ltr'><strong>ep.</strong></span> <span class='ocrx_word' id='word_1_124' title='bbox 659 1804 687 1860; x_wconf 89' lang='lat' dir='ltr'><strong>p.</strong></span> <span class='ocrx_word' id='word_1_125' title='bbox 705 1785 767 1842; x_wconf 78' lang='lat'><strong>142</strong></span> <span class='ocrx_word' id='word_1_126' title='bbox 792 1782 912 1862; x_wconf 80' lang='lat' dir='ltr'><strong>Pregeri</strong></span> <span class='ocrx_word' id='word_1_127' title='bbox 935 1782 1072 1858; x_wconf 86' lang='lat' dir='ltr'><strong>Inscript</strong></span> <span class='ocrx_word' id='word_1_128' title='bbox 1093 1779 1195 1842; x_wconf 83' lang='lat' dir='ltr'><strong>Graec.</strong></span> <span class='ocrx_word' id='word_1_129' title='bbox 1214 1785 1299 1841; x_wconf 87' lang='lat' dir='ltr'><strong>metr.</strong></span> 
     </span>
     <span class='ocr_line' id='line_1_16' title="bbox 151 1872 1300 1949; baseline -0.003 -17"><span class='ocrx_word' id='word_1_130' title='bbox 151 1874 223 1932; x_wconf 83' lang='grc'><strong>156.</strong></span> <span class='ocrx_word' id='word_1_131' title='bbox 258 1874 335 1948; x_wconf 94' lang='grc'><strong>157,</strong></span> <span class='ocrx_word' id='word_1_132' title='bbox 367 1872 403 1932; x_wconf 94' lang='lat' dir='ltr'><strong>de</strong></span> <span class='ocrx_word' id='word_1_133' title='bbox 435 1874 582 1949; x_wconf 89' lang='lat' dir='ltr'><strong>scriptura</strong></span> <span class='ocrx_word' id='word_1_134' title='bbox 614 1873 814 1933; x_wconf 90' lang='lat' dir='ltr'><strong>Baumeisteri</strong></span> <span class='ocrx_word' id='word_1_135' title='bbox 840 1891 969 1932; x_wconf 90' lang='lat' dir='ltr'><strong>monum.</strong></span> <span class='ocrx_word' id='word_1_136' title='bbox 989 1873 1103 1948; x_wconf 82' lang='lat' dir='ltr'><strong>antiqu</strong></span> <span class='ocrx_word' id='word_1_137' title='bbox 1122 1872 1207 1932; x_wconf 87' lang='lat' dir='ltr'><strong>class.</strong></span> <span class='ocrx_word' id='word_1_138' title='bbox 1227 1890 1248 1932; x_wconf 93' lang='lat' dir='ltr'><strong>s.</strong></span> <span class='ocrx_word' id='word_1_139' title='bbox 1270 1890 1300 1929; x_wconf 93' lang='grc'><strong>1.</strong></span> 
     </span>
     <span class='ocr_line' id='line_1_17' title="bbox 149 1953 1301 2044; baseline -0.003 -22"><span class='ocrx_word' id='word_1_140' title='bbox 149 1954 308 2044; x_wconf 88' lang='lat' dir='ltr'><strong>Isocrates)</strong></span> <span class='ocrx_word' id='word_1_141' title='bbox 327 1962 439 2022; x_wconf 89' lang='lat' dir='ltr'><strong>habent</strong></span> <span class='ocrx_word' id='word_1_142' title='bbox 456 1964 535 2022; x_wconf 89' lang='lat' dir='ltr'><strong>recte</strong></span> <span class='ocrx_word' id='word_1_143' title='bbox 552 1963 661 2022; x_wconf 90' lang='lat' dir='ltr'><strong>omisso</strong></span> <span class='ocrx_word' id='word_1_144' title='bbox 676 1966 717 2021; x_wconf 84' lang='lat' dir='ltr'><strong>est</strong></span> <span class='ocrx_word' id='word_1_145' title='bbox 730 1961 805 2022; x_wconf 83' lang='lat' dir='ltr'><strong>codd</strong></span> <span class='ocrx_word' id='word_1_146' title='bbox 819 1959 906 2030; x_wconf 84' lang='lat' dir='ltr'><strong>QZX</strong></span> <span class='ocrx_word' id='word_1_147' title='bbox 919 1961 1035 2021; x_wconf 83' lang='lat' dir='ltr'><strong>Hertnii</strong></span> <span class='ocrx_word' id='word_1_148' title='bbox 1049 1953 1255 2043; x_wconf 87' lang='lat' dir='ltr'><strong>(eisocratium</strong></span> <span class='ocrx_word' id='word_1_149' title='bbox 1263 1960 1301 2034; x_wconf 90' lang='lat' dir='ltr'><strong>X,</strong></span> 
     </span>
     <span class='ocr_line' id='line_1_18' title="bbox 150 2043 1300 2133; baseline -0.003 -22"><span class='ocrx_word' id='word_1_150' title='bbox 150 2054 192 2112; x_wconf 91' lang='lat' dir='ltr'><strong>eis</strong></span> <span class='ocrx_word' id='word_1_151' title='bbox 229 2054 408 2112; x_wconf 88' lang='lat' dir='ltr'><strong>socraticum</strong></span> <span class='ocrx_word' id='word_1_152' title='bbox 439 2043 491 2133; x_wconf 86' lang='lat' dir='ltr'><strong>Z),</strong></span> <span class='ocrx_word' id='word_1_153' title='bbox 530 2050 608 2111; x_wconf 90' lang='lat' dir='ltr'><strong>unde</strong></span> <span class='ocrx_word' id='word_1_154' title='bbox 645 2055 772 2127; x_wconf 87' lang='lat' dir='ltr'><strong>apparet</strong></span> <span class='ocrx_word' id='word_1_155' title='bbox 807 2050 973 2111; x_wconf 88' lang='lat' dir='ltr'><strong>subiectum</strong></span> <span class='ocrx_word' id='word_1_156' title='bbox 1009 2051 1101 2111; x_wconf 84' lang='lat' dir='ltr'><strong>fuisse</strong></span> <span class='ocrx_word' id='word_1_157' title='bbox 1137 2068 1300 2127; x_wconf 80' lang='lat' dir='ltr'><strong>pronomen</strong></span> 
     </span>
     <span class='ocr_line' id='line_1_19' title="bbox 151 2137 1301 2221; baseline -0.003 -20"><span class='ocrx_word' id='word_1_158' title='bbox 151 2142 307 2219; x_wconf 76' lang='lat' dir='ltr'><strong>quoddam.</strong></span> <span class='ocrx_word' id='word_1_159' title='bbox 348 2140 434 2211; x_wconf 81' lang='lat' dir='ltr'><strong>Quod</strong></span> <span class='ocrx_word' id='word_1_160' title='bbox 452 2160 581 2220; x_wconf 74' lang='lat' dir='ltr'><strong>agnosco</strong></span> <span class='ocrx_word' id='word_1_161' title='bbox 604 2142 636 2200; x_wconf 90' lang='lat' dir='ltr'><strong>in</strong></span> <span class='ocrx_word' id='word_1_162' title='bbox 660 2142 770 2200; x_wconf 89' lang='lat' dir='ltr'><strong>litteris</strong></span> <span class='ocrx_word' id='word_1_163' title='bbox 796 2140 992 2221; x_wconf 65' lang='grc' dir='ltr'><strong><em>Ροχληρωδες</em></strong></span> <span class='ocrx_word' id='word_1_164' title='bbox 1009 2158 1077 2217; x_wconf 72' lang='lat' dir='ltr'><strong>que,</strong></span> <span class='ocrx_word' id='word_1_165' title='bbox 1096 2139 1175 2216; x_wconf 92' lang='lat' dir='ltr'><strong>quod</strong></span> <span class='ocrx_word' id='word_1_166' title='bbox 1193 2137 1301 2198; x_wconf 88' lang='lat' dir='ltr'><strong>habuit</strong></span> 
     </span>
     <span class='ocr_line' id='line_1_20' title="bbox 149 2228 1299 2308; baseline -0.004 -18"><span class='ocrx_word' id='word_1_167' title='bbox 149 2230 177 2291; x_wconf 98' lang='lat' dir='ltr'>X</span> <span class='ocrx_word' id='word_1_168' title='bbox 194 2252 234 2291; x_wconf 90' lang='lat' dir='ltr'><strong>m.</strong></span> <span class='ocrx_word' id='word_1_169' title='bbox 250 2236 278 2307; x_wconf 90' lang='grc'><strong>1,</strong></span> <span class='ocrx_word' id='word_1_170' title='bbox 302 2249 369 2291; x_wconf 92' lang='lat' dir='ltr'><strong>cum</strong></span> <span class='ocrx_word' id='word_1_171' title='bbox 392 2234 465 2290; x_wconf 77' lang='grc'><strong>1112</strong></span> <span class='ocrx_word' id='word_1_172' title='bbox 489 2231 579 2292; x_wconf 89' lang='lat' dir='ltr'><strong>sicuti</strong></span> <span class='ocrx_word' id='word_1_173' title='bbox 597 2230 651 2289; x_wconf 90' lang='lat' dir='ltr'><strong>alii</strong></span> <span class='ocrx_word' id='word_1_174' title='bbox 668 2229 779 2290; x_wconf 87' lang='lat' dir='ltr'><strong>habeat</strong></span> <span class='ocrx_word' id='word_1_175' title='bbox 799 2228 960 2289; x_wconf 87' lang='lat' dir='ltr'><strong>absurdum</strong></span> <span class='ocrx_word' id='word_1_176' title='bbox 977 2230 1035 2289; x_wconf 92' lang='lat' dir='ltr'><strong>hoc</strong></span> <span class='ocrx_word' id='word_1_177' title='bbox 1052 2228 1216 2308; x_wconf 79' lang='grc' dir='ltr'><strong><em>οχληρωδες</em></strong></span> <span class='ocrx_word' id='word_1_178' title='bbox 1234 2246 1299 2304; x_wconf 76' lang='lat' dir='ltr'><strong>quq.</strong></span> 
     </span>
     <span class='ocr_line' id='line_1_21' title="bbox 149 2318 1300 2399; baseline -0.003 -19"><span class='ocrx_word' id='word_1_179' title='bbox 149 2321 228 2380; x_wconf 82' lang='lat' dir='ltr'><strong>Nem</strong></span> <span class='ocrx_word' id='word_1_180' title='bbox 250 2319 391 2380; x_wconf 87' lang='lat' dir='ltr'><strong>librerius</strong></span> <span class='ocrx_word' id='word_1_181' title='bbox 414 2320 569 2397; x_wconf 78' lang='lat' dir='ltr'><strong>archetypi</strong></span> <span class='ocrx_word' id='word_1_182' title='bbox 591 2318 684 2379; x_wconf 90' lang='lat' dir='ltr'><strong>uerba</strong></span> <span class='ocrx_word' id='word_1_183' title='bbox 710 2320 763 2379; x_wconf 78' lang='lat' dir='ltr'><strong>boc</strong></span> <span class='ocrx_word' id='word_1_184' title='bbox 789 2318 976 2399; x_wconf 61' lang='lat' dir='ltr'><strong>tripodesque</strong></span> <span class='ocrx_word' id='word_1_185' title='bbox 997 2338 1058 2378; x_wconf 91' lang='grc'><strong>111</strong></span> <span class='ocrx_word' id='word_1_186' title='bbox 1080 2321 1178 2378; x_wconf 91' lang='lat' dir='ltr'><strong>minus</strong></span> <span class='ocrx_word' id='word_1_187' title='bbox 1200 2320 1300 2394; x_wconf 83' lang='lat' dir='ltr'><strong>inepte</strong></span> 
     </span>
     <span class='ocr_line' id='line_1_22' title="bbox 149 2404 1301 2489; baseline -0.003 -20"><span class='ocrx_word' id='word_1_188' title='bbox 149 2411 261 2471; x_wconf 82' lang='lat' dir='ltr'><strong>lecerat</strong></span> <span class='ocrx_word' id='word_1_189' title='bbox 288 2409 401 2470; x_wconf 83' lang='lat' dir='ltr'><strong>Graeca</strong></span> <span class='ocrx_word' id='word_1_190' title='bbox 428 2408 468 2469; x_wconf 86' lang='lat' dir='ltr'><strong>ad</strong></span> <span class='ocrx_word' id='word_1_191' title='bbox 494 2430 587 2470; x_wconf 89' lang='lat' dir='ltr'><strong>unum</strong></span> <span class='ocrx_word' id='word_1_192' title='bbox 615 2410 716 2469; x_wconf 90' lang='lat' dir='ltr'><strong>omnia</strong></span> <span class='ocrx_word' id='word_1_193' title='bbox 743 2407 896 2469; x_wconf 86' lang='lat' dir='ltr'><strong>scribendo</strong></span> <span class='ocrx_word' id='word_1_194' title='bbox 925 2404 1088 2489; x_wconf 78' lang='grc' dir='ltr'><strong><em>ὁχληρωδες</em></strong></span> <span class='ocrx_word' id='word_1_195' title='bbox 1115 2425 1186 2484; x_wconf 72' lang='lat' dir='ltr'><strong>que,</strong></span> <span class='ocrx_word' id='word_1_196' title='bbox 1210 2425 1301 2482; x_wconf 89' lang='lat' dir='ltr'><strong>quam</strong></span> 
     </span>
     <span class='ocr_line' id='line_1_23' title="bbox 150 2496 1301 2577; baseline -0.004 -18"><span class='ocrx_word' id='word_1_197' title='bbox 150 2518 185 2559; x_wconf 88' lang='lat' dir='ltr'><strong>ea</strong></span> <span class='ocrx_word' id='word_1_198' title='bbox 217 2519 294 2577; x_wconf 87' lang='lat' dir='ltr'><strong>quae</strong></span> <span class='ocrx_word' id='word_1_199' title='bbox 321 2500 521 2576; x_wconf 80' lang='lat' dir='ltr'><strong>sequebantur</strong></span> <span class='ocrx_word' id='word_1_200' title='bbox 548 2500 681 2575; x_wconf 88' lang='lat' dir='ltr'><strong>eorrupit</strong></span> <span class='ocrx_word' id='word_1_201' title='bbox 707 2499 760 2557; x_wconf 89' lang='lat' dir='ltr'><strong>ille</strong></span> <span class='ocrx_word' id='word_1_202' title='bbox 786 2496 926 2557; x_wconf 72' lang='lat' dir='ltr'><strong>librarius</strong></span> <span class='ocrx_word' id='word_1_203' title='bbox 958 2499 1011 2573; x_wconf 90' lang='lat' dir='ltr'><strong>qui</strong></span> <span class='ocrx_word' id='word_1_204' title='bbox 1037 2498 1139 2573; x_wconf 84' lang='lat' dir='ltr'><strong>posuit</strong></span> <span class='ocrx_word' id='word_1_205' title='bbox 1165 2498 1301 2572; x_wconf 88' lang='lat' dir='ltr'><strong>ineptum</strong></span> 
     </span>
     <span class='ocr_line' id='line_1_24' title="bbox 148 2584 1302 2666; baseline -0.005 -16"><span class='ocrx_word' id='word_1_206' title='bbox 148 2589 230 2650; x_wconf 85' lang='lat' dir='ltr'><strong>istud</strong></span> <span class='ocrx_word' id='word_1_207' title='bbox 261 2590 497 2666; x_wconf 69' lang='lat' dir='ltr'><strong>sycmirabodcs,</strong></span> <span class='ocrx_word' id='word_1_208' title='bbox 529 2607 597 2648; x_wconf 91' lang='lat' dir='ltr'><strong>cum</strong></span> <span class='ocrx_word' id='word_1_209' title='bbox 630 2588 654 2658; x_wconf 85' lang='lat' dir='ltr'><strong>Q</strong></span> <span class='ocrx_word' id='word_1_210' title='bbox 687 2590 766 2648; x_wconf 90' lang='lat' dir='ltr'><strong>recte</strong></span> <span class='ocrx_word' id='word_1_211' title='bbox 799 2589 898 2647; x_wconf 88' lang='lat' dir='ltr'><strong>seruet</strong></span> <span class='ocrx_word' id='word_1_212' title='bbox 924 2589 952 2647; x_wconf 81' lang='lat' dir='ltr'><strong>si</strong></span> <span class='ocrx_word' id='word_1_213' title='bbox 974 2587 1091 2646; x_wconf 62' lang='lat' dir='ltr'><strong>mietio</strong></span> <span class='ocrx_word' id='word_1_214' title='bbox 1113 2586 1178 2653; x_wconf 83' lang='lat' dir='ltr'><strong>des,</strong></span> <span class='ocrx_word' id='word_1_215' title='bbox 1200 2584 1232 2643; x_wconf 92' lang='lat' dir='ltr'><strong>id</strong></span> <span class='ocrx_word' id='word_1_216' title='bbox 1256 2587 1302 2644; x_wconf 89' lang='lat' dir='ltr'><strong>est</strong></span> 
     </span>
     <span class='ocr_line' id='line_1_25' title="bbox 151 2671 1300 2760; baseline -0.006 -21"><span class='ocrx_word' id='word_1_217' title='bbox 151 2674 189 2739; x_wconf 78' lang='lat' dir='ltr'><strong>‘si</strong></span> <span class='ocrx_word' id='word_1_218' title='bbox 216 2677 407 2759; x_wconf 71' lang='grc' dir='ltr'><strong><em>μειρακιῶδες</em></strong></span> <span class='ocrx_word' id='word_1_219' title='bbox 430 2671 556 2760; x_wconf 91' lang='lat' dir='ltr'><strong>(similia</strong></span> <span class='ocrx_word' id='word_1_220' title='bbox 577 2677 648 2737; x_wconf 89' lang='lat' dir='ltr'><strong>uide</strong></span> <span class='ocrx_word' id='word_1_221' title='bbox 670 2679 703 2736; x_wconf 94' lang='lat' dir='ltr'><strong>in</strong></span> <span class='ocrx_word' id='word_1_222' title='bbox 725 2675 800 2737; x_wconf 90' lang='lat' dir='ltr'><strong>oodd</strong></span> <span class='ocrx_word' id='word_1_223' title='bbox 822 2675 912 2752; x_wconf 89' lang='lat' dir='ltr'><strong>Apul.</strong></span> <span class='ocrx_word' id='word_1_224' title='bbox 926 2675 962 2735; x_wconf 95' lang='lat' dir='ltr'><strong>de</strong></span> <span class='ocrx_word' id='word_1_225' title='bbox 985 2693 1064 2754; x_wconf 80' lang='lat' dir='ltr'><strong>mag.</strong></span> <span class='ocrx_word' id='word_1_226' title='bbox 1079 2692 1143 2750; x_wconf 90' lang='lat' dir='ltr'><strong>cap.</strong></span> <span class='ocrx_word' id='word_1_227' title='bbox 1160 2675 1200 2732; x_wconf 79' lang='lat'><strong>22</strong></span> <span class='ocrx_word' id='word_1_228' title='bbox 1224 2672 1300 2733; x_wconf 84' lang='lat' dir='ltr'><strong>med</strong></span> 
     </span>
     <span class='ocr_line' id='line_1_26' title="bbox 151 2764 1302 2846; baseline -0.005 -18"><span class='ocrx_word' id='word_1_229' title='bbox 151 2769 227 2828; x_wconf 88' lang='lat' dir='ltr'><strong>Non.</strong></span> <span class='ocrx_word' id='word_1_230' title='bbox 242 2789 271 2846; x_wconf 92' lang='lat' dir='ltr'><strong>p.</strong></span> <span class='ocrx_word' id='word_1_231' title='bbox 287 2769 362 2844; x_wconf 87' lang='grc'>478,</span> <span class='ocrx_word' id='word_1_232' title='bbox 383 2768 423 2828; x_wconf 88' lang='grc'><strong>15</strong></span> <span class='ocrx_word' id='word_1_233' title='bbox 443 2767 496 2828; x_wconf 91' lang='lat' dir='ltr'><strong>ubi</strong></span> <span class='ocrx_word' id='word_1_234' title='bbox 513 2788 583 2846; x_wconf 80' lang='grc' dir='ltr'>εμεα</span> <span class='ocrx_word' id='word_1_235' title='bbox 601 2770 790 2844; x_wconf 65' lang='lat' dir='ltr'><strong>quoquove</strong></span> <span class='ocrx_word' id='word_1_236' title='bbox 815 2764 946 2824; x_wconf 80' lang='lat' dir='ltr'><strong>traditur</strong></span> <span class='ocrx_word' id='word_1_237' title='bbox 964 2784 1018 2840; x_wconf 89' lang='lat' dir='ltr'><strong>pro</strong></span> <span class='ocrx_word' id='word_1_238' title='bbox 1033 2782 1126 2823; x_wconf 81' lang='lat' dir='ltr'><strong>emec</strong></span> <span class='ocrx_word' id='word_1_239' title='bbox 1139 2785 1171 2840; x_wconf 83' lang='grc' dir='ltr'><strong>φ.</strong></span> <span class='ocrx_word' id='word_1_240' title='bbox 1187 2783 1215 2840; x_wconf 87' lang='lat' dir='ltr'><strong>p.</strong></span> <span class='ocrx_word' id='word_1_241' title='bbox 1227 2764 1302 2837; x_wconf 79' lang='lat'>213,</span> 
     </span>
     <span class='ocr_line' id='line_1_27' title="bbox 152 2846 1302 2936; baseline -0.003 -20"><span class='ocrx_word' id='word_1_242' title='bbox 152 2860 194 2917; x_wconf 77' lang='grc'><strong>24</strong></span> <span class='ocrx_word' id='word_1_243' title='bbox 218 2857 350 2918; x_wconf 88' lang='lat' dir='ltr'><strong>eiusdem</strong></span> <span class='ocrx_word' id='word_1_244' title='bbox 373 2858 552 2935; x_wconf 84' lang='lat' dir='ltr'><strong>archetypus</strong></span> <span class='ocrx_word' id='word_1_245' title='bbox 576 2856 684 2916; x_wconf 87' lang='lat' dir='ltr'><strong>habuit</strong></span> <span class='ocrx_word' id='word_1_246' title='bbox 710 2846 930 2936; x_wconf 76' lang='lat' dir='ltr'><strong>suedixcvuu):</strong></span> <span class='ocrx_word' id='word_1_247' title='bbox 955 2855 1065 2913; x_wconf 90' lang='lat' dir='ltr'><strong>etenim</strong></span> <span class='ocrx_word' id='word_1_248' title='bbox 1089 2870 1165 2929; x_wconf 89' lang='lat' dir='ltr'><strong>opus</strong></span> <span class='ocrx_word' id='word_1_249' title='bbox 1188 2853 1302 2912; x_wconf 85' lang='lat' dir='ltr'><strong>eratsi</strong></span> 
     </span>
     <span class='ocr_line' id='line_1_28' title="bbox 152 2940 1302 3026; baseline -0.005 -20"><span class='ocrx_word' id='word_1_250' title='bbox 152 2948 271 3022; x_wconf 73' lang='lat' dir='ltr'><strong>iterati),</strong></span> <span class='ocrx_word' id='word_1_251' title='bbox 295 2966 354 3024; x_wconf 91' lang='lat' dir='ltr'><strong>quo</strong></span> <span class='ocrx_word' id='word_1_252' title='bbox 377 2949 474 3026; x_wconf 81' lang='lat' dir='ltr'><strong>magis</strong></span> <span class='ocrx_word' id='word_1_253' title='bbox 496 2947 712 3006; x_wconf 80' lang='lat' dir='ltr'><strong>Eissocratium</strong></span> <span class='ocrx_word' id='word_1_254' title='bbox 734 2947 813 3004; x_wconf 87' lang='lat' dir='ltr'><strong>recte</strong></span> <span class='ocrx_word' id='word_1_255' title='bbox 832 2944 1063 3023; x_wconf 79' lang='lat' dir='ltr'><strong>intellegeretur.</strong></span> <span class='ocrx_word' id='word_1_256' title='bbox 1105 2943 1191 3002; x_wconf 83' lang='lat' dir='ltr'><strong>Dixit</strong></span> <span class='ocrx_word' id='word_1_257' title='bbox 1208 2940 1302 3020; x_wconf 83' lang='lat' dir='ltr'><strong>igitur</strong></span> 
     </span>
     <span class='ocr_line' id='line_1_29' title="bbox 151 3031 1301 3113; baseline -0.007 -15"><span class='ocrx_word' id='word_1_258' title='bbox 151 3039 253 3113; x_wconf 84' lang='lat' dir='ltr'><strong>poeta:</strong></span> <span class='ocrx_word' id='word_1_259' title='bbox 281 3036 327 3095; x_wconf 88' lang='lat' dir='ltr'><strong>Tu</strong></span> <span class='ocrx_word' id='word_1_260' title='bbox 355 3040 487 3098; x_wconf 88' lang='lat' dir='ltr'><strong>cessator</strong></span> <span class='ocrx_word' id='word_1_261' title='bbox 513 3035 624 3109; x_wconf 84' lang='lat' dir='ltr'><strong>melus,</strong></span> <span class='ocrx_word' id='word_1_262' title='bbox 650 3034 721 3095; x_wconf 84' lang='lat' dir='ltr'><strong>talis</strong></span> <span class='ocrx_word' id='word_1_263' title='bbox 748 3036 874 3109; x_wconf 87' lang='lat' dir='ltr'><strong>amicus,</strong></span> <span class='ocrx_word' id='word_1_264' title='bbox 897 3036 932 3093; x_wconf 91' lang='lat' dir='ltr'><strong>ut</strong></span> <span class='ocrx_word' id='word_1_265' title='bbox 958 3034 1080 3109; x_wconf 91' lang='lat' dir='ltr'><strong>periisse</strong></span> <span class='ocrx_word' id='word_1_266' title='bbox 1108 3031 1183 3092; x_wconf 91' lang='lat' dir='ltr'><strong>uelis</strong></span> <span class='ocrx_word' id='word_1_267' title='bbox 1211 3050 1301 3107; x_wconf 90' lang='lat' dir='ltr'><strong>quem</strong></span> 
     </span>
     <span class='ocr_line' id='line_1_30' title="bbox 151 3121 1301 3197; baseline -0.006 -10"><span class='ocrx_word' id='word_1_268' title='bbox 151 3128 248 3187; x_wconf 86' lang='lat' dir='ltr'><strong>uisere</strong></span> <span class='ocrx_word' id='word_1_269' title='bbox 279 3127 409 3188; x_wconf 88' lang='lat' dir='ltr'><strong>nolueris</strong></span> <span class='ocrx_word' id='word_1_270' title='bbox 441 3144 508 3186; x_wconf 87' lang='lat' dir='ltr'><strong>eum</strong></span> <span class='ocrx_word' id='word_1_271' title='bbox 540 3125 685 3185; x_wconf 87' lang='lat' dir='ltr'><strong>debueris.</strong></span> <span class='ocrx_word' id='word_1_272' title='bbox 735 3122 821 3193; x_wconf 81' lang='lat' dir='ltr'><strong>Quod</strong></span> <span class='ocrx_word' id='word_1_273' title='bbox 852 3123 1111 3183; x_wconf 87' lang='lat' dir='ltr'><strong>homoeoteleuton</strong></span> <span class='ocrx_word' id='word_1_274' title='bbox 1143 3123 1170 3181; x_wconf 90' lang='lat' dir='ltr'><strong>si</strong></span> <span class='ocrx_word' id='word_1_275' title='bbox 1199 3121 1301 3197; x_wconf 85' lang='lat' dir='ltr'><strong>culpas</strong></span> 
     </span>
     <span class='ocr_line' id='line_1_31' title="bbox 152 3204 1303 3298; baseline -0.005 -22"><span class='ocrx_word' id='word_1_276' title='bbox 152 3208 352 3298; x_wconf 88' lang='lat' dir='ltr'><strong>(quamquam</strong></span> <span class='ocrx_word' id='word_1_277' title='bbox 384 3234 455 3276; x_wconf 88' lang='lat' dir='ltr'><strong>casu</strong></span> <span class='ocrx_word' id='word_1_278' title='bbox 486 3234 546 3275; x_wconf 92' lang='lat' dir='ltr'><strong>non</strong></span> <span class='ocrx_word' id='word_1_279' title='bbox 573 3216 638 3275; x_wconf 86' lang='lat' dir='ltr'><strong>erte</strong></span> <span class='ocrx_word' id='word_1_280' title='bbox 669 3213 806 3275; x_wconf 85' lang='lat' dir='ltr'><strong>effectum</strong></span> <span class='ocrx_word' id='word_1_281' title='bbox 842 3204 901 3294; x_wconf 90' lang='lat' dir='ltr'><strong>est)</strong></span> <span class='ocrx_word' id='word_1_282' title='bbox 934 3212 1042 3289; x_wconf 90' lang='lat' dir='ltr'><strong>quibus</strong></span> <span class='ocrx_word' id='word_1_283' title='bbox 1073 3210 1174 3272; x_wconf 90' lang='lat' dir='ltr'><strong>uerbis</strong></span> <span class='ocrx_word' id='word_1_284' title='bbox 1205 3212 1303 3270; x_wconf 89' lang='lat' dir='ltr'><strong>critici</strong></span> 
     </span>
     <span class='ocr_line' id='line_1_32' title="bbox 152 3300 1303 3383; baseline -0.004 -17"><span class='ocrx_word' id='word_1_285' title='bbox 152 3305 347 3366; x_wconf 88' lang='lat' dir='ltr'><strong>sententiolas</strong></span> <span class='ocrx_word' id='word_1_286' title='bbox 375 3305 594 3365; x_wconf 87' lang='lat' dir='ltr'><strong>Isocrateorum</strong></span> <span class='ocrx_word' id='word_1_287' title='bbox 617 3305 763 3378; x_wconf 86' lang='lat' dir='ltr'><strong>lacerant,</strong></span> <span class='ocrx_word' id='word_1_288' title='bbox 791 3321 845 3383; x_wconf 80' lang='lat' dir='ltr'><strong>ego</strong></span> <span class='ocrx_word' id='word_1_289' title='bbox 868 3320 928 3362; x_wconf 89' lang='lat' dir='ltr'><strong>non</strong></span> <span class='ocrx_word' id='word_1_290' title='bbox 952 3320 1072 3379; x_wconf 88' lang='lat' dir='ltr'><strong>operam</strong></span> <span class='ocrx_word' id='word_1_291' title='bbox 1090 3300 1183 3378; x_wconf 88' lang='lat' dir='ltr'><strong>perdo</strong></span> <span class='ocrx_word' id='word_1_292' title='bbox 1205 3319 1303 3376; x_wconf 91' lang='lat' dir='ltr'><strong>neque</strong></span> 
     </span>
     <span class='ocr_line' id='line_1_33' title="bbox 152 3390 1302 3471; baseline -0.004 -15"><span class='ocrx_word' id='word_1_293' title='bbox 152 3396 256 3456; x_wconf 89' lang='lat' dir='ltr'><strong>stilum</strong></span> <span class='ocrx_word' id='word_1_294' title='bbox 278 3398 408 3470; x_wconf 81' lang='lat' dir='ltr'><strong>nortem,</strong></span> <span class='ocrx_word' id='word_1_295' title='bbox 435 3393 583 3471; x_wconf 89' lang='lat' dir='ltr'><strong>siquidem</strong></span> <span class='ocrx_word' id='word_1_296' title='bbox 606 3397 641 3453; x_wconf 91' lang='lat' dir='ltr'><strong>tu</strong></span> <span class='ocrx_word' id='word_1_297' title='bbox 663 3395 712 3453; x_wconf 90' lang='lat' dir='ltr'><strong>hic</strong></span> <span class='ocrx_word' id='word_1_298' title='bbox 739 3411 783 3469; x_wconf 90' lang='lat' dir='ltr'><strong>es,</strong></span> <span class='ocrx_word' id='word_1_299' title='bbox 810 3395 846 3452; x_wconf 90' lang='lat' dir='ltr'><strong>ut</strong></span> <span class='ocrx_word' id='word_1_300' title='bbox 873 3393 995 3470; x_wconf 82' lang='lat' dir='ltr'><strong>periisse</strong></span> <span class='ocrx_word' id='word_1_301' title='bbox 1021 3410 1069 3451; x_wconf 94' lang='lat' dir='ltr'><strong>me</strong></span> <span class='ocrx_word' id='word_1_302' title='bbox 1099 3390 1174 3451; x_wconf 89' lang='lat' dir='ltr'><strong>uelis</strong></span> <span class='ocrx_word' id='word_1_303' title='bbox 1201 3391 1302 3466; x_wconf 90' lang='lat' dir='ltr'><strong>potius</strong></span> 
     </span>
     <span class='ocr_line' id='line_1_34' title="bbox 153 3481 1302 3563; baseline -0.004 -19"><span class='ocrx_word' id='word_1_304' title='bbox 153 3504 244 3562; x_wconf 87' lang='lat' dir='ltr'><strong>quam</strong></span> <span class='ocrx_word' id='word_1_305' title='bbox 265 3503 313 3544; x_wconf 92' lang='lat' dir='ltr'><strong>me</strong></span> <span class='ocrx_word' id='word_1_306' title='bbox 335 3486 417 3544; x_wconf 90' lang='lat' dir='ltr'><strong>uisas</strong></span> <span class='ocrx_word' id='word_1_307' title='bbox 440 3486 604 3563; x_wconf 79' lang='lat' dir='ltr'><strong>aegrotum.</strong></span> <span class='ocrx_word' id='word_1_308' title='bbox 645 3483 859 3546; x_wconf 79' lang='lat' dir='ltr'><strong>Eissocratium</strong></span> <span class='ocrx_word' id='word_1_309' title='bbox 881 3481 966 3542; x_wconf 90' lang='lat' dir='ltr'><strong>nolui</strong></span> <span class='ocrx_word' id='word_1_310' title='bbox 983 3481 1105 3558; x_wconf 90' lang='lat' dir='ltr'><strong>perdere</strong></span> <span class='ocrx_word' id='word_1_311' title='bbox 1124 3481 1302 3558; x_wconf 83' lang='lat' dir='ltr'><strong>scripturam</strong></span> 
     </span>
     <span class='ocr_line' id='line_1_35' title="bbox 152 3566 1304 3651; baseline -0.005 -17"><span class='ocrx_word' id='word_1_312' title='bbox 152 3595 190 3635; x_wconf 92' lang='grc'><strong>11</strong></span> <span class='ocrx_word' id='word_1_313' title='bbox 215 3576 248 3635; x_wconf 89' lang='lat' dir='ltr'><strong>in</strong></span> <span class='ocrx_word' id='word_1_314' title='bbox 270 3573 384 3651; x_wconf 86' lang='lat' dir='ltr'><strong>duplici</strong></span> <span class='ocrx_word' id='word_1_315' title='bbox 406 3573 527 3650; x_wconf 86' lang='lat' dir='ltr'><strong>quidem</strong></span> <span class='ocrx_word' id='word_1_316' title='bbox 552 3566 700 3633; x_wconf 73' lang='lat' dir='ltr'><strong>s⁴littera</strong></span> <span class='ocrx_word' id='word_1_317' title='bbox 728 3572 847 3646; x_wconf 49' lang='lat' dir='ltr'><strong>,Plauti</strong></span> <span class='ocrx_word' id='word_1_318' title='bbox 875 3570 949 3631; x_wconf 86' lang='lat' dir='ltr'><strong>codd</strong></span> <span class='ocrx_word' id='word_1_319' title='bbox 976 3572 1127 3631; x_wconf 79' lang='grc'><strong>1111111111</strong></span> <span class='ocrx_word' id='word_1_320' title='bbox 1148 3569 1304 3629; x_wconf 80' lang='lat' dir='ltr'><strong>bessilicus</strong></span> 
     </span>
     <span class='ocr_line' id='line_1_36' title="bbox 153 3654 1302 3745; baseline -0.003 -23"><span class='ocrx_word' id='word_1_321' title='bbox 153 3656 323 3745; x_wconf 72' lang='grc'><strong>(11111434</strong></span> <span class='ocrx_word' id='word_1_322' title='bbox 349 3661 411 3722; x_wconf 85' lang='lat' dir='ltr'><strong>01L</strong></span> <span class='ocrx_word' id='word_1_323' title='bbox 430 3662 474 3723; x_wconf 84' lang='lat' dir='ltr'><strong>IV</strong></span> <span class='ocrx_word' id='word_1_324' title='bbox 495 3655 596 3745; x_wconf 89' lang='grc'><strong>1779)</strong></span> <span class='ocrx_word' id='word_1_325' title='bbox 623 3665 719 3722; x_wconf 88' lang='lat' dir='ltr'><strong>ueisse</strong></span> <span class='ocrx_word' id='word_1_326' title='bbox 747 3654 922 3743; x_wconf 74' lang='grc'><strong>(11111567</strong></span> <span class='ocrx_word' id='word_1_327' title='bbox 955 3660 1128 3720; x_wconf 88' lang='lat' dir='ltr'><strong>Buecheleri</strong></span> <span class='ocrx_word' id='word_1_328' title='bbox 1162 3658 1302 3719; x_wconf 75' lang='lat' dir='ltr'><strong>Carmina</strong></span> 
     </span>
     <span class='ocr_line' id='line_1_37' title="bbox 152 3745 1301 3833; baseline -0.006 -21"><span class='ocrx_word' id='word_1_329' title='bbox 152 3753 264 3814; x_wconf 87' lang='lat' dir='ltr'><strong>Latina</strong></span> <span class='ocrx_word' id='word_1_330' title='bbox 285 3753 437 3831; x_wconf 80' lang='lat' dir='ltr'><strong>epigraph.</strong></span> <span class='ocrx_word' id='word_1_331' title='bbox 451 3751 474 3811; x_wconf 92' lang='grc' dir='ltr'><strong>Ι.</strong></span> <span class='ocrx_word' id='word_1_332' title='bbox 486 3753 527 3811; x_wconf 89' lang='grc'><strong>46</strong></span> <span class='ocrx_word' id='word_1_333' title='bbox 547 3771 576 3828; x_wconf 87' lang='lat' dir='ltr'><strong>p.</strong></span> <span class='ocrx_word' id='word_1_334' title='bbox 592 3745 663 3833; x_wconf 74' lang='lat'><strong>23);</strong></span> <span class='ocrx_word' id='word_1_335' title='bbox 685 3753 836 3812; x_wconf 82' lang='lat' dir='ltr'><strong>detresses</strong></span> <span class='ocrx_word' id='word_1_336' title='bbox 854 3750 987 3809; x_wconf 86' lang='lat' dir='ltr'><strong>Lucilius</strong></span> <span class='ocrx_word' id='word_1_337' title='bbox 1007 3749 1057 3808; x_wconf 93' lang='lat' dir='ltr'><strong>lib.</strong></span> <span class='ocrx_word' id='word_1_338' title='bbox 1072 3747 1170 3807; x_wconf 86' lang='lat' dir='ltr'>XXIX</span> <span class='ocrx_word' id='word_1_339' title='bbox 1183 3767 1212 3806; x_wconf 91' lang='lat' dir='ltr'><strong>u.</strong></span> <span class='ocrx_word' id='word_1_340' title='bbox 1228 3748 1301 3806; x_wconf 79' lang='lat'><strong>825.</strong></span> 
     </span>
     <span class='ocr_line' id='line_1_38' title="bbox 153 3836 1303 3917; baseline -0.003 -19"><span class='ocrx_word' id='word_1_341' title='bbox 153 3841 252 3903; x_wconf 88' lang='lat' dir='ltr'><strong>Verba</strong></span> <span class='ocrx_word' id='word_1_342' title='bbox 270 3841 384 3903; x_wconf 83' lang='lat' dir='ltr'><strong>Graeca</strong></span> <span class='ocrx_word' id='word_1_343' title='bbox 406 3841 525 3902; x_wconf 89' lang='lat' dir='ltr'><strong>Latinis</strong></span> <span class='ocrx_word' id='word_1_344' title='bbox 552 3842 661 3902; x_wconf 85' lang='lat' dir='ltr'><strong>litteris</strong></span> <span class='ocrx_word' id='word_1_345' title='bbox 688 3841 795 3917; x_wconf 90' lang='lat' dir='ltr'><strong>scripsi</strong></span> <span class='ocrx_word' id='word_1_346' title='bbox 817 3839 884 3899; x_wconf 88' lang='lat' dir='ltr'><strong>ideo</strong></span> <span class='ocrx_word' id='word_1_347' title='bbox 907 3840 978 3915; x_wconf 90' lang='lat' dir='ltr'><strong>quia</strong></span> <span class='ocrx_word' id='word_1_348' title='bbox 1001 3838 1124 3897; x_wconf 86' lang='lat' dir='ltr'><strong>librario</strong></span> <span class='ocrx_word' id='word_1_349' title='bbox 1148 3836 1303 3911; x_wconf 84' lang='lat' dir='ltr'><strong>archetypi</strong></span> 
     </span>
     <span class='ocr_line' id='line_1_39' title="bbox 153 3925 1302 4009; baseline -0.004 -20"><span class='ocrx_word' id='word_1_350' title='bbox 153 3930 254 3992; x_wconf 87' lang='lat' dir='ltr'><strong>deberi</strong></span> <span class='ocrx_word' id='word_1_351' title='bbox 262 3933 382 4008; x_wconf 83' lang='lat' dir='ltr'><strong>formas,</strong></span> <span class='ocrx_word' id='word_1_352' title='bbox 393 3950 468 4009; x_wconf 88' lang='lat' dir='ltr'><strong>quas</strong></span> <span class='ocrx_word' id='word_1_353' title='bbox 482 3930 657 4009; x_wconf 75' lang='lat' dir='ltr'><strong>apographa</strong></span> <span class='ocrx_word' id='word_1_354' title='bbox 665 3932 823 3991; x_wconf 84' lang='lat' dir='ltr'><strong>seruanint</strong></span> <span class='ocrx_word' id='word_1_355' title='bbox 832 3927 960 3990; x_wconf 86' lang='lat' dir='ltr'><strong>Graecas</strong></span> <span class='ocrx_word' id='word_1_356' title='bbox 974 3925 1302 4004; x_wconf 85' lang='lat' dir='ltr'><strong>perspectaformerum</strong></span> 
     </span>
     <span class='ocr_line' id='line_1_40' title="bbox 153 4008 1302 4103; baseline -0.008 -21"><span class='ocrx_word' id='word_1_357' title='bbox 153 4023 380 4095; x_wconf 77' lang='lat' dir='ltr'><strong>syemirociodes</strong></span> <span class='ocrx_word' id='word_1_358' title='bbox 394 4014 481 4103; x_wconf 84' lang='lat' dir='ltr'><strong>(conf</strong></span> <span class='ocrx_word' id='word_1_359' title='bbox 491 4020 551 4080; x_wconf 92' lang='lat' dir='ltr'><strong>ind.</strong></span> <span class='ocrx_word' id='word_1_360' title='bbox 564 4040 687 4098; x_wconf 81' lang='lat' dir='ltr'><strong>gramm</strong></span> <span class='ocrx_word' id='word_1_361' title='bbox 702 4038 724 4081; x_wconf 92' lang='lat' dir='ltr'><strong>s.</strong></span> <span class='ocrx_word' id='word_1_362' title='bbox 739 4040 768 4079; x_wconf 91' lang='lat' dir='ltr'><strong>u.</strong></span> <span class='ocrx_word' id='word_1_363' title='bbox 782 4008 1012 4098; x_wconf 80' lang='lat' dir='ltr'><strong>orthographia)</strong></span> <span class='ocrx_word' id='word_1_364' title='bbox 1023 4020 1053 4076; x_wconf 87' lang='lat' dir='ltr'><strong>et</strong></span> <span class='ocrx_word' id='word_1_365' title='bbox 1067 4011 1231 4095; x_wconf 78' lang='grc' dir='ltr'><strong><em>ὅχληρῶδες</em></strong></span> <span class='ocrx_word' id='word_1_366' title='bbox 1244 4016 1302 4074; x_wconf 89' lang='lat' dir='ltr'><strong>ori·</strong></span> 
     </span>
     <span class='ocr_line' id='line_1_41' title="bbox 153 4099 1303 4187; baseline -0.005 -16"><span class='ocrx_word' id='word_1_367' title='bbox 153 4111 222 4187; x_wconf 79' lang='lat' dir='ltr'><strong>gine</strong></span> <span class='ocrx_word' id='word_1_368' title='bbox 235 4113 328 4187; x_wconf 85' lang='lat' dir='ltr'><strong>patet.</strong></span> <span class='ocrx_word' id='word_1_369' title='bbox 364 4110 489 4170; x_wconf 79' lang='lat' dir='ltr'><strong>Amicus</strong></span> <span class='ocrx_word' id='word_1_370' title='bbox 508 4110 618 4170; x_wconf 88' lang='lat' dir='ltr'><strong>Lucilii</strong></span> <span class='ocrx_word' id='word_1_371' title='bbox 635 4128 737 4169; x_wconf 89' lang='lat' dir='ltr'><strong>eorum</strong></span> <span class='ocrx_word' id='word_1_372' title='bbox 755 4110 815 4168; x_wconf 88' lang='lat' dir='ltr'><strong>fuit</strong></span> <span class='ocrx_word' id='word_1_373' title='bbox 831 4109 864 4168; x_wconf 91' lang='lat' dir='ltr'><strong>in</strong></span> <span class='ocrx_word' id='word_1_374' title='bbox 878 4099 1010 4181; x_wconf 77' lang='grc'><strong>1111111,</strong></span> <span class='ocrx_word' id='word_1_375' title='bbox 1028 4107 1082 4182; x_wconf 91' lang='lat' dir='ltr'><strong>qui</strong></span> <span class='ocrx_word' id='word_1_376' title='bbox 1095 4106 1303 4180; x_wconf 85' lang='lat' dir='ltr'><strong>uitupererent</strong></span> 
     </span>
     <span class='ocr_line' id='line_1_42' title="bbox 153 4194 1304 4277; baseline -0.007 -17"><span class='ocrx_word' id='word_1_377' title='bbox 153 4202 306 4260; x_wconf 88' lang='lat' dir='ltr'><strong>oratorum</strong></span> <span class='ocrx_word' id='word_1_378' title='bbox 337 4203 416 4260; x_wconf 87' lang='lat' dir='ltr'><strong>artes</strong></span> <span class='ocrx_word' id='word_1_379' title='bbox 445 4199 574 4277; x_wconf 88' lang='lat' dir='ltr'><strong>pueriles</strong></span> <span class='ocrx_word' id='word_1_380' title='bbox 607 4199 750 4274; x_wconf 91' lang='lat' dir='ltr'><strong>nouitque</strong></span> <span class='ocrx_word' id='word_1_381' title='bbox 782 4201 871 4274; x_wconf 82' lang='lat' dir='ltr'><strong>poete</strong></span> <span class='ocrx_word' id='word_1_382' title='bbox 898 4195 1039 4256; x_wconf 86' lang='lat' dir='ltr'><strong>Isocratis</strong></span> <span class='ocrx_word' id='word_1_383' title='bbox 1064 4194 1304 4254; x_wconf 85' lang='lat' dir='ltr'><strong>homoeoteleuta</strong></span> 
     </span>
     <span class='ocr_line' id='line_1_43' title="bbox 154 4275 1303 4371; baseline -0.005 -21"><span class='ocrx_word' id='word_1_384' title='bbox 154 4281 312 4371; x_wconf 64' lang='lat' dir='ltr'><strong>(nolueris</strong></span> <span class='ocrx_word' id='word_1_385' title='bbox 347 4309 415 4350; x_wconf 93' lang='lat' dir='ltr'><strong>cum</strong></span> <span class='ocrx_word' id='word_1_386' title='bbox 443 4282 589 4349; x_wconf 88' lang='lat' dir='ltr'><strong>debueris’</strong></span> <span class='ocrx_word' id='word_1_387' title='bbox 614 4290 649 4347; x_wconf 90' lang='lat' dir='ltr'><strong>ut</strong></span> <span class='ocrx_word' id='word_1_388' title='bbox 675 4281 776 4348; x_wconf 77' lang='grc' dir='ltr'><strong>Ι1111.ι</strong></span> <span class='ocrx_word' id='word_1_389' title='bbox 789 4287 918 4364; x_wconf 76' lang='lat' dir='ltr'><strong>Euagor.</strong></span> <span class='ocrx_word' id='word_1_390' title='bbox 935 4286 975 4344; x_wconf 89' lang='grc'><strong>14</strong></span> <span class='ocrx_word' id='word_1_391' title='bbox 994 4305 1023 4361; x_wconf 92' lang='lat' dir='ltr'><strong>p.</strong></span> <span class='ocrx_word' id='word_1_392' title='bbox 1040 4284 1102 4344; x_wconf 85' lang='grc'><strong>195</strong></span> <span class='ocrx_word' id='word_1_393' title='bbox 1132 4275 1191 4344; x_wconf 79' lang='lat' dir='ltr'><strong>oiii&#39;</strong></span> <span class='ocrx_word' id='word_1_394' title='bbox 1220 4279 1259 4342; x_wconf 70' lang='lat' dir='ltr'><strong>dv</strong></span> <span class='ocrx_word' id='word_1_395' title='bbox 1287 4280 1303 4344; x_wconf 87' lang='grc'><strong>5</strong></span> 
     </span>
     <span class='ocr_line' id='line_1_44' title="bbox 154 4368 1303 4459; baseline -0.006 -20"><span class='ocrx_word' id='word_1_396' title='bbox 154 4377 240 4459; x_wconf 77' lang='grc' dir='ltr'><strong><em>λόγος</em></strong></span> <span class='ocrx_word' id='word_1_397' title='bbox 263 4378 333 4452; x_wconf 74' lang='grc' dir='ltr'><strong><em>ἴσως</em></strong></span> <span class='ocrx_word' id='word_1_398' title='bbox 356 4383 417 4451; x_wconf 82' lang='grc' dir='ltr'><strong><em>τοῖς</em></strong></span> <span class='ocrx_word' id='word_1_399' title='bbox 440 4382 555 4459; x_wconf 80' lang='grc' dir='ltr'><strong><em>καιροῖς</em></strong></span> <span class='ocrx_word' id='word_1_400' title='bbox 577 4372 731 4458; x_wconf 78' lang='grc' dir='ltr'><strong><em>ἆρμόσειεν</em></strong></span> <span class='ocrx_word' id='word_1_401' title='bbox 753 4368 812 4437; x_wconf 76' lang='grc' dir='ltr'><strong>οὔτ’</strong></span> <span class='ocrx_word' id='word_1_402' title='bbox 836 4371 875 4435; x_wconf 71' lang='grc' dir='ltr'><strong>ἂν</strong></span> <span class='ocrx_word' id='word_1_403' title='bbox 898 4371 1038 4456; x_wconf 70' lang='grc' dir='ltr'><strong><em>ὁχρόνος</em></strong></span> <span class='ocrx_word' id='word_1_404' title='bbox 1055 4377 1117 4446; x_wconf 82' lang='grc' dir='ltr'><strong><em>τοῖς</em></strong></span> <span class='ocrx_word' id='word_1_405' title='bbox 1135 4368 1303 4453; x_wconf 75' lang='grc' dir='ltr'><strong><em>λεγομένοις</em></strong></span> 
     </span>
     <span class='ocr_line' id='line_1_45' title="bbox 155 4461 1304 4551; baseline -0.007 -22"><span class='ocrx_word' id='word_1_406' title='bbox 155 4461 315 4551; x_wconf 66' lang='grc' dir='ltr'><strong>ἀρκέσειεν)</strong></span> <span class='ocrx_word' id='word_1_407' title='bbox 348 4467 385 4527; x_wconf 90' lang='lat' dir='ltr'><strong>ab</strong></span> <span class='ocrx_word' id='word_1_408' title='bbox 418 4469 598 4528; x_wconf 84' lang='lat' dir='ltr'><strong>aduersariis</strong></span> <span class='ocrx_word' id='word_1_409' title='bbox 629 4465 758 4545; x_wconf 87' lang='lat' dir='ltr'><strong>puerilia</strong></span> <span class='ocrx_word' id='word_1_410' title='bbox 790 4465 936 4544; x_wconf 86' lang='lat' dir='ltr'><strong>appellari</strong></span> <span class='ocrx_word' id='word_1_411' title='bbox 963 4468 994 4526; x_wconf 88' lang='lat' dir='ltr'><strong>et</strong></span> <span class='ocrx_word' id='word_1_412' title='bbox 1019 4467 1130 4542; x_wconf 89' lang='lat' dir='ltr'><strong>inepte.</strong></span> <span class='ocrx_word' id='word_1_413' title='bbox 1182 4461 1304 4522; x_wconf 77' lang='lat' dir='ltr'><strong>illarum</strong></span> 
     </span>
    </p>
   </div>
   <div class='ocr_carea' id='block_1_4' title="bbox 0 0 1543 5010">
    <p class='ocr_par' dir='ltr' id='par_1_4' title="bbox 0 0 1543 5010">
     <span class='ocr_line' id='line_1_46' title="bbox 0 0 1543 5010; baseline 0 0"><span class='ocrx_word' id='word_1_414' title='bbox 0 0 1543 5010; x_wconf 95' lang='lat' dir='ltr'><strong> </strong></span> 
     </span>
    </p>
   </div>
  </div>
 </body>
</html>
