3030 5002
611 329 668 384 lu.
688 334 765 385 8-8.
1239 331 1260 397 5

114 501 165 577 qui
187 500 270 560 deors
292 502 434 573 seruauit,
456 498 533 558 illud
549 501 583 559 iu
600 500 686 560 rebus
705 499 791 559 nulle
808 501 869 561 alia
887 500 924 560 de
942 518 1032 560 eausa
1050 501 1153 562 omisit
1170 520 1262 578 quam

115 588 191 665 quod
215 609 276 648 non
299 590 400 667 potuit
420 589 603 667 intellegere.
650 586 735 658 Quod
759 589 872 650 codices
900 591 1034 668 plerique
1062 592 1146 652 ducis
1173 591 1260 651 omit·

113 681 194 753 tunt,
222 677 254 737 id
277 679 380 739 eadem
404 679 439 738 de
462 696 552 738 eeuse
574 679 687 739 factum
711 697 773 739 esse
797 679 937 755 arbitror:
966 699 1036 739 nem
1063 679 1146 740 ducis
1172 698 1260 740 uoce·

114 769 216 828 bulum
240 768 320 845 quod
342 770 394 827 uix
416 773 495 828 recte
519 767 660 829 defendes
682 768 748 828 leco
772 767 831 830 die.
851 769 886 830 de
905 788 947 828 or.
966 768 1012 828 ΠΙ
1031 770 1072 828 63
1100 769 1260 830 admodum

114 858 272 918 obscurum
298 860 345 918 eet
372 862 403 918 et
429 858 563 933 difficile,
594 860 632 917 ut
659 859 788 937 glossam
816 877 879 919 esse
909 858 1026 918 librarii
1056 859 1140 919 nullo
1171 860 1260 920 modo

114 948 208 1025 possit
234 947 322 1007 credi.
369 947 454 1007 Vnde
482 947 677 1025 archetypum
703 949 874 1024 praebuisse
902 949 1032 1009 arbitror
1055 949 1138 1023 Inopi
1164 951 1260 1010 cuiue·

114 1037 182 1096 dom
205 1038 289 1097 ducis
310 1039 343 1097 iu
366 1037 459 1097 rebus.
505 1038 600 1097 Ducis
623 1037 802 1098 uoeebulum
824 1040 999 1115 corruptum
1022 1056 1085 1098 esse
1112 1039 1200 1098 sicuti
1228 1041 1261 1098 iu

113 1127 198 1186 rebus
226 1128 381 1187 sensenmt
410 1126 518 1186 codicis
546 1125 775 1203 Guelferbyteni
802 1127 942 1188 librarius
969 1130 1045 1187 teste
1068 1127 1176 1203 Lione,
1208 1130 1260 1204 qui

113 1214 222 1276 babeat
243 1216 359 1284 iudicis,
383 1219 414 1276 et
430 1215 592 1276 Mesuicius
617 1216 668 1291 qui
682 1216 761 1275 idem
779 1216 959 1276 uooebulum
981 1219 1061 1276 recte
1079 1218 1260 1276 restituerit:

113 1304 192 1381 quod
216 1305 466 1382 Guelferbytanus
489 1324 543 1381 pro
568 1307 601 1364 in
627 1307 714 1365 rebus
741 1308 842 1383 posuit
868 1309 912 1366 rei
938 1307 1111 1384 geneliuum
1138 1308 1260 1382 quintae

112 1398 147 1453 ut
169 1395 275 1472 opinor
298 1394 518 1469 declinationis,
545 1395 577 1454 id
601 1399 799 1455 commentum
825 1414 888 1456 esse
913 1395 1134 1473 ineptissimum
1161 1398 1260 1471 quiuis

113 1484 200 1544 focile
223 1484 371 1544 concedet.
418 1485 483 1562 Ego
505 1484 582 1544 nihil
607 1484 707 1562 aptius
733 1487 837 1545 inueni
863 1504 955 1563 quem
981 1485 1057 1544 illud
1086 1485 1164 1561 qued
1191 1505 1260 1562 pro·

113 1573 198 1651 posui
217 1573 294 1633 stud.
313 1574 407 1634 Lucil.
426 1595 455 1650 p.
475 1575 517 1633 62
541 1575 576 1635 ds
596 1575 715 1634 interitu
733 1575 816 1648 Lupi
834 1576 988 1636 ouiiudam
1005 1575 1112 1635 iudicis
1129 1576 1261 1649 inprobi:

111 1682 182 1722 nem
217 1664 343 1723 iudicem
373 1663 492 1741 Lupum
529 1682 548 1722 e
578 1663 695 1723 Lucilio
732 1663 929 1725 acerbissimis
963 1663 1098 1725 uersibus
1134 1665 1261 1725 lacerari

112 1754 283 1813 etiamnunc
314 1756 440 1829 epparet
470 1753 540 1812 libri
563 1752 693 1812 XXVIII
715 1773 764 1813 uu.
791 1755 853 1813 784
862 1772 941 1832 seqq.
997 1752 1042 1814 De
1069 1752 1103 1813 L.
1123 1752 1260 1814 Cornelio

111 1841 239 1902 Lentulo
261 1841 347 1919 Lupo
370 1842 439 1902 uide
461 1843 593 1920 prolegg.
612 1863 641 1918 p.
660 1842 793 1904 XXXVI.

201 1924 235 1993 4.
258 1930 382 1992 Serus'ue
401 1935 503 1992 nucius
523 1935 553 1991 et
572 1931 693 1991 Serenus
712 1933 751 1992 ed
768 1931 917 1993 Aeneidos
935 1932 978 1992 IX
998 1934 1060 1991 227
1082 1928 1259 1993 ‘Consilium

112 2021 234 2081 summis
257 2024 342 2099 regni
365 2020 510 2081 derebus
537 2020 695 2081 hebebant.
740 2021 883 2091 Summis,
910 2027 1010 2081 utrum
1037 2024 1188 2092 maximis
1218 2040 1260 2082 aee

112 2111 188 2184 eod
208 2111 357 2184 ruebam
384 2129 433 2171 eae
460 2113 492 2169 ie
524 2113 647 2170 estreruo
674 2112 766 2171 siles?
799 2116 825 2171 et
857 2115 898 2172 esf
924 2111 1032 2170 Lucilii
1066 2130 1167 2173 uersus
1199 2131 1259 2172 uno

111 2203 230 2261 tentum
253 2219 386 2260 sermone
409 2201 539 2261 mutato:
562 2219 632 2259 nam
655 2200 706 2259 ille
730 2202 775 2260 ait
799 2197 980 2263 “consilium
995 2247 1000 2258 .
1017 2247 1023 2259 .
1040 2247 1046 2259 .
1063 2195 1259 2261 hebebent’'.'

111 2288 194 2360 Quae
217 2293 287 2350 ante
309 2290 388 2350 bunc
410 2311 438 2349 u.
463 2289 632 2366 exposuerit
653 2290 794 2365 Lucilius,
819 2292 975 2369 intelleges
998 2291 1116 2351 conluto
1140 2293 1260 2350 saturae

112 2379 240 2438 Senecae
267 2379 386 2439 exordio
415 2373 504 2449 ‘Quid
532 2380 632 2438 ectum
660 2381 701 2439 sit
727 2380 759 2437 in
792 2380 874 2440 eaelo
907 2384 976 2439 ante
1004 2380 1083 2439 diem
1105 2379 1159 2438 III.
1191 2379 1260 2440 idus

111 2467 248 2528 Octobris
271 2486 349 2528 anno
372 2487 460 2541 noue,
482 2469 570 2527 initio
593 2469 704 2528 saeculi
727 2470 900 2543 felicissimi,
923 2471 993 2529 uolo
1016 2471 1176 2529 memoriae
1198 2471 1259 2530 tre-

111 2553 201 2618 dere'.
250 2556 290 2616 Di
318 2557 432 2618 scilieet
459 2576 559 2618 omnes
587 2558 744 2618 consilium
771 2559 895 2619 summis
922 2560 1076 2619 hominum
1104 2559 1140 2617 de
1171 2558 1259 2619 rebus

109 2646 267 2707 hebebant
304 2646 415 2708 Versus
438 2647 538 2723 potius
560 2645 599 2706 eb
621 2649 749 2725 utroque
771 2651 862 2725 poete
885 2648 924 2707 ed
946 2647 1173 2709 similitudinem
1193 2668 1258 2709 uer·

110 2754 161 2796 sue
185 2736 316 2796 Enniani
338 2736 464 2796 alicuius
487 2739 533 2797 est
554 2737 659 2798 saeuis.

201 2819 235 2886 ὃ.
272 2825 422 2903 Interpres
463 2826 641 2886 Veronensis
685 2824 826 2886 Aeneidis
858 2825 917 2884 XII
941 2827 1006 2886 680
1042 2846 1070 2902 p.
1099 2827 1178 2903 449,
1199 2827 1259 2885 9Η

112 2911 130 2973 ‘.
151 2960 157 2972 .
179 2960 185 2973 .
205 2915 273 2991 ique
299 2910 485 2992 “amplius'’,
513 2915 544 2974 id
572 2918 617 2975 est
644 2915 766 2990 diutius,
793 2915 928 2975 ulterius.
973 2914 1066 2974 Lucil.
1092 2910 1175 2990 “quo
1205 2934 1256 2992 po·

110 3005 214 3081 pulum
230 3004 326 3079 adque
347 3004 449 3064 urbem
462 3010 565 3078 panos
584 3024 703 3065 seruere
721 3005 889 3082 petisset..
906 2999 959 3062 .’'.'
997 3004 1092 3064 Iulius
1106 3003 1190 3065 Rom.
1210 3024 1258 3083 ep.

111 3093 280 3152 Charisium
299 3093 379 3153 GLI
401 3114 430 3170 p.
452 3096 524 3167 195,
540 3094 594 3153 6K
615 3090 773 3170 ‘Amplius
793 3095 925 3154 Lucilius
946 3097 1116 3153 saturarum
1134 3093 1150 3152 I
1174 3089 1258 3170 “quo

105 3187 228 3256 pacem
248 3184 392 3259 populum
410 3185 501 3260 etque
520 3185 623 3243 urbem
642 3202 762 3243 seruare
775 3185 894 3258 potiseit
911 3185 1039 3259 amplius
1057 3179 1258 3244 romanem’'.'

110 3273 310 3332 Veronensem
334 3273 525 3332 scholiastem
547 3274 657 3333 rectius
680 3273 772 3332 uerba
794 3276 901 3350 poetae
924 3292 1015 3350 quam
1032 3274 1200 3334 Romanum
1223 3275 1259 3334 de

110 3380 169 3437 quo
197 3362 269 3420 conf
291 3363 424 3441 prolegg.
448 3383 476 3438 p.
495 3362 591 3421 LXIX
618 3381 751 3424 seruasse
778 3363 927 3423 euineitur
954 3362 1056 3422 ordine
1085 3363 1259 3424 uerborum:

109 3451 318 3526 imperfectum
341 3452 522 3511 coniunctiui
541 3455 662 3525 petisset
684 3452 751 3511 ideo
774 3451 960 3529 probandum
984 3455 1028 3512 est
1056 3453 1135 3528 quod
1162 3454 1259 3512 forme

110 3542 177 3617 ipse
201 3543 344 3601 remotior
371 3561 389 3600 e
416 3541 628 3601 consuetudine
656 3544 687 3601 et
708 3543 776 3599 ui
806 3542 917 3619 legitur
939 3542 1113 3616 protollerct.
1159 3542 1259 3602 Verbe

109 3647 170 3688 nen
193 3629 263 3689 sunt
282 3630 330 3689 dei
350 3630 476 3690 alicuius
495 3632 696 3691 contionantis
714 3630 766 3689 sed
784 3633 889 3707 poetae
909 3631 1072 3691 narrantis:
1095 3630 1164 3690 uide
1183 3651 1259 3708 quae

110 3719 322 3779 ednoteuimus
345 3720 384 3778 ed
406 3740 455 3778 uu.
476 3723 504 3779 7.
525 3721 553 3779 8.

202 3801 235 3870 7.
258 3809 373 3869 Nonius
396 3830 425 3884 p.
447 3811 519 3884 159,
535 3812 576 3869 99
597 3805 773 3870 ‘Protollere
794 3811 839 3870 est
857 3809 984 3870 differre.
1025 3810 1158 3869 Lucilius
1176 3812 1258 3887 saty-

110 3917 213 3958 rarum
235 3897 286 3956 lib.
306 3897 322 3957 I
344 3894 514 3958 “si...ed
536 3895 882 3959 instrum...unum'’.'
928 3899 1005 3960 Vide
1034 3898 1117 3958 edu.
1138 3900 1166 3958 8.
1213 3897 1258 3960 De

110 3992 141 4045 et
165 3987 315 4063 particule
336 3990 404 4064 post
426 3991 454 4047 ei
475 4005 535 4047 non
557 3991 702 4064 usurpata
724 3989 795 4048 conf
810 3989 954 4067 Draegeri
977 3988 1112 4064 exempla
1135 3988 1167 4046 in
1189 4006 1259 4065 syn·

109 4077 173 4136 taxi
196 4077 266 4136 hist.
284 4076 356 4154 ling.
375 4075 407 4135 L.
432 4068 819 4158 (edis.11)11p.113,o.

201 4158 236 4225 8.
260 4164 375 4225 Nonius
398 4187 426 4243 p.
447 4167 579 4240 497,10
604 4161 812 4228 ‘Accusatiuus
835 4168 950 4243 positus
973 4185 1027 4243 pro
1048 4166 1190 4226 ebletiuo.
1207 4216 1213 4228 .
1228 4213 1258 4231 ..
1383 4160 1384 4163 '

109 4254 243 4314 Lucilius
267 4256 437 4332 satyrarum
457 4254 509 4315 lib.
528 4255 544 4314 I
567 4251 699 4316 “munus
714 4302 721 4315 .
736 4302 743 4316 .
759 4301 765 4314 .
774 4251 935 4330 possint'’.’
975 4255 1177 4317 Oonsoeiende
1196 4276 1259 4318 esse

109 4345 170 4404 tria
192 4343 253 4404 iste
275 4345 444 4422 fragments
463 4336 506 4424 (u.
526 4337 628 4426 5-8)
651 4345 811 4405 uerborum
833 4345 977 4422 probatur
995 4349 1025 4406 et
1043 4347 1258 4407 sententiarum

110 4433 316 4494 similitudine.
362 4435 459 4504 Quere
486 4455 553 4495 oum
576 4435 707 4495 Mercero
730 4438 872 4510 petissent
898 4455 958 4495 non
979 4437 1119 4510 potissim
1144 4438 1176 4494 in
1202 4437 1259 4496 hoc
