3060 5010
228 352 291 418 158
672 351 710 422 xl
727 368 755 405 u.
775 356 924 406 lla-422.

223 521 405 581 quenalem.
443 519 557 582 Similis
574 521 666 586 huius
683 519 796 598 Opimii
814 521 875 581 fuit
892 519 926 590 Q.
940 519 1051 580 Fabius
1068 518 1217 581 Maximus
1238 518 1376 581 Allobro·

224 613 307 690 gicus
323 630 381 688 quo
398 607 598 671 ‘adulescente
611 612 688 670 nihil
703 613 799 689 magis
813 613 934 685 infame,
949 611 1025 672 nihil
1042 611 1144 670 ecdem
1158 629 1227 670 sena
1242 613 1377 670 ornatius

224 704 278 760 aut
296 702 457 777 speciosius
476 701 530 761 illo
549 700 666 761 saeculo
685 702 788 761 nostra
807 703 914 760 ciuitas
933 695 1050 759 habuit'
1070 700 1137 759 Val.
1155 699 1233 759 Max.
1248 698 1292 758 VI
1308 702 1336 776 9,
1347 701 1376 759 4.

314 781 397 851 421.
427 790 561 849 Eandem
591 810 681 867 quam
709 790 812 850 Cicero
839 791 888 850 hic
916 793 1037 850 enarrat
1066 789 1200 849 fabulam
1226 789 1376 849 Lucilium

224 899 342 957 quoque
365 898 518 940 enarrasse
541 879 574 939 id
597 882 642 940 est
659 880 770 940 Lucilii
788 883 891 940 satura
909 899 996 940 usum
1014 880 1106 939 fuisse
1125 870 1298 939 Ciceronem
1317 898 1377 938 non

224 989 283 1029 uno
316 972 493 1048 argumento
526 968 685 1029 indicatur.
738 969 817 1029 Num
848 972 974 1045 uterque
1006 970 1135 1046 scriptor
1165 970 1377 1029 adulescentem

224 1057 377 1136 Opimium
405 1059 483 1118 mala
508 1059 624 1118 audisse
650 1059 758 1132 tradit,
785 1061 909 1135 uterque
937 1058 1082 1119 uocabulo
1111 1061 1243 1134 fumosus
1271 1059 1377 1132 utitur,

224 1149 353 1225 denique
385 1152 518 1209 extrema
545 1147 696 1209 Ciceronis
727 1148 820 1208 uerba
852 1148 940 1208 facile
972 1147 1107 1208 efficiunt
1138 1148 1259 1208 heroum
1295 1144 1377 1207 ‘nam

224 1240 322 1298 uetuit
348 1259 395 1298 me
424 1238 463 1298 ad
490 1239 620 1298 famosas
649 1238 787 1299 accedere
814 1233 931 1312 mater’3
960 1237 1035 1297 adde
1063 1238 1143 1314 quod
1170 1239 1303 1297 accedere
1335 1239 1375 1297 uei

224 1329 362 1404 inprimis
381 1327 572 1388 Lucilianum
595 1330 641 1387 est
659 1330 694 1387 ut
711 1327 762 1386 lib.
776 1327 850 1386 1111.
867 1330 907 1387 92
928 1326 987 1385 VH
1001 1347 1029 1385 u.
1045 1329 1118 1386 287.
1157 1326 1254 1386 Sicuti
1272 1326 1377 1386 Cranii

224 1419 270 1477 ita
293 1418 370 1478 alius
392 1417 522 1477 hominis
546 1418 648 1477 festiui
671 1419 751 1477 iocos
780 1417 852 1476 duos
880 1416 930 1475 uel
956 1418 1017 1476 tres
1045 1419 1222 1476 narrauerat
1242 1416 1376 1477 Lucilius

225 1508 277 1584 qui
300 1526 359 1582 quo
382 1509 501 1566 nomine
529 1508 623 1566 fuerit
649 1508 819 1567 nominatus
847 1525 954 1582 parum
981 1509 1111 1566 constat:
1139 1507 1257 1580 Epiiius
1285 1507 1376 1584 uulgo

224 1595 365 1656 scribitur
384 1597 464 1673 apud
483 1596 663 1671 Ciceronem,
681 1596 734 1655 ubi
752 1596 826 1655 codd
846 1596 952 1656 esitius.
984 1595 1030 1655 De
1048 1600 1136 1673 gente
1155 1596 1257 1674 Egilia
1275 1599 1376 1655 tamen

224 1704 284 1744 non
307 1687 432 1761 constat,
456 1686 591 1760 Epritius
609 1685 778 1745 Ellendtius
801 1688 833 1744 in
855 1685 921 1745 adn.
941 1687 1047 1745 critica
1064 1688 1234 1762 proposuit,
1257 1686 1375 1745 facilius

224 1774 336 1834 scribas
350 1775 455 1835 [cilices
473 1769 606 1857 (Ἰκέλιος
620 1774 749 1851 Appian.
769 1775 796 1834 b.
816 1795 839 1835 0.
858 1775 902 1833 IV
922 1777 961 1834 27
983 1775 1058 1834 med.
1078 1778 1109 1833 et
1126 1767 1214 1857 extr.)
1234 1779 1265 1834 et
1278 1776 1376 1845 Icilia,

225 1866 284 1923 nisi
306 1865 422 1924 Nonius
445 1885 473 1941 p.
494 1866 557 1924 198
581 1864 704 1924 haberet
727 1865 857 1924 Decillc:
885 1865 964 1940 quod
988 1866 1014 1924 si
1040 1866 1120 1925 recte
1147 1865 1294 1924 traditum
1321 1868 1375 1940 est,

225 1953 313 2012 homo
336 1954 388 2013 ille
411 1955 537 2013 festinus
560 1952 620 2012 fuit
641 1955 752 2014 Decius
775 1954 911 2030 quidam,
934 1956 1034 2030 priore
1056 1954 1121 2014 loco
1152 1954 1272 2013 datiuus
1296 1955 1376 2031 apud

225 2040 397 2143 Ciceronem
419 2047 465 2103 est
487 2043 720 2119 interpolatoris.
757 2043 802 2103 De
823 2044 967 2103 feminino
986 2062 1092 2122 genere
1111 2044 1180 2102 uide
1199 2045 1376 2120 interpretes

225 2133 265 2191 ad
287 2132 393 2191 Horat.
412 2152 497 2193 serm.
517 2132 580 2207 18,
600 2134 651 2192 39.

315 2211 398 2282 422.
421 2222 537 2283 Nonius
558 2242 588 2299 p.
609 2223 682 2297 276,
703 2224 744 2282 23
770 2219 932 2283 ‘Damnare
956 2225 1001 2282 est
1021 2222 1206 2282 exheredare.
1243 2222 1376 2282 Lucilius

225 2313 394 2389 satyrarum
413 2310 464 2371 lib.
479 2311 522 2370 XI
542 2307 677 2372 “cassius
696 2313 782 2390 gaius
802 2316 1012 2373 ...sectorem
1030 2306 1182 2394 (sectorem
1202 2311 1376 2389 Guelferby-

224 2393 328 2482 tanus)
347 2403 517 2476 furiuruque
533 2402 613 2461 hunc
630 2402 736 2462 tullius
755 2419 840 2476 quern
857 2404 945 2462 indes
963 2395 1065 2482 (iudex
1083 2403 1156 2461 olim
1169 2396 1321 2484 impressi)
1334 2450 1339 2461 .
1352 2448 1375 2461 ..

225 2486 372 2551 omnes''.’
419 2490 526 2551 Verbis
550 2496 576 2550 ct
597 2492 732 2551 docmati
755 2492 808 2550 clii
830 2509 928 2551 omues
951 2492 1137 2570 intellegitur
1160 2492 1271 2552 multos
1294 2493 1376 2551 here·

226 2580 343 2657 dipetas
367 2581 481 2640 sordidi
503 2581 633 2641 hominis
657 2582 794 2655 alicuius,
818 2583 870 2658 qui
893 2583 983 2640 antea
1001 2581 1103 2641 debuit
1122 2600 1185 2641 esse
1203 2581 1267 2641 sine
1285 2582 1376 2641 dubio

225 2673 345 2730 nomine
368 2689 420 2730 suo
444 2672 629 2745 nominatus,
658 2675 688 2730 et
710 2673 840 2750 gratiam
854 2675 894 2744 ‚et
915 2690 978 2730 rem
1001 2671 1130 2747 petiisse.
1176 2671 1283 2746 ltaque
1309 2689 1376 2731 cum

225 2763 330 2836 postea
353 2761 472 2837 legatur
495 2763 632 2820 accurate
655 2763 826 2820 nominatus
853 2760 968 2819 Tullius
992 2761 1117 2836 Quintus
1139 2761 1244 2829 Iudeis,
1267 2763 1293 2820 is
1316 2780 1376 2820 non

225 2851 326 2925 potest
355 2869 419 2909 esse
445 2851 498 2910 ille
527 2852 579 2926 qni
607 2853 696 2909 antea
723 2853 785 2910 iam
813 2849 1034 2910 memorabatur
1061 2853 1198 2910 accurate
1226 2853 1257 2910 et
1285 2853 1376 2910 testa·

225 2943 359 3000 mentum
382 2940 454 2999 fecit
477 2939 528 2998 sed
552 2941 584 3016 Q.
601 2940 717 2999 Tullius
734 2959 839 3000 reuera
860 2942 948 3000 ludes
970 2943 1036 2999 erat
1053 2940 1092 2999 ad
1115 2959 1203 3017 quem
1221 2940 1259 3000 lis
1278 2941 1377 2999 fuerat

226 3029 340 3088 delata:
364 3029 439 3088 adde
463 3028 543 3106 quod
566 3032 642 3089 teste
665 3030 795 3107 leianc
819 3030 870 3089 lib.
890 3032 964 3108 sing.
983 3030 1076 3107 regul.
1096 3030 1167 3088 XXI
1191 3025 1258 3089 ‘illa
1276 3033 1377 3089 autern

224 3120 377 3178 institutio
402 3113 563 3178 “heredem
585 3121 725 3193 instituo,
747 3120 885 3180 heredem
908 3114 1010 3180 faci0''
1035 3120 1184 3197 plerisque
1206 3120 1377 3197 improbata

226 3203 292 3267 est’:
321 3226 412 3284 quare
435 3208 491 3267 hoc
519 3209 584 3267 loco
612 3210 722 3268 rectius
750 3209 786 3269 de
813 3210 911 3270 iudice
938 3211 1051 3288 cogites
1079 3228 1169 3285 quam
1197 3209 1233 3269 de
1261 3229 1295 3269 ec
1324 3211 1377 3285 qui

225 3300 439 3357 testamentum
466 3299 594 3373 scripsit.
640 3298 825 3359 Narrauerat
849 3298 996 3359 Lucilius:
1026 3294 1172 3358 ‘Mortuus
1200 3302 1264 3358 erat
1291 3317 1375 3375 prae·

225 3386 309 3446 diues
332 3387 392 3446 ille.
429 3386 520 3446 Multi
543 3388 645 3447 multis
666 3390 848 3466 argumentis
867 3390 993 3464 prolatis
1013 3391 1043 3447 et
1060 3388 1171 3449 tabulis
1191 3389 1230 3448 ad
1247 3389 1376 3448 iudicem

225 3492 288 3535 sese
306 3475 428 3536 heredes
447 3495 509 3536 esse
529 3477 699 3537 clamabant
716 3479 777 3536 uiri
794 3479 912 3538 honesti
931 3480 962 3537 et
978 3479 1074 3556 probi.
1111 3478 1154 3538 At
1171 3478 1244 3554 quid
1262 3479 1376 3538 facturn

227 3563 292 3624 est?
329 3564 401 3635 Quis
424 3567 522 3626 uictor
545 3564 662 3626 euasit?
699 3566 828 3642 Cassius,
851 3566 943 3626 Gaius
966 3569 1054 3627 homo
1075 3568 1124 3627 hic
1142 3568 1376 3628 sordidissimus:

225 3654 304 3714 hunc
327 3655 443 3714 'Pullius
466 3656 554 3715 iudex
578 3655 715 3716 heredem
738 3657 821 3731 facit,
844 3659 875 3716 et
896 3658 1007 3733 reliqui
1024 3677 1125 3718 omnes
1144 3658 1279 3717 damnati
1297 3660 1376 3732 sunt,

225 3745 245 3803 i.
266 3765 289 3805 e.
309 3763 399 3805 causa
425 3746 594 3806 ceciderunt
621 3748 651 3805 et
677 3745 763 3805 litem
790 3747 992 3823 perdiderunt.
1038 3745 1120 3816 Quae
1148 3749 1175 3806 si
1201 3750 1279 3807 recte
1308 3766 1376 3806 con·

226 3836 334 3895 stituta
365 3838 448 3910 sunt,
484 3836 696 3914 grauismum
727 3836 760 3893 hi
792 3855 894 3896 uersus
927 3840 997 3897 sunt
1028 3838 1233 3896 testimonium
1265 3837 1377 3896 Lucilii

226 3927 325 3985 aetate
343 3925 439 3985 idest
456 3928 589 4001 tempore
608 3926 669 3985 fere
691 3926 864 4004 Iugurthini
884 3925 956 3985 balli
980 3925 1110 3985 nondum
1137 3926 1217 4002 apud
1244 3929 1375 3985 centum·

225 4017 306 4075 uiros
329 4015 529 4076 hereditatum
550 4016 620 4074 lites
638 4017 721 4076 actas
740 4034 802 4076 esse
821 4035 880 4092 qua
899 4016 934 4075 de
953 4018 1097 4092 temporis
1117 4018 1289 4092 quaestione
1308 4016 1379 4075 conf

226 4104 412 4165 Wlassahius
430 4107 463 4163 in
480 4104 766 4182 Paulyi-Wissowcc
785 4106 935 4183 encyclop.
955 4124 977 4165 s.
996 4126 1024 4163 u.
1044 4108 1223 4165 centumuiri
1241 4105 1264 4164 I.
1296 4106 1376 4165 Nam

226 4196 394 4253 accuratius
421 4213 532 4253 annum
564 4194 685 4254 definire
715 4212 774 4255 non
806 4195 878 4255 licet
910 4214 969 4272 quo
1002 4195 1146 4256 iudicium
1178 4195 1255 4254 illud
1282 4196 1376 4254 Tullii

227 4282 318 4341 fuerit
341 4284 466 4343 factum:
492 4284 544 4343 sed
566 4283 676 4344 Lucilii
699 4285 843 4343 memoria
865 4285 979 4344 factum
1003 4303 1065 4345 esse
1093 4288 1227 4362 apparet.
1273 4284 1377 4344 Potuit

225 4374 316 4448 poeta
342 4372 469 4433 scribere
497 4375 527 4432 et
556 4372 652 4433 Cuius
679 4373 800 4434 Cassius
827 4375 873 4433 bic
900 4377 931 4433 et
960 4375 1095 4444 Cassius,
1128 4374 1225 4435 Cuius
1250 4375 1297 4434 bic
1323 4376 1376 4452 qui

226 4462 386 4536 scripserat
408 4463 445 4521 L.
462 4461 557 4530 Cctlc,
586 4463 618 4537 Q.
635 4461 782 4536 Opimius:
812 4462 865 4523 sed
891 4463 988 4523 uoluit
1014 4464 1165 4524 hominem
1193 4464 1376 4541 distinguere
