<?xml version="1.0" encoding="UTF-8"?>
<!DOCTYPE html PUBLIC "-//W3C//DTD XHTML 1.0 Transitional//EN"
    "http://www.w3.org/TR/xhtml1/DTD/xhtml1-transitional.dtd">
<html xmlns="http://www.w3.org/1999/xhtml" xml:lang="en" lang="en">
 <head>
  <title>
</title>
<meta http-equiv="Content-Type" content="text/html;charset=utf-8" />
  <meta name='ocr-system' content='tesseract 3.04.00' />
  <meta name='ocr-capabilities' content='ocr_page ocr_carea ocr_par ocr_line ocrx_word'/>
</head>
<body>
  <div class='ocr_page' id='page_1' title='image "./cluciliicarminu00lucigoog_0184.png"; bbox 0 0 3060 5010; ppageno 0'>
   <div class='ocr_carea' id='block_1_1' title="bbox 631 341 1326 414">
    <p class='ocr_par' dir='ltr' id='par_1_1' title="bbox 631 341 1326 414">
     <span class='ocr_line' id='line_1_1' title="bbox 631 341 1326 414; baseline 0 -19"><span class='ocrx_word' id='word_1_1' title='bbox 631 341 668 396; x_wconf 73' lang='lat' dir='ltr'><strong>XI</strong></span> <span class='ocrx_word' id='word_1_2' title='bbox 687 360 713 396; x_wconf 87' lang='lat' dir='ltr'><strong>u.</strong></span> <span class='ocrx_word' id='word_1_3' title='bbox 734 348 882 398; x_wconf 74' lang='lat' dir='ltr'><strong>eea-eor.</strong></span> <span class='ocrx_word' id='word_1_4' title='bbox 1265 348 1326 414; x_wconf 80' lang='lat'><strong>151</strong></span> 
     </span>
    </p>
   </div>
   <div class='ocr_carea' id='block_1_2' title="bbox 178 507 1333 3283">
    <p class='ocr_par' dir='ltr' id='par_1_2' title="bbox 178 507 1333 2927">
     <span class='ocr_line' id='line_1_2' title="bbox 180 507 1328 591; baseline 0.008 -21"><span class='ocrx_word' id='word_1_5' title='bbox 180 507 274 571; x_wconf 80' lang='lat' dir='ltr'><strong>‘nulla</strong></span> <span class='ocrx_word' id='word_1_6' title='bbox 297 531 329 571; x_wconf 90' lang='lat' dir='ltr'><strong>re</strong></span> <span class='ocrx_word' id='word_1_7' title='bbox 356 513 453 590; x_wconf 85' lang='lat' dir='ltr'><strong>magis</strong></span> <span class='ocrx_word' id='word_1_8' title='bbox 480 511 568 571; x_wconf 88' lang='lat' dir='ltr'><strong>rebus</strong></span> <span class='ocrx_word' id='word_1_9' title='bbox 591 513 700 573; x_wconf 87' lang='lat' dir='ltr'><strong>nostris</strong></span> <span class='ocrx_word' id='word_1_10' title='bbox 723 511 842 574; x_wconf 87' lang='lat' dir='ltr'><strong>afflictis</strong></span> <span class='ocrx_word' id='word_1_11' title='bbox 870 513 984 590; x_wconf 81' lang='lat' dir='ltr'><strong>profuit</strong></span> <span class='ocrx_word' id='word_1_12' title='bbox 1006 518 1127 591; x_wconf 89' lang='lat' dir='ltr'><strong>praetor</strong></span> <span class='ocrx_word' id='word_1_13' title='bbox 1153 520 1255 578; x_wconf 93' lang='lat' dir='ltr'><strong>noster</strong></span> <span class='ocrx_word' id='word_1_14' title='bbox 1277 517 1328 579; x_wconf 87' lang='lat' dir='ltr'><strong>cd·</strong></span> 
     </span>
     <span class='ocr_line' id='line_1_3' title="bbox 179 601 1328 679; baseline 0.006 -18"><span class='ocrx_word' id='word_1_15' title='bbox 179 603 238 662; x_wconf 91' lang='lat' dir='ltr'><strong>huc</strong></span> <span class='ocrx_word' id='word_1_16' title='bbox 261 620 351 679; x_wconf 90' lang='lat' dir='ltr'><strong>quam</strong></span> <span class='ocrx_word' id='word_1_17' title='bbox 374 604 473 661; x_wconf 91' lang='lat' dir='ltr'><strong>scorta</strong></span> <span class='ocrx_word' id='word_1_18' title='bbox 495 602 627 661; x_wconf 87' lang='lat' dir='ltr'><strong>mascula</strong></span> <span class='ocrx_word' id='word_1_19' title='bbox 651 604 751 662; x_wconf 88' lang='lat' dir='ltr'><strong>omnia</strong></span> <span class='ocrx_word' id='word_1_20' title='bbox 775 601 856 679; x_wconf 93' lang='lat' dir='ltr'><strong>quod</strong></span> <span class='ocrx_word' id='word_1_21' title='bbox 878 623 894 663; x_wconf 93' lang='lat' dir='ltr'><strong>e</strong></span> <span class='ocrx_word' id='word_1_22' title='bbox 917 606 1022 665; x_wconf 75' lang='lat' dir='ltr'><strong>ones</strong></span> <span class='ocrx_word' id='word_1_23' title='bbox 1041 605 1128 665; x_wconf 90' lang='lat' dir='ltr'><strong>eiecit</strong></span> <span class='ocrx_word' id='word_1_24' title='bbox 1145 602 1328 668; x_wconf 87' lang='lat' dir='ltr'><strong>adueniens’.</strong></span> 
     </span>
     <span class='ocr_line' id='line_1_4' title="bbox 178 688 1328 775; baseline 0.006 -25"><span class='ocrx_word' id='word_1_25' title='bbox 178 690 262 751; x_wconf 88' lang='lat' dir='ltr'>Idem</span> <span class='ocrx_word' id='word_1_26' title='bbox 287 693 392 751; x_wconf 86' lang='lat' dir='ltr'><strong>narrat</strong></span> <span class='ocrx_word' id='word_1_27' title='bbox 412 688 590 768; x_wconf 78' lang='lat' dir='ltr'><strong>[Plutarch]</strong></span> <span class='ocrx_word' id='word_1_28' title='bbox 606 691 795 770; x_wconf 85' lang='lat' dir='ltr'><strong>apopthegrn.</strong></span> <span class='ocrx_word' id='word_1_29' title='bbox 816 691 894 769; x_wconf 85' lang='lat' dir='ltr'><strong>Scip.</strong></span> <span class='ocrx_word' id='word_1_30' title='bbox 908 695 979 752; x_wconf 90' lang='lat' dir='ltr'><strong>min.</strong></span> <span class='ocrx_word' id='word_1_31' title='bbox 995 695 1034 753; x_wconf 87' lang='grc'><strong>16</strong></span> <span class='ocrx_word' id='word_1_32' title='bbox 1055 716 1082 772; x_wconf 90' lang='lat' dir='ltr'><strong>p.</strong></span> <span class='ocrx_word' id='word_1_33' title='bbox 1095 695 1194 755; x_wconf 90' lang='grc' dir='ltr'>201Β</span> <span class='ocrx_word' id='word_1_34' title='bbox 1211 695 1328 775; x_wconf 75' lang='grc' dir='ltr'><strong><em>μάντεις</em></strong></span> 
     </span>
     <span class='ocr_line' id='line_1_5' title="bbox 180 776 1326 862; baseline 0.003 -21"><span class='ocrx_word' id='word_1_35' title='bbox 180 777 233 859; x_wconf 68' lang='grc' dir='ltr'><strong>μὲν</strong></span> <span class='ocrx_word' id='word_1_36' title='bbox 257 778 351 853; x_wconf 81' lang='grc' dir='ltr'><strong>εὐθὺς</strong></span> <span class='ocrx_word' id='word_1_37' title='bbox 372 776 491 859; x_wconf 74' lang='grc' dir='ltr'><strong>ἐξήλασε</strong></span> <span class='ocrx_word' id='word_1_38' title='bbox 510 777 560 840; x_wconf 77' lang='grc' dir='ltr'><strong>καί</strong></span> <span class='ocrx_word' id='word_1_39' title='bbox 583 781 680 852; x_wconf 82' lang='grc' dir='ltr'><em>θύτας</em></span> <span class='ocrx_word' id='word_1_40' title='bbox 702 778 751 841; x_wconf 83' lang='grc' dir='ltr'><strong>καὶ</strong></span> <span class='ocrx_word' id='word_1_41' title='bbox 769 782 992 862; x_wconf 82' lang='grc' dir='ltr'><strong>πορνοβοσκούς</strong></span> <span class='ocrx_word' id='word_1_42' title='bbox 1010 782 1118 844; x_wconf 90' lang='lat' dir='ltr'><strong>Liuius</strong></span> <span class='ocrx_word' id='word_1_43' title='bbox 1140 784 1269 861; x_wconf 89' lang='lat' dir='ltr'><strong>perioch.</strong></span> <span class='ocrx_word' id='word_1_44' title='bbox 1285 786 1326 845; x_wconf 86' lang='grc'><strong>57</strong></span> 
     </span>
     <span class='ocr_line' id='line_1_6' title="bbox 180 865 1327 954; baseline 0.004 -24"><span class='ocrx_word' id='word_1_45' title='bbox 180 866 252 930; x_wconf 82' lang='lat' dir='ltr'><strong>‘duo</strong></span> <span class='ocrx_word' id='word_1_46' title='bbox 280 870 366 930; x_wconf 90' lang='lat' dir='ltr'><strong>milia</strong></span> <span class='ocrx_word' id='word_1_47' title='bbox 393 872 559 930; x_wconf 87' lang='lat' dir='ltr'><strong>scortorum</strong></span> <span class='ocrx_word' id='word_1_48' title='bbox 587 889 602 929; x_wconf 92' lang='lat' dir='ltr'><strong>e</strong></span> <span class='ocrx_word' id='word_1_49' title='bbox 630 873 736 930; x_wconf 87' lang='lat' dir='ltr'><strong>castris</strong></span> <span class='ocrx_word' id='word_1_50' title='bbox 765 867 863 931; x_wconf 87' lang='lat' dir='ltr'><strong>eiecit’</strong></span> <span class='ocrx_word' id='word_1_51' title='bbox 897 865 1024 954; x_wconf 84' lang='lat' dir='ltr'><strong>(Flor.I</strong></span> <span class='ocrx_word' id='word_1_52' title='bbox 1048 874 1166 947; x_wconf 84' lang='grc'>34,10</span> <span class='ocrx_word' id='word_1_53' title='bbox 1194 874 1327 935; x_wconf 76' lang='lat' dir='ltr'><strong>Ihontin.</strong></span> 
     </span>
     <span class='ocr_line' id='line_1_7' title="bbox 179 951 1327 1042; baseline 0.004 -22"><span class='ocrx_word' id='word_1_54' title='bbox 179 964 300 1038; x_wconf 90' lang='lat' dir='ltr'><strong>strateg.</strong></span> <span class='ocrx_word' id='word_1_55' title='bbox 315 958 360 1017; x_wconf 91' lang='lat' dir='ltr'><strong>IV</strong></span> <span class='ocrx_word' id='word_1_56' title='bbox 380 963 408 1034; x_wconf 86' lang='lat'><strong>1,</strong></span> <span class='ocrx_word' id='word_1_57' title='bbox 429 951 463 1042; x_wconf 93' lang='lat'><strong>1)</strong></span> <span class='ocrx_word' id='word_1_58' title='bbox 481 959 548 1019; x_wconf 85' lang='lat' dir='ltr'><strong>Vel.</strong></span> <span class='ocrx_word' id='word_1_59' title='bbox 563 959 640 1019; x_wconf 84' lang='lat' dir='ltr'><strong>Max.</strong></span> <span class='ocrx_word' id='word_1_60' title='bbox 653 959 686 1020; x_wconf 94' lang='lat' dir='ltr'><strong>II</strong></span> <span class='ocrx_word' id='word_1_61' title='bbox 705 963 734 1036; x_wconf 86' lang='grc'><strong>7,</strong></span> <span class='ocrx_word' id='word_1_62' title='bbox 755 964 771 1021; x_wconf 98' lang='grc'>1</span> <span class='ocrx_word' id='word_1_63' title='bbox 794 956 908 1022; x_wconf 83' lang='lat' dir='ltr'><strong>‘eodem</strong></span> <span class='ocrx_word' id='word_1_64' title='bbox 926 964 1077 1022; x_wconf 89' lang='lat' dir='ltr'><strong>momento</strong></span> <span class='ocrx_word' id='word_1_65' title='bbox 1095 966 1246 1041; x_wconf 82' lang='lat' dir='ltr'><strong>temporis,</strong></span> <span class='ocrx_word' id='word_1_66' title='bbox 1269 982 1327 1041; x_wconf 91' lang='lat' dir='ltr'><strong>quo</strong></span> 
     </span>
     <span class='ocr_line' id='line_1_8' title="bbox 180 1049 1328 1130; baseline 0.004 -20"><span class='ocrx_word' id='word_1_67' title='bbox 180 1053 277 1110; x_wconf 86' lang='lat' dir='ltr'><strong>castra</strong></span> <span class='ocrx_word' id='word_1_68' title='bbox 305 1050 445 1125; x_wconf 84' lang='lat' dir='ltr'><strong>intrauit,</strong></span> <span class='ocrx_word' id='word_1_69' title='bbox 478 1049 571 1109; x_wconf 80' lang='lat' dir='ltr'><strong>edixit</strong></span> <span class='ocrx_word' id='word_1_70' title='bbox 600 1052 635 1109; x_wconf 91' lang='lat' dir='ltr'><strong>ut</strong></span> <span class='ocrx_word' id='word_1_71' title='bbox 661 1050 762 1109; x_wconf 82' lang='lat' dir='ltr'><strong>omnic</strong></span> <span class='ocrx_word' id='word_1_72' title='bbox 789 1070 825 1110; x_wconf 85' lang='lat' dir='ltr'><strong>ex</strong></span> <span class='ocrx_word' id='word_1_73' title='bbox 851 1051 911 1126; x_wconf 83' lang='lat' dir='ltr'><strong>hie,</strong></span> <span class='ocrx_word' id='word_1_74' title='bbox 944 1071 1020 1129; x_wconf 90' lang='lat' dir='ltr'><strong>quae</strong></span> <span class='ocrx_word' id='word_1_75' title='bbox 1047 1053 1213 1130; x_wconf 86' lang='lat' dir='ltr'><strong>uoluptatis</strong></span> <span class='ocrx_word' id='word_1_76' title='bbox 1236 1072 1328 1115; x_wconf 88' lang='lat' dir='ltr'><strong>cansa</strong></span> 
     </span>
     <span class='ocr_line' id='line_1_9' title="bbox 180 1140 1327 1217; baseline 0.003 -18"><span class='ocrx_word' id='word_1_77' title='bbox 180 1142 343 1217; x_wconf 88' lang='lat' dir='ltr'><strong>conparata</strong></span> <span class='ocrx_word' id='word_1_78' title='bbox 366 1142 459 1216; x_wconf 88' lang='lat' dir='ltr'><strong>erant,</strong></span> <span class='ocrx_word' id='word_1_79' title='bbox 483 1140 671 1199; x_wconf 75' lang='lat' dir='ltr'><strong>auferrentur</strong></span> <span class='ocrx_word' id='word_1_80' title='bbox 689 1158 724 1200; x_wconf 92' lang='lat' dir='ltr'><strong>ac</strong></span> <span class='ocrx_word' id='word_1_81' title='bbox 742 1145 1011 1201; x_wconf 75' lang='lat' dir='ltr'><strong>summouerenturz</strong></span> <span class='ocrx_word' id='word_1_82' title='bbox 1034 1161 1103 1202; x_wconf 88' lang='lat' dir='ltr'><strong>nam</strong></span> <span class='ocrx_word' id='word_1_83' title='bbox 1122 1144 1240 1203; x_wconf 88' lang='lat' dir='ltr'><strong>constat</strong></span> <span class='ocrx_word' id='word_1_84' title='bbox 1262 1147 1327 1203; x_wconf 89' lang='lat' dir='ltr'><strong>turn</strong></span> 
     </span>
     <span class='ocr_line' id='line_1_10' title="bbox 179 1228 1329 1294; baseline 0.004 -5"><span class='ocrx_word' id='word_1_85' title='bbox 179 1231 341 1290; x_wconf 80' lang='lat' dir='ltr'><strong>maximum</strong></span> <span class='ocrx_word' id='word_1_86' title='bbox 377 1228 447 1288; x_wconf 91' lang='lat' dir='ltr'><strong>inde</strong></span> <span class='ocrx_word' id='word_1_87' title='bbox 483 1231 656 1289; x_wconf 87' lang='lat' dir='ltr'><strong>institorum</strong></span> <span class='ocrx_word' id='word_1_88' title='bbox 693 1232 723 1289; x_wconf 89' lang='lat' dir='ltr'><strong>et</strong></span> <span class='ocrx_word' id='word_1_89' title='bbox 759 1230 887 1290; x_wconf 81' lang='lat' dir='ltr'><strong>lixarum</strong></span> <span class='ocrx_word' id='word_1_90' title='bbox 923 1251 1079 1291; x_wconf 89' lang='lat' dir='ltr'><strong>numerum</strong></span> <span class='ocrx_word' id='word_1_91' title='bbox 1116 1250 1183 1292; x_wconf 88' lang='lat' dir='ltr'><strong>cnm</strong></span> <span class='ocrx_word' id='word_1_92' title='bbox 1214 1232 1329 1294; x_wconf 89' lang='lat' dir='ltr'><strong>duobus</strong></span> 
     </span>
     <span class='ocr_line' id='line_1_11' title="bbox 179 1314 1329 1397; baseline 0.003 -18"><span class='ocrx_word' id='word_1_93' title='bbox 179 1319 300 1380; x_wconf 87' lang='lat' dir='ltr'><strong>milibus</strong></span> <span class='ocrx_word' id='word_1_94' title='bbox 316 1321 494 1379; x_wconf 76' lang='lat' dir='ltr'><strong>scortorum</strong></span> <span class='ocrx_word' id='word_1_95' title='bbox 522 1314 638 1380; x_wconf 89' lang='lat' dir='ltr'><strong>abisse’.</strong></span> <span class='ocrx_word' id='word_1_96' title='bbox 683 1318 815 1395; x_wconf 80' lang='lat' dir='ltr'><strong>Spurcas</strong></span> <span class='ocrx_word' id='word_1_97' title='bbox 842 1322 1000 1397; x_wconf 89' lang='lat' dir='ltr'><strong>quominus</strong></span> <span class='ocrx_word' id='word_1_98' title='bbox 1032 1321 1144 1382; x_wconf 90' lang='lat' dir='ltr'><strong>scribas</strong></span> <span class='ocrx_word' id='word_1_99' title='bbox 1166 1321 1265 1382; x_wconf 89' lang='lat' dir='ltr'><strong>uerbis</strong></span> <span class='ocrx_word' id='word_1_100' title='bbox 1289 1323 1329 1382; x_wconf 85' lang='lat' dir='ltr'><strong>od</strong></span> 
     </span>
     <span class='ocr_line' id='line_1_12' title="bbox 179 1400 1329 1499; baseline 0.003 -30"><span class='ocrx_word' id='word_1_101' title='bbox 179 1428 273 1469; x_wconf 85' lang='grc' dir='ltr'><strong>ιιιιιιιιι</strong></span> <span class='ocrx_word' id='word_1_102' title='bbox 296 1400 370 1489; x_wconf 82' lang='lat' dir='ltr'><strong>(Cio.</strong></span> <span class='ocrx_word' id='word_1_103' title='bbox 386 1427 430 1485; x_wconf 94' lang='lat' dir='ltr'><strong>ep.</strong></span> <span class='ocrx_word' id='word_1_104' title='bbox 446 1408 504 1468; x_wconf 92' lang='lat' dir='ltr'><strong>XII</strong></span> <span class='ocrx_word' id='word_1_105' title='bbox 526 1410 580 1484; x_wconf 92' lang='grc'>14,</span> <span class='ocrx_word' id='word_1_106' title='bbox 600 1411 618 1468; x_wconf 94' lang='grc'>2</span> <span class='ocrx_word' id='word_1_107' title='bbox 644 1407 726 1469; x_wconf 83' lang='lat' dir='ltr'><strong>(laes.</strong></span> <span class='ocrx_word' id='word_1_108' title='bbox 745 1409 772 1468; x_wconf 93' lang='lat' dir='ltr'><strong>b.</strong></span> <span class='ocrx_word' id='word_1_109' title='bbox 793 1428 816 1468; x_wconf 89' lang='lat' dir='ltr'><strong>o.</strong></span> <span class='ocrx_word' id='word_1_110' title='bbox 836 1409 882 1469; x_wconf 92' lang='lat' dir='ltr'><strong>III</strong></span> <span class='ocrx_word' id='word_1_111' title='bbox 902 1401 958 1492; x_wconf 85' lang='grc'><strong>27)</strong></span> <span class='ocrx_word' id='word_1_112' title='bbox 986 1410 1179 1487; x_wconf 86' lang='lat' dir='ltr'><strong>impedimur,</strong></span> <span class='ocrx_word' id='word_1_113' title='bbox 1205 1413 1329 1499; x_wconf 81' lang='lat' dir='ltr'><strong>propina</strong></span> 
     </span>
     <span class='ocr_line' id='line_1_13' title="bbox 179 1497 1330 1580; baseline 0.001 -21"><span class='ocrx_word' id='word_1_114' title='bbox 179 1519 246 1559; x_wconf 90' lang='lat' dir='ltr'><strong>cum</strong></span> <span class='ocrx_word' id='word_1_115' title='bbox 273 1497 350 1558; x_wconf 90' lang='lat' dir='ltr'><strong>illud</strong></span> <span class='ocrx_word' id='word_1_116' title='bbox 378 1498 457 1559; x_wconf 88' lang='lat' dir='ltr'><strong>absit</strong></span> <span class='ocrx_word' id='word_1_117' title='bbox 484 1517 503 1557; x_wconf 90' lang='lat' dir='ltr'><strong>a</strong></span> <span class='ocrx_word' id='word_1_118' title='bbox 529 1498 651 1558; x_wconf 82' lang='lat' dir='ltr'><strong>tradib&#39;s</strong></span> <span class='ocrx_word' id='word_1_119' title='bbox 674 1502 705 1559; x_wconf 93' lang='lat' dir='ltr'><strong>et</strong></span> <span class='ocrx_word' id='word_1_120' title='bbox 727 1498 936 1559; x_wconf 87' lang='lat' dir='ltr'><strong>historicorum</strong></span> <span class='ocrx_word' id='word_1_121' title='bbox 958 1500 1118 1560; x_wconf 76' lang='lat' dir='ltr'><strong>memoriae</strong></span> <span class='ocrx_word' id='word_1_122' title='bbox 1142 1500 1238 1580; x_wconf 83' lang='lat' dir='ltr'><strong>magis</strong></span> <span class='ocrx_word' id='word_1_123' title='bbox 1260 1520 1330 1561; x_wconf 90' lang='lat' dir='ltr'><strong>oon·</strong></span> 
     </span>
     <span class='ocr_line' id='line_1_14' title="bbox 179 1584 1330 1668; baseline 0.002 -20"><span class='ocrx_word' id='word_1_124' title='bbox 179 1608 301 1668; x_wconf 89' lang='lat' dir='ltr'><strong>gruens:</strong></span> <span class='ocrx_word' id='word_1_125' title='bbox 321 1588 460 1648; x_wconf 91' lang='lat' dir='ltr'><strong>similiter</strong></span> <span class='ocrx_word' id='word_1_126' title='bbox 478 1587 629 1649; x_wconf 88' lang='lat' dir='ltr'><strong>quenalis</strong></span> <span class='ocrx_word' id='word_1_127' title='bbox 643 1587 688 1648; x_wconf 86' lang='lat' dir='ltr'><strong>VI</strong></span> <span class='ocrx_word' id='word_1_128' title='bbox 706 1589 748 1648; x_wconf 82' lang='grc'><strong>48</strong></span> <span class='ocrx_word' id='word_1_129' title='bbox 769 1584 918 1649; x_wconf 83' lang='lat' dir='ltr'><strong>‘auratam</strong></span> <span class='ocrx_word' id='word_1_130' title='bbox 936 1587 1045 1649; x_wconf 91' lang='lat' dir='ltr'><strong>Iunoni</strong></span> <span class='ocrx_word' id='word_1_131' title='bbox 1064 1590 1152 1650; x_wconf 89' lang='lat' dir='ltr'><strong>caede</strong></span> <span class='ocrx_word' id='word_1_132' title='bbox 1171 1592 1330 1651; x_wconf 83' lang='lat' dir='ltr'><strong>iuuencum</strong></span> 
     </span>
     <span class='ocr_line' id='line_1_15' title="bbox 179 1677 1329 1757; baseline 0.001 -18"><span class='ocrx_word' id='word_1_133' title='bbox 179 1681 206 1739; x_wconf 90' lang='lat' dir='ltr'><strong>si</strong></span> <span class='ocrx_word' id='word_1_134' title='bbox 237 1678 294 1738; x_wconf 88' lang='lat' dir='ltr'><strong>tibi</strong></span> <span class='ocrx_word' id='word_1_135' title='bbox 326 1679 486 1757; x_wconf 84' lang='lat' dir='ltr'><strong>eontigerit</strong></span> <span class='ocrx_word' id='word_1_136' title='bbox 507 1677 616 1754; x_wconf 88' lang='lat' dir='ltr'><strong>cepitis</strong></span> <span class='ocrx_word' id='word_1_137' title='bbox 645 1679 784 1739; x_wconf 88' lang='lat' dir='ltr'><strong>matrona</strong></span> <span class='ocrx_word' id='word_1_138' title='bbox 812 1678 922 1757; x_wconf 87' lang='lat' dir='ltr'><strong>pudici.</strong></span> <span class='ocrx_word' id='word_1_139' title='bbox 972 1697 1085 1757; x_wconf 80' lang='lat' dir='ltr'><strong>paucae</strong></span> <span class='ocrx_word' id='word_1_140' title='bbox 1113 1679 1186 1740; x_wconf 87' lang='lat' dir='ltr'><strong>adeo</strong></span> <span class='ocrx_word' id='word_1_141' title='bbox 1215 1680 1329 1741; x_wconf 81' lang='lat' dir='ltr'><strong>Cereris</strong></span> 
     </span>
     <span class='ocr_line' id='line_1_16' title="bbox 179 1761 1333 1852; baseline 0 -24"><span class='ocrx_word' id='word_1_142' title='bbox 179 1770 273 1829; x_wconf 88' lang='lat' dir='ltr'><strong>uittas</strong></span> <span class='ocrx_word' id='word_1_143' title='bbox 301 1770 472 1848; x_wconf 88' lang='lat' dir='ltr'><strong>contingere</strong></span> <span class='ocrx_word' id='word_1_144' title='bbox 499 1767 608 1847; x_wconf 79' lang='lat' dir='ltr'><strong>dignae</strong></span> <span class='ocrx_word' id='word_1_145' title='bbox 636 1787 761 1846; x_wconf 85' lang='lat' dir='ltr'><strong>quarum</strong></span> <span class='ocrx_word' id='word_1_146' title='bbox 789 1787 849 1828; x_wconf 93' lang='lat' dir='ltr'><strong>non</strong></span> <span class='ocrx_word' id='word_1_147' title='bbox 875 1768 981 1830; x_wconf 87' lang='lat' dir='ltr'><strong>timeat</strong></span> <span class='ocrx_word' id='word_1_148' title='bbox 1007 1772 1095 1846; x_wconf 85' lang='lat' dir='ltr'><strong>pater</strong></span> <span class='ocrx_word' id='word_1_149' title='bbox 1122 1770 1223 1830; x_wconf 88' lang='lat' dir='ltr'><strong>oscula</strong></span> <span class='ocrx_word' id='word_1_150' title='bbox 1245 1761 1333 1852; x_wconf 89' lang='lat' dir='ltr'><strong>(conf</strong></span> 
     </span>
     <span class='ocr_line' id='line_1_17' title="bbox 181 1849 1330 1938; baseline -0.001 -19"><span class='ocrx_word' id='word_1_151' title='bbox 181 1861 242 1919; x_wconf 90' lang='lat'><strong>301</strong></span> <span class='ocrx_word' id='word_1_152' title='bbox 267 1858 294 1917; x_wconf 99' lang='lat' dir='ltr'>X</span> <span class='ocrx_word' id='word_1_153' title='bbox 319 1849 397 1938; x_wconf 88' lang='grc'>238)</span> <span class='ocrx_word' id='word_1_154' title='bbox 432 1856 485 1917; x_wconf 91' lang='lat' dir='ltr'><strong>ubi</strong></span> <span class='ocrx_word' id='word_1_155' title='bbox 515 1857 647 1918; x_wconf 88' lang='lat' dir='ltr'><strong>Martial.</strong></span> <span class='ocrx_word' id='word_1_156' title='bbox 669 1858 686 1917; x_wconf 97' lang='grc' dir='ltr'>Ι</span> <span class='ocrx_word' id='word_1_157' title='bbox 710 1860 751 1918; x_wconf 86' lang='grc'><strong>94</strong></span> <span class='ocrx_word' id='word_1_158' title='bbox 774 1857 834 1918; x_wconf 87' lang='lat' dir='ltr'><strong>XII</strong></span> <span class='ocrx_word' id='word_1_159' title='bbox 857 1859 897 1918; x_wconf 87' lang='lat'><strong>55</strong></span> <span class='ocrx_word' id='word_1_160' title='bbox 939 1858 1037 1919; x_wconf 80' lang='lat' dir='ltr'><strong>adfert</strong></span> <span class='ocrx_word' id='word_1_161' title='bbox 1074 1859 1330 1920; x_wconf 85' lang='lat' dir='ltr'><strong>Friedlaenderus.</strong></span> 
     </span>
     <span class='ocr_line' id='line_1_18' title="bbox 179 1946 1329 2026; baseline 0.001 -19"><span class='ocrx_word' id='word_1_162' title='bbox 179 1948 310 2024; x_wconf 82' lang='lat' dir='ltr'><strong>Spurcus</strong></span> <span class='ocrx_word' id='word_1_163' title='bbox 343 1946 469 2025; x_wconf 89' lang='lat' dir='ltr'><strong>denique</strong></span> <span class='ocrx_word' id='word_1_164' title='bbox 502 1949 621 2026; x_wconf 89' lang='lat' dir='ltr'><strong>proprie</strong></span> <span class='ocrx_word' id='word_1_165' title='bbox 653 1950 699 2010; x_wconf 90' lang='lat' dir='ltr'><strong>est</strong></span> <span class='ocrx_word' id='word_1_166' title='bbox 730 1949 871 2008; x_wconf 90' lang='lat' dir='ltr'><strong>lenonum</strong></span> <span class='ocrx_word' id='word_1_167' title='bbox 898 1951 928 2008; x_wconf 93' lang='lat' dir='ltr'><strong>et</strong></span> <span class='ocrx_word' id='word_1_168' title='bbox 959 1951 1125 2011; x_wconf 87' lang='lat' dir='ltr'><strong>scortorum</strong></span> <span class='ocrx_word' id='word_1_169' title='bbox 1151 1949 1329 2010; x_wconf 89' lang='lat' dir='ltr'><strong>uocabulum</strong></span> 
     </span>
     <span class='ocr_line' id='line_1_19' title="bbox 181 2032 1330 2116; baseline -0.001 -18"><span class='ocrx_word' id='word_1_170' title='bbox 181 2037 287 2098; x_wconf 80' lang='lat' dir='ltr'><strong>CILI</strong></span> <span class='ocrx_word' id='word_1_171' title='bbox 308 2038 392 2096; x_wconf 83' lang='lat'>1418</span> <span class='ocrx_word' id='word_1_172' title='bbox 422 2032 503 2114; x_wconf 82' lang='lat' dir='ltr'><strong>‘quei</strong></span> <span class='ocrx_word' id='word_1_173' title='bbox 531 2040 687 2114; x_wconf 87' lang='lat' dir='ltr'><strong>quaestum</strong></span> <span class='ocrx_word' id='word_1_174' title='bbox 714 2057 853 2116; x_wconf 89' lang='lat' dir='ltr'><strong>spurcum</strong></span> <span class='ocrx_word' id='word_1_175' title='bbox 880 2039 1007 2115; x_wconf 82' lang='lat' dir='ltr'><strong>professi</strong></span> <span class='ocrx_word' id='word_1_176' title='bbox 1035 2033 1144 2099; x_wconf 87' lang='lat' dir='ltr'><strong>essent&#39;</strong></span> <span class='ocrx_word' id='word_1_177' title='bbox 1168 2037 1330 2098; x_wconf 78' lang='lat' dir='ltr'><strong>MartialI</strong></span> 
     </span>
     <span class='ocr_line' id='line_1_20' title="bbox 181 2121 1331 2205; baseline 0.001 -19"><span class='ocrx_word' id='word_1_178' title='bbox 181 2127 275 2203; x_wconf 82' lang='grc'>34,8</span> <span class='ocrx_word' id='word_1_179' title='bbox 301 2121 498 2186; x_wconf 80' lang='lat' dir='ltr'><strong>‘abscondunt</strong></span> <span class='ocrx_word' id='word_1_180' title='bbox 525 2146 646 2204; x_wconf 88' lang='lat' dir='ltr'><strong>spurcas</strong></span> <span class='ocrx_word' id='word_1_181' title='bbox 674 2129 705 2187; x_wconf 89' lang='lat' dir='ltr'><strong>et</strong></span> <span class='ocrx_word' id='word_1_182' title='bbox 731 2131 923 2188; x_wconf 86' lang='lat' dir='ltr'><strong>monumenta</strong></span> <span class='ocrx_word' id='word_1_183' title='bbox 950 2123 1049 2205; x_wconf 88' lang='lat' dir='ltr'><strong>lupas&#39;</strong></span> <span class='ocrx_word' id='word_1_184' title='bbox 1072 2127 1118 2188; x_wconf 85' lang='lat' dir='ltr'><strong>IV</strong></span> <span class='ocrx_word' id='word_1_185' title='bbox 1136 2129 1209 2203; x_wconf 88' lang='grc'><strong>4,9</strong></span> <span class='ocrx_word' id='word_1_186' title='bbox 1239 2123 1331 2205; x_wconf 90' lang='lat' dir='ltr'><strong>‘quod</strong></span> 
     </span>
     <span class='ocr_line' id='line_1_21' title="bbox 180 2213 1331 2295; baseline 0 -19"><span class='ocrx_word' id='word_1_187' title='bbox 180 2236 303 2294; x_wconf 89' lang='lat' dir='ltr'><strong>spurcae</strong></span> <span class='ocrx_word' id='word_1_188' title='bbox 327 2217 455 2276; x_wconf 91' lang='lat' dir='ltr'><strong>moriens</strong></span> <span class='ocrx_word' id='word_1_189' title='bbox 477 2215 599 2277; x_wconf 88' lang='lat' dir='ltr'><strong>lucerna</strong></span> <span class='ocrx_word' id='word_1_190' title='bbox 621 2213 745 2278; x_wconf 86' lang='lat' dir='ltr'><strong>Ledae’:</strong></span> <span class='ocrx_word' id='word_1_191' title='bbox 768 2217 821 2279; x_wconf 94' lang='lat' dir='ltr'><strong>sed</strong></span> <span class='ocrx_word' id='word_1_192' title='bbox 843 2219 898 2278; x_wconf 91' lang='lat' dir='ltr'><strong>hoe</strong></span> <span class='ocrx_word' id='word_1_193' title='bbox 918 2217 984 2278; x_wconf 88' lang='lat' dir='ltr'><strong>loeo</strong></span> <span class='ocrx_word' id='word_1_194' title='bbox 1003 2217 1042 2277; x_wconf 91' lang='lat' dir='ltr'><strong>ad</strong></span> <span class='ocrx_word' id='word_1_195' title='bbox 1060 2217 1181 2277; x_wconf 89' lang='lat' dir='ltr'><strong>odorem</strong></span> <span class='ocrx_word' id='word_1_196' title='bbox 1198 2219 1331 2295; x_wconf 87' lang='lat' dir='ltr'><strong>pertinet</strong></span> 
     </span>
     <span class='ocr_line' id='line_1_22' title="bbox 179 2301 1330 2385; baseline 0.001 -19"><span class='ocrx_word' id='word_1_197' title='bbox 179 2311 214 2366; x_wconf 92' lang='lat' dir='ltr'><strong>ut</strong></span> <span class='ocrx_word' id='word_1_198' title='bbox 240 2306 291 2366; x_wconf 93' lang='lat' dir='ltr'><strong>lib.</strong></span> <span class='ocrx_word' id='word_1_199' title='bbox 306 2305 436 2365; x_wconf 87' lang='lat' dir='ltr'>XXVIII</span> <span class='ocrx_word' id='word_1_200' title='bbox 463 2327 491 2366; x_wconf 90' lang='lat' dir='ltr'><strong>u.</strong></span> <span class='ocrx_word' id='word_1_201' title='bbox 508 2307 571 2366; x_wconf 82' lang='grc'><strong>798</strong></span> <span class='ocrx_word' id='word_1_202' title='bbox 601 2302 748 2385; x_wconf 80' lang='lat' dir='ltr'><strong>‘quaeque</strong></span> <span class='ocrx_word' id='word_1_203' title='bbox 775 2309 897 2384; x_wconf 88' lang='lat' dir='ltr'><strong>aspectu</strong></span> <span class='ocrx_word' id='word_1_204' title='bbox 929 2309 1000 2367; x_wconf 89' lang='lat' dir='ltr'><strong>eunt</strong></span> <span class='ocrx_word' id='word_1_205' title='bbox 1026 2325 1134 2385; x_wconf 91' lang='lat' dir='ltr'><strong>spurca</strong></span> <span class='ocrx_word' id='word_1_206' title='bbox 1161 2309 1191 2366; x_wconf 90' lang='lat' dir='ltr'><strong>et</strong></span> <span class='ocrx_word' id='word_1_207' title='bbox 1218 2301 1330 2367; x_wconf 88' lang='lat' dir='ltr'><strong>odore’.</strong></span> 
     </span>
     <span class='ocr_line' id='line_1_23' title="bbox 179 2396 1331 2476; baseline 0.003 -22"><span class='ocrx_word' id='word_1_208' title='bbox 179 2396 224 2456; x_wconf 92' lang='lat' dir='ltr'><strong>De</strong></span> <span class='ocrx_word' id='word_1_209' title='bbox 237 2399 359 2471; x_wconf 82' lang='lat' dir='ltr'><strong>praetor</strong></span> <span class='ocrx_word' id='word_1_210' title='bbox 377 2396 522 2456; x_wconf 91' lang='lat' dir='ltr'><strong>uocabulo</strong></span> <span class='ocrx_word' id='word_1_211' title='bbox 541 2398 656 2476; x_wconf 79' lang='lat' dir='ltr'><strong>egimus</strong></span> <span class='ocrx_word' id='word_1_212' title='bbox 676 2397 714 2458; x_wconf 92' lang='lat' dir='ltr'><strong>ad</strong></span> <span class='ocrx_word' id='word_1_213' title='bbox 731 2397 782 2457; x_wconf 91' lang='lat' dir='ltr'><strong>lib.</strong></span> <span class='ocrx_word' id='word_1_214' title='bbox 796 2397 869 2456; x_wconf 85' lang='lat' dir='ltr'><strong>XIV</strong></span> <span class='ocrx_word' id='word_1_215' title='bbox 882 2417 910 2456; x_wconf 92' lang='lat' dir='ltr'><strong>u.</strong></span> <span class='ocrx_word' id='word_1_216' title='bbox 926 2398 1000 2471; x_wconf 87' lang='grc'>467,</span> <span class='ocrx_word' id='word_1_217' title='bbox 1019 2396 1054 2456; x_wconf 94' lang='lat' dir='ltr'><strong>de</strong></span> <span class='ocrx_word' id='word_1_218' title='bbox 1072 2396 1176 2457; x_wconf 88' lang='lat' dir='ltr'><strong>scortis</strong></span> <span class='ocrx_word' id='word_1_219' title='bbox 1190 2396 1331 2458; x_wconf 90' lang='lat' dir='ltr'><strong>masculis</strong></span> 
     </span>
     <span class='ocr_line' id='line_1_24' title="bbox 180 2484 1331 2564; baseline 0.001 -19"><span class='ocrx_word' id='word_1_220' title='bbox 180 2489 211 2545; x_wconf 94' lang='lat' dir='ltr'><strong>in</strong></span> <span class='ocrx_word' id='word_1_221' title='bbox 239 2487 425 2564; x_wconf 90' lang='lat' dir='ltr'><strong>prouinciam</strong></span> <span class='ocrx_word' id='word_1_222' title='bbox 453 2485 589 2546; x_wconf 85' lang='lat' dir='ltr'><strong>adductis</strong></span> <span class='ocrx_word' id='word_1_223' title='bbox 617 2486 656 2546; x_wconf 92' lang='lat' dir='ltr'><strong>ad</strong></span> <span class='ocrx_word' id='word_1_224' title='bbox 682 2487 733 2546; x_wconf 92' lang='lat' dir='ltr'><strong>lib.</strong></span> <span class='ocrx_word' id='word_1_225' title='bbox 747 2486 807 2546; x_wconf 86' lang='lat' dir='ltr'><strong>VII</strong></span> <span class='ocrx_word' id='word_1_226' title='bbox 825 2508 853 2546; x_wconf 86' lang='lat' dir='ltr'><strong>u.</strong></span> <span class='ocrx_word' id='word_1_227' title='bbox 870 2487 942 2546; x_wconf 82' lang='lat'>273.</span> <span class='ocrx_word' id='word_1_228' title='bbox 990 2486 1138 2563; x_wconf 77' lang='lat' dir='ltr'><strong>Scipionis</strong></span> <span class='ocrx_word' id='word_1_229' title='bbox 1167 2484 1331 2546; x_wconf 86' lang='lat' dir='ltr'><strong>Aemiliani</strong></span> 
     </span>
     <span class='ocr_line' id='line_1_25' title="bbox 180 2574 1330 2654; baseline -0.002 -18"><span class='ocrx_word' id='word_1_230' title='bbox 180 2576 260 2654; x_wconf 92' lang='lat' dir='ltr'><strong>apud</strong></span> <span class='ocrx_word' id='word_1_231' title='bbox 283 2575 478 2635; x_wconf 84' lang='lat' dir='ltr'><strong>Numantiam</strong></span> <span class='ocrx_word' id='word_1_232' title='bbox 506 2576 591 2635; x_wconf 90' lang='lat' dir='ltr'><strong>illam</strong></span> <span class='ocrx_word' id='word_1_233' title='bbox 619 2577 808 2654; x_wconf 88' lang='lat' dir='ltr'><strong>disciplinam</strong></span> <span class='ocrx_word' id='word_1_234' title='bbox 835 2574 907 2635; x_wconf 94' lang='lat' dir='ltr'><strong>belli</strong></span> <span class='ocrx_word' id='word_1_235' title='bbox 934 2575 1106 2654; x_wconf 83' lang='lat' dir='ltr'><strong>Iugurthini</strong></span> <span class='ocrx_word' id='word_1_236' title='bbox 1129 2577 1262 2652; x_wconf 89' lang='lat' dir='ltr'><strong>tempore</strong></span> <span class='ocrx_word' id='word_1_237' title='bbox 1285 2576 1330 2634; x_wconf 94' lang='lat' dir='ltr'><strong>in-</strong></span> 
     </span>
     <span class='ocr_line' id='line_1_26' title="bbox 180 2663 1327 2744; baseline 0 -19"><span class='ocrx_word' id='word_1_238' title='bbox 180 2667 284 2744; x_wconf 87' lang='lat' dir='ltr'><strong>primis</strong></span> <span class='ocrx_word' id='word_1_239' title='bbox 302 2667 457 2725; x_wconf 86' lang='lat' dir='ltr'><strong>reuocauit</strong></span> <span class='ocrx_word' id='word_1_240' title='bbox 473 2667 506 2724; x_wconf 92' lang='lat' dir='ltr'><strong>in</strong></span> <span class='ocrx_word' id='word_1_241' title='bbox 523 2668 699 2726; x_wconf 86' lang='lat' dir='ltr'><strong>memoriam</strong></span> <span class='ocrx_word' id='word_1_242' title='bbox 717 2665 750 2736; x_wconf 88' lang='lat' dir='ltr'><strong>Q.</strong></span> <span class='ocrx_word' id='word_1_243' title='bbox 764 2665 879 2726; x_wconf 86' lang='lat' dir='ltr'><strong>Metelli</strong></span> <span class='ocrx_word' id='word_1_244' title='bbox 895 2665 1001 2725; x_wconf 91' lang='lat' dir='ltr'><strong>similis</strong></span> <span class='ocrx_word' id='word_1_245' title='bbox 1015 2663 1168 2724; x_wconf 87' lang='lat' dir='ltr'><strong>Numidici</strong></span> <span class='ocrx_word' id='word_1_246' title='bbox 1181 2665 1327 2725; x_wconf 82' lang='lat' dir='ltr'><strong>exercitus</strong></span> 
     </span>
     <span class='ocr_line' id='line_1_27' title="bbox 180 2754 1331 2832; baseline -0.001 -17"><span class='ocrx_word' id='word_1_247' title='bbox 180 2755 334 2815; x_wconf 88' lang='lat' dir='ltr'><strong>coercendi</strong></span> <span class='ocrx_word' id='word_1_248' title='bbox 361 2756 440 2814; x_wconf 88' lang='lat' dir='ltr'><strong>ratio</strong></span> <span class='ocrx_word' id='word_1_249' title='bbox 467 2774 527 2832; x_wconf 87' lang='lat' dir='ltr'><strong>que</strong></span> <span class='ocrx_word' id='word_1_250' title='bbox 557 2755 669 2816; x_wconf 89' lang='lat' dir='ltr'><strong>milites</strong></span> <span class='ocrx_word' id='word_1_251' title='bbox 699 2755 868 2817; x_wconf 88' lang='lat' dir='ltr'><strong>incredibili</strong></span> <span class='ocrx_word' id='word_1_252' title='bbox 894 2754 1013 2814; x_wconf 84' lang='lat' dir='ltr'><strong>luxuria</strong></span> <span class='ocrx_word' id='word_1_253' title='bbox 1040 2756 1194 2831; x_wconf 91' lang='lat' dir='ltr'><strong>corruptos</strong></span> <span class='ocrx_word' id='word_1_254' title='bbox 1222 2755 1331 2814; x_wconf 87' lang='lat' dir='ltr'><strong>acriter</strong></span> 
     </span>
     <span class='ocr_line' id='line_1_28' title="bbox 181 2835 878 2927; baseline -0.001 -22"><span class='ocrx_word' id='word_1_255' title='bbox 181 2846 344 2925; x_wconf 73' lang='lat' dir='ltr'><strong>castigarat</strong></span> <span class='ocrx_word' id='word_1_256' title='bbox 366 2845 530 2922; x_wconf 86' lang='lat' dir='ltr'><strong>imperator</strong></span> <span class='ocrx_word' id='word_1_257' title='bbox 547 2835 629 2926; x_wconf 82' lang='lat' dir='ltr'><strong>(Vel.</strong></span> <span class='ocrx_word' id='word_1_258' title='bbox 643 2845 720 2905; x_wconf 84' lang='lat' dir='ltr'><strong>Max.</strong></span> <span class='ocrx_word' id='word_1_259' title='bbox 735 2845 766 2904; x_wconf 90' lang='lat' dir='ltr'><strong>H</strong></span> <span class='ocrx_word' id='word_1_260' title='bbox 787 2848 814 2923; x_wconf 86' lang='lat'><strong>7,</strong></span> <span class='ocrx_word' id='word_1_261' title='bbox 836 2837 878 2927; x_wconf 85' lang='grc'><strong>2).</strong></span> 
     </span>
    </p>

    <p class='ocr_par' dir='ltr' id='par_1_3' title="bbox 180 2926 1331 3283">
     <span class='ocr_line' id='line_1_29' title="bbox 270 2926 1331 3013; baseline -0.001 -19"><span class='ocrx_word' id='word_1_262' title='bbox 270 2926 354 2995; x_wconf 79' lang='lat'><strong>400.</strong></span> <span class='ocrx_word' id='word_1_263' title='bbox 386 2933 502 2994; x_wconf 89' lang='lat' dir='ltr'><strong>Nonius</strong></span> <span class='ocrx_word' id='word_1_264' title='bbox 534 2954 569 2994; x_wconf 83' lang='lat' dir='ltr'><strong>ex</strong></span> <span class='ocrx_word' id='word_1_265' title='bbox 606 2936 802 3013; x_wconf 81' lang='lat' dir='ltr'><strong>grammatico</strong></span> <span class='ocrx_word' id='word_1_266' title='bbox 834 2954 862 3012; x_wconf 91' lang='lat' dir='ltr'><strong>p.</strong></span> <span class='ocrx_word' id='word_1_267' title='bbox 884 2936 961 3009; x_wconf 92' lang='grc'>212,</span> <span class='ocrx_word' id='word_1_268' title='bbox 987 2933 1006 2992; x_wconf 82' lang='grc'>8</span> <span class='ocrx_word' id='word_1_269' title='bbox 1041 2927 1192 2993; x_wconf 80' lang='lat' dir='ltr'><strong>‘Latrinas</strong></span> <span class='ocrx_word' id='word_1_270' title='bbox 1224 2951 1331 3012; x_wconf 86' lang='lat' dir='ltr'><strong>genere</strong></span> 
     </span>
     <span class='ocr_line' id='line_1_30' title="bbox 180 3022 1331 3102; baseline -0.002 -18"><span class='ocrx_word' id='word_1_271' title='bbox 180 3026 331 3085; x_wconf 86' lang='lat' dir='ltr'><strong>feminino.</strong></span> <span class='ocrx_word' id='word_1_272' title='bbox 378 3025 409 3085; x_wconf 91' lang='lat' dir='ltr'><strong>et</strong></span> <span class='ocrx_word' id='word_1_273' title='bbox 432 3026 477 3084; x_wconf 90' lang='lat' dir='ltr'><strong>est</strong></span> <span class='ocrx_word' id='word_1_274' title='bbox 499 3024 650 3084; x_wconf 88' lang='lat' dir='ltr'><strong>lauatrina</strong></span> <span class='ocrx_word' id='word_1_275' title='bbox 673 3025 753 3102; x_wconf 91' lang='lat' dir='ltr'><strong>quod</strong></span> <span class='ocrx_word' id='word_1_276' title='bbox 776 3044 853 3085; x_wconf 91' lang='lat' dir='ltr'><strong>nunc</strong></span> <span class='ocrx_word' id='word_1_277' title='bbox 874 3023 1014 3084; x_wconf 84' lang='lat' dir='ltr'><strong>balneum</strong></span> <span class='ocrx_word' id='word_1_278' title='bbox 1037 3023 1155 3082; x_wconf 89' lang='lat' dir='ltr'><strong>dieitur.</strong></span> <span class='ocrx_word' id='word_1_279' title='bbox 1196 3022 1331 3082; x_wconf 87' lang='lat' dir='ltr'><strong>Lucilius</strong></span> 
     </span>
     <span class='ocr_line' id='line_1_31' title="bbox 180 3104 1329 3196; baseline -0.003 -21"><span class='ocrx_word' id='word_1_280' title='bbox 180 3115 231 3175; x_wconf 90' lang='lat' dir='ltr'><strong>lib.</strong></span> <span class='ocrx_word' id='word_1_281' title='bbox 250 3114 293 3174; x_wconf 96' lang='lat' dir='ltr'><strong>XI</strong></span> <span class='ocrx_word' id='word_1_282' title='bbox 327 3109 403 3191; x_wconf 86' lang='lat' dir='ltr'><strong>“qui</strong></span> <span class='ocrx_word' id='word_1_283' title='bbox 423 3159 429 3171; x_wconf 91' lang='lat'><strong>.</strong></span> <span class='ocrx_word' id='word_1_284' title='bbox 451 3160 456 3172; x_wconf 94' lang='lat'>.</span> <span class='ocrx_word' id='word_1_285' title='bbox 479 3159 485 3172; x_wconf 93' lang='lat'>.</span> <span class='ocrx_word' id='word_1_286' title='bbox 511 3108 670 3189; x_wconf 53' lang='lat' dir='ltr'><strong>laepuce’&amp;</strong></span> <span class='ocrx_word' id='word_1_287' title='bbox 718 3107 817 3196; x_wconf 73' lang='grc' dir='ltr'><strong>(ἰαιιμι</strong></span> <span class='ocrx_word' id='word_1_288' title='bbox 843 3113 925 3173; x_wconf 91' lang='lat' dir='ltr'><strong>Lm.</strong></span> <span class='ocrx_word' id='word_1_289' title='bbox 943 3104 985 3194; x_wconf 90' lang='lat'><strong>1.)</strong></span> <span class='ocrx_word' id='word_1_290' title='bbox 1035 3112 1148 3172; x_wconf 77' lang='lat' dir='ltr'><strong>Neutro</strong></span> <span class='ocrx_word' id='word_1_291' title='bbox 1174 3106 1329 3172; x_wconf 91' lang='lat' dir='ltr'><strong>Laberius&#39;</strong></span> 
     </span>
     <span class='ocr_line' id='line_1_32' title="bbox 181 3201 1330 3283; baseline -0.004 -19"><span class='ocrx_word' id='word_1_292' title='bbox 181 3226 205 3264; x_wconf 86' lang='lat' dir='ltr'><strong>e.</strong></span> <span class='ocrx_word' id='word_1_293' title='bbox 220 3226 248 3283; x_wconf 93' lang='lat' dir='ltr'><strong>q.</strong></span> <span class='ocrx_word' id='word_1_294' title='bbox 263 3224 284 3264; x_wconf 93' lang='lat' dir='ltr'><strong>s.</strong></span> <span class='ocrx_word' id='word_1_295' title='bbox 331 3204 483 3264; x_wconf 89' lang='lat' dir='ltr'><strong>Pertinere</strong></span> <span class='ocrx_word' id='word_1_296' title='bbox 506 3203 578 3264; x_wconf 91' lang='lat' dir='ltr'><strong>haec</strong></span> <span class='ocrx_word' id='word_1_297' title='bbox 601 3204 693 3263; x_wconf 89' lang='lat' dir='ltr'><strong>uerba</strong></span> <span class='ocrx_word' id='word_1_298' title='bbox 716 3204 846 3264; x_wconf 89' lang='lat' dir='ltr'><strong>arbitror</strong></span> <span class='ocrx_word' id='word_1_299' title='bbox 868 3203 907 3263; x_wconf 85' lang='lat' dir='ltr'><strong>ad</strong></span> <span class='ocrx_word' id='word_1_300' title='bbox 930 3202 1079 3280; x_wconf 90' lang='lat' dir='ltr'><strong>Scipionis</strong></span> <span class='ocrx_word' id='word_1_301' title='bbox 1109 3201 1248 3275; x_wconf 85' lang='lat' dir='ltr'><strong>edictum,</strong></span> <span class='ocrx_word' id='word_1_302' title='bbox 1271 3221 1330 3278; x_wconf 91' lang='lat' dir='ltr'><strong>quo</strong></span> 
     </span>
    </p>
   </div>
   <div class='ocr_carea' id='block_1_3' title="bbox 181 3286 1441 3374">
    <p class='ocr_par' dir='ltr' id='par_1_4' title="bbox 181 3286 1441 3374">
     <span class='ocr_line' id='line_1_33' title="bbox 181 3286 1441 3374; baseline -0.006 -19"><span class='ocrx_word' id='word_1_303' title='bbox 181 3296 217 3355; x_wconf 92' lang='lat' dir='ltr'><strong>de</strong></span> <span class='ocrx_word' id='word_1_304' title='bbox 230 3294 346 3354; x_wconf 88' lang='lat' dir='ltr'><strong>balneis</strong></span> <span class='ocrx_word' id='word_1_305' title='bbox 364 3293 521 3352; x_wconf 87' lang='lat' dir='ltr'><strong>interdixit</strong></span> <span class='ocrx_word' id='word_1_306' title='bbox 538 3293 698 3354; x_wconf 88' lang='lat' dir='ltr'><strong>militibus:</strong></span> <span class='ocrx_word' id='word_1_307' title='bbox 717 3286 896 3374; x_wconf 85' lang='lat' dir='ltr'><strong>[Plutarch]</strong></span> <span class='ocrx_word' id='word_1_308' title='bbox 908 3293 1098 3371; x_wconf 87' lang='lat' dir='ltr'><strong>apopthegm.</strong></span> <span class='ocrx_word' id='word_1_309' title='bbox 1110 3290 1188 3368; x_wconf 89' lang='lat' dir='ltr'><strong>Scip.</strong></span> <span class='ocrx_word' id='word_1_310' title='bbox 1203 3292 1274 3350; x_wconf 89' lang='lat' dir='ltr'><strong>min.</strong></span> <span class='ocrx_word' id='word_1_311' title='bbox 1290 3291 1329 3349; x_wconf 95' lang='grc'>16</span> <span class='ocrx_word' id='word_1_312' title='bbox 1439 3334 1441 3337; x_wconf 88' lang='grc'>-</span> 
     </span>
    </p>
   </div>
   <div class='ocr_carea' id='block_1_4' title="bbox 181 3376 1332 4088">
    <p class='ocr_par' dir='ltr' id='par_1_5' title="bbox 181 3376 1332 4088">
     <span class='ocr_line' id='line_1_34' title="bbox 182 3376 1331 3462; baseline -0.005 -18"><span class='ocrx_word' id='word_1_313' title='bbox 182 3406 210 3462; x_wconf 92' lang='lat' dir='ltr'><strong>p.</strong></span> <span class='ocrx_word' id='word_1_314' title='bbox 227 3382 329 3444; x_wconf 81' lang='lat'>2010</span> <span class='ocrx_word' id='word_1_315' title='bbox 353 3381 496 3443; x_wconf 81' lang='grc' dir='ltr'><strong>λούεσθαι</strong></span> <span class='ocrx_word' id='word_1_316' title='bbox 519 3378 551 3444; x_wconf 76' lang='grc' dir='ltr'><strong>δὲ</strong></span> <span class='ocrx_word' id='word_1_317' title='bbox 574 3378 689 3462; x_wconf 77' lang='grc' dir='ltr'><strong>ἀπεῖπε,</strong></span> <span class='ocrx_word' id='word_1_318' title='bbox 711 3391 770 3442; x_wconf 84' lang='grc' dir='ltr'><strong>τῶν</strong></span> <span class='ocrx_word' id='word_1_319' title='bbox 793 3378 825 3443; x_wconf 70' lang='grc' dir='ltr'><strong>δὲ</strong></span> <span class='ocrx_word' id='word_1_320' title='bbox 850 3377 1054 3460; x_wconf 71' lang='grc' dir='ltr'><strong>ἀλειφομένων</strong></span> <span class='ocrx_word' id='word_1_321' title='bbox 1080 3379 1190 3460; x_wconf 78' lang='grc' dir='ltr'><strong>τρίβειν</strong></span> <span class='ocrx_word' id='word_1_322' title='bbox 1208 3376 1331 3441; x_wconf 69' lang='grc' dir='ltr'><strong>ἕκαστον</strong></span> 
     </span>
     <span class='ocr_line' id='line_1_35' title="bbox 181 3467 1330 3553; baseline -0.005 -19"><span class='ocrx_word' id='word_1_323' title='bbox 181 3471 299 3536; x_wconf 74' lang='grc' dir='ltr'><strong>ἔαυτόν·</strong></span> <span class='ocrx_word' id='word_1_324' title='bbox 323 3470 357 3532; x_wconf 81' lang='grc' dir='ltr'><strong>τὰ</strong></span> <span class='ocrx_word' id='word_1_325' title='bbox 376 3470 432 3553; x_wconf 77' lang='grc' dir='ltr'><strong>γὰρ</strong></span> <span class='ocrx_word' id='word_1_326' title='bbox 451 3469 595 3553; x_wconf 72' lang='grc' dir='ltr'><strong>ὑποζύγια</strong></span> <span class='ocrx_word' id='word_1_327' title='bbox 612 3477 710 3553; x_wconf 81' lang='grc' dir='ltr'><strong>χεῖρας</strong></span> <span class='ocrx_word' id='word_1_328' title='bbox 729 3471 769 3552; x_wconf 70' lang='grc' dir='ltr'><strong>μὴ</strong></span> <span class='ocrx_word' id='word_1_329' title='bbox 788 3470 890 3552; x_wconf 76' lang='grc' dir='ltr'><strong>ἔχοντα</strong></span> <span class='ocrx_word' id='word_1_330' title='bbox 907 3467 1008 3552; x_wconf 73' lang='grc' dir='ltr'><strong>ἑτέρου</strong></span> <span class='ocrx_word' id='word_1_331' title='bbox 1025 3470 1184 3551; x_wconf 76' lang='grc' dir='ltr'><strong><em>τρίψοντος</em></strong></span> <span class='ocrx_word' id='word_1_332' title='bbox 1202 3469 1330 3530; x_wconf 83' lang='grc' dir='ltr'><strong>δεῖσθαι.</strong></span> 
     </span>
     <span class='ocr_line' id='line_1_36' title="bbox 181 3561 1331 3641; baseline -0.006 -17"><span class='ocrx_word' id='word_1_333' title='bbox 181 3563 271 3641; x_wconf 85' lang='lat' dir='ltr'><strong>Apud</strong></span> <span class='ocrx_word' id='word_1_334' title='bbox 302 3561 431 3641; x_wconf 86' lang='lat' dir='ltr'><strong>Appian.</strong></span> <span class='ocrx_word' id='word_1_335' title='bbox 454 3561 530 3622; x_wconf 91' lang='lat' dir='ltr'><strong>Iber.</strong></span> <span class='ocrx_word' id='word_1_336' title='bbox 555 3564 597 3621; x_wconf 87' lang='grc'><strong>85</strong></span> <span class='ocrx_word' id='word_1_337' title='bbox 630 3563 705 3623; x_wconf 91' lang='lat' dir='ltr'><strong>med.</strong></span> <span class='ocrx_word' id='word_1_338' title='bbox 730 3563 822 3622; x_wconf 88' lang='lat' dir='ltr'><strong>uerba</strong></span> <span class='ocrx_word' id='word_1_339' title='bbox 854 3564 994 3639; x_wconf 86' lang='lat' dir='ltr'><strong>corrupta</strong></span> <span class='ocrx_word' id='word_1_340' title='bbox 1025 3564 1096 3621; x_wconf 89' lang='lat' dir='ltr'><strong>sunt</strong></span> <span class='ocrx_word' id='word_1_341' title='bbox 1127 3563 1181 3619; x_wconf 92' lang='lat' dir='ltr'><strong>aut</strong></span> <span class='ocrx_word' id='word_1_342' title='bbox 1212 3577 1331 3618; x_wconf 90' lang='lat' dir='ltr'><strong>manca:</strong></span> 
     </span>
     <span class='ocr_line' id='line_1_37' title="bbox 181 3644 1332 3731; baseline -0.005 -19"><span class='ocrx_word' id='word_1_343' title='bbox 181 3650 285 3713; x_wconf 70' lang='lat' dir='ltr'><strong>desiere</strong></span> <span class='ocrx_word' id='word_1_344' title='bbox 323 3648 355 3712; x_wconf 76' lang='grc' dir='ltr'><strong>δὲ</strong></span> <span class='ocrx_word' id='word_1_345' title='bbox 391 3648 441 3711; x_wconf 77' lang='lat' dir='ltr'><strong>nol</strong></span> <span class='ocrx_word' id='word_1_346' title='bbox 473 3647 631 3724; x_wconf 77' lang='grc' dir='ltr'><strong>ὁδεύοντας</strong></span> <span class='ocrx_word' id='word_1_347' title='bbox 667 3648 802 3731; x_wconf 76' lang='grc' dir='ltr'><strong>ἡμιόνοις</strong></span> <span class='ocrx_word' id='word_1_348' title='bbox 834 3647 1063 3723; x_wconf 74' lang='grc' dir='ltr'><strong>ἐπικαθέζεσθαι</strong></span> <span class='ocrx_word' id='word_1_349' title='bbox 1181 3644 1239 3708; x_wconf 70' lang='lat' dir='ltr'><strong>adv</strong></span> <span class='ocrx_word' id='word_1_350' title='bbox 1270 3651 1332 3720; x_wconf 82' lang='grc' dir='ltr'><strong>τοῖς</strong></span> 
     </span>
     <span class='ocr_line' id='line_1_38' title="bbox 182 3728 1331 3821; baseline -0.007 -18"><span class='ocrx_word' id='word_1_351' title='bbox 182 3740 337 3819; x_wconf 79' lang='grc' dir='ltr'><strong>ἀλείμμασι</strong></span> <span class='ocrx_word' id='word_1_352' title='bbox 368 3737 418 3800; x_wconf 82' lang='grc' dir='ltr'><strong>καλ</strong></span> <span class='ocrx_word' id='word_1_353' title='bbox 451 3743 585 3820; x_wconf 82' lang='grc' dir='ltr'><strong>λουτροῖς</strong></span> <span class='ocrx_word' id='word_1_354' title='bbox 616 3738 740 3814; x_wconf 73' lang='grc' dir='ltr'><strong>ἑαυτοὺς</strong></span> <span class='ocrx_word' id='word_1_355' title='bbox 773 3739 916 3818; x_wconf 74' lang='grc' dir='ltr'><strong>ἀλείφειν·</strong></span> <span class='ocrx_word' id='word_1_356' title='bbox 951 3732 1090 3821; x_wconf 71' lang='grc' dir='ltr'><strong>(ἤλειφον</strong></span> <span class='ocrx_word' id='word_1_357' title='bbox 1122 3728 1241 3817; x_wconf 83' lang='lat' dir='ltr'><strong>uulgo),</strong></span> <span class='ocrx_word' id='word_1_358' title='bbox 1268 3732 1331 3796; x_wconf 76' lang='grc' dir='ltr'><strong>ἕτοι-</strong></span> 
     </span>
     <span class='ocr_line' id='line_1_39' title="bbox 182 3823 1332 3910; baseline -0.006 -18"><span class='ocrx_word' id='word_1_359' title='bbox 182 3830 368 3902; x_wconf 86' lang='grc' dir='ltr'><strong>σιιώτττοντος</strong></span> <span class='ocrx_word' id='word_1_360' title='bbox 400 3837 452 3889; x_wconf 83' lang='grc' dir='ltr'><strong>τοῦ</strong></span> <span class='ocrx_word' id='word_1_361' title='bbox 482 3828 654 3902; x_wconf 80' lang='grc' dir='ltr'><strong>Σκιπίωνος</strong></span> <span class='ocrx_word' id='word_1_362' title='bbox 691 3827 731 3903; x_wconf 85' lang='grc' dir='ltr'><strong>ὡς</strong></span> <span class='ocrx_word' id='word_1_363' title='bbox 767 3830 802 3891; x_wconf 78' lang='grc' dir='ltr'><strong>αἱ</strong></span> <span class='ocrx_word' id='word_1_364' title='bbox 834 3826 954 3910; x_wconf 84' lang='grc' dir='ltr'><strong>ἡμίονοι</strong></span> <span class='ocrx_word' id='word_1_365' title='bbox 989 3832 1087 3907; x_wconf 81' lang='grc' dir='ltr'><strong>χεῖρας</strong></span> <span class='ocrx_word' id='word_1_366' title='bbox 1122 3823 1178 3886; x_wconf 77' lang='lat' dir='ltr'><strong>oris</strong></span> <span class='ocrx_word' id='word_1_367' title='bbox 1214 3823 1332 3904; x_wconf 80' lang='grc' dir='ltr'><strong>ἔχουσαι</strong></span> 
     </span>
     <span class='ocr_line' id='line_1_40' title="bbox 181 3909 1332 4006; baseline -0.006 -26"><span class='ocrx_word' id='word_1_368' title='bbox 181 3915 321 4006; x_wconf 72' lang='grc' dir='ltr'><strong>χρῄζουσι</strong></span> <span class='ocrx_word' id='word_1_369' title='bbox 352 3914 522 3999; x_wconf 81' lang='grc' dir='ltr'><strong>τριβόντων.</strong></span> <span class='ocrx_word' id='word_1_370' title='bbox 568 3917 674 3997; x_wconf 90' lang='lat' dir='ltr'><strong>Itaque</strong></span> <span class='ocrx_word' id='word_1_371' title='bbox 706 3919 779 3981; x_wconf 89' lang='lat' dir='ltr'><strong>haec</strong></span> <span class='ocrx_word' id='word_1_372' title='bbox 811 3920 872 3980; x_wconf 90' lang='lat' dir='ltr'><strong>fere</strong></span> <span class='ocrx_word' id='word_1_373' title='bbox 904 3919 1022 3977; x_wconf 86' lang='lat' dir='ltr'><strong>dixerat</strong></span> <span class='ocrx_word' id='word_1_374' title='bbox 1044 3919 1146 3993; x_wconf 84' lang='lat' dir='ltr'><strong>poeta:</strong></span> <span class='ocrx_word' id='word_1_375' title='bbox 1175 3909 1256 3974; x_wconf 79' lang='lat' dir='ltr'><strong>‘narn</strong></span> <span class='ocrx_word' id='word_1_376' title='bbox 1280 3915 1332 3991; x_wconf 91' lang='lat' dir='ltr'><strong>qui</strong></span> 
     </span>
     <span class='ocr_line' id='line_1_41' title="bbox 182 4004 866 4088; baseline -0.006 -17"><span class='ocrx_word' id='word_1_377' title='bbox 182 4013 215 4071; x_wconf 91' lang='lat' dir='ltr'><strong>in</strong></span> <span class='ocrx_word' id='word_1_378' title='bbox 237 4010 350 4070; x_wconf 88' lang='lat' dir='ltr'><strong>latrina</strong></span> <span class='ocrx_word' id='word_1_379' title='bbox 372 4009 503 4088; x_wconf 77' lang='lat' dir='ltr'><strong>languet,</strong></span> <span class='ocrx_word' id='word_1_380' title='bbox 527 4007 561 4066; x_wconf 90' lang='lat' dir='ltr'><strong>fit</strong></span> <span class='ocrx_word' id='word_1_381' title='bbox 582 4009 683 4068; x_wconf 88' lang='lat' dir='ltr'><strong>mollis</strong></span> <span class='ocrx_word' id='word_1_382' title='bbox 706 4004 866 4070; x_wconf 89' lang='lat' dir='ltr'><strong>cinaedus’.</strong></span> 
     </span>
    </p>
   </div>
   <div class='ocr_carea' id='block_1_5' title="bbox 183 4088 1332 4536">
    <p class='ocr_par' dir='ltr' id='par_1_6' title="bbox 183 4088 1332 4536">
     <span class='ocr_line' id='line_1_42' title="bbox 273 4088 1331 4176; baseline -0.004 -18"><span class='ocrx_word' id='word_1_383' title='bbox 273 4088 475 4159; x_wconf 75' lang='lat' dir='ltr'><strong>fol-404.</strong></span> <span class='ocrx_word' id='word_1_384' title='bbox 496 4098 648 4159; x_wconf 76' lang='lat' dir='ltr'><strong>Charisius</strong></span> <span class='ocrx_word' id='word_1_385' title='bbox 667 4097 722 4158; x_wconf 84' lang='lat' dir='ltr'><strong>GL</strong></span> <span class='ocrx_word' id='word_1_386' title='bbox 740 4098 757 4157; x_wconf 97' lang='grc' dir='ltr'>Ι</span> <span class='ocrx_word' id='word_1_387' title='bbox 775 4120 803 4176; x_wconf 92' lang='lat' dir='ltr'><strong>p.</strong></span> <span class='ocrx_word' id='word_1_388' title='bbox 820 4100 871 4173; x_wconf 82' lang='lat'><strong>94,</strong></span> <span class='ocrx_word' id='word_1_389' title='bbox 893 4101 932 4158; x_wconf 89' lang='grc'>21</span> <span class='ocrx_word' id='word_1_390' title='bbox 950 4095 977 4155; x_wconf 88' lang='grc' dir='ltr'><strong>Κ</strong></span> <span class='ocrx_word' id='word_1_391' title='bbox 997 4091 1136 4155; x_wconf 80' lang='lat' dir='ltr'><strong>‘Forfices</strong></span> <span class='ocrx_word' id='word_1_392' title='bbox 1154 4096 1185 4153; x_wconf 88' lang='lat' dir='ltr'><strong>et</strong></span> <span class='ocrx_word' id='word_1_393' title='bbox 1203 4095 1331 4170; x_wconf 84' lang='lat' dir='ltr'><strong>forcipes</strong></span> 
     </span>
     <span class='ocr_line' id='line_1_43' title="bbox 183 4182 1332 4269; baseline -0.007 -19"><span class='ocrx_word' id='word_1_394' title='bbox 183 4189 305 4269; x_wconf 91' lang='lat' dir='ltr'><strong>quidam</strong></span> <span class='ocrx_word' id='word_1_395' title='bbox 328 4189 526 4268; x_wconf 87' lang='lat' dir='ltr'><strong>distinguunt.</strong></span> <span class='ocrx_word' id='word_1_396' title='bbox 553 4234 603 4246; x_wconf 92' lang='lat'><strong>...</strong></span> <span class='ocrx_word' id='word_1_397' title='bbox 623 4188 674 4248; x_wconf 91' lang='lat' dir='ltr'><strong>sed</strong></span> <span class='ocrx_word' id='word_1_398' title='bbox 696 4190 799 4265; x_wconf 86' lang='lat' dir='ltr'><strong>inepte</strong></span> <span class='ocrx_word' id='word_1_399' title='bbox 822 4187 895 4249; x_wconf 89' lang='lat' dir='ltr'><strong>haec</strong></span> <span class='ocrx_word' id='word_1_400' title='bbox 918 4205 980 4247; x_wconf 92' lang='lat' dir='ltr'><strong>esse</strong></span> <span class='ocrx_word' id='word_1_401' title='bbox 1002 4182 1136 4245; x_wconf 86' lang='lat' dir='ltr'><strong>Lucilius</strong></span> <span class='ocrx_word' id='word_1_402' title='bbox 1162 4182 1256 4258; x_wconf 69' lang='lat' dir='ltr'><strong>docet</strong></span> <span class='ocrx_word' id='word_1_403' title='bbox 1279 4184 1332 4261; x_wconf 91' lang='lat' dir='ltr'><strong>qui</strong></span> 
     </span>
     <span class='ocr_line' id='line_1_44' title="bbox 183 4268 1332 4359; baseline -0.008 -18"><span class='ocrx_word' id='word_1_404' title='bbox 183 4282 275 4341; x_wconf 88' lang='lat' dir='ltr'><strong>etiam</strong></span> <span class='ocrx_word' id='word_1_405' title='bbox 302 4278 485 4339; x_wconf 87' lang='lat' dir='ltr'><strong>medicorum</strong></span> <span class='ocrx_word' id='word_1_406' title='bbox 514 4278 642 4355; x_wconf 85' lang='lat' dir='ltr'><strong>forcipes</strong></span> <span class='ocrx_word' id='word_1_407' title='bbox 670 4277 744 4337; x_wconf 90' lang='lat' dir='ltr'><strong>dicit</strong></span> <span class='ocrx_word' id='word_1_408' title='bbox 772 4270 845 4359; x_wconf 71' lang='lat' dir='ltr'><strong>(die-i</strong></span> <span class='ocrx_word' id='word_1_409' title='bbox 867 4268 910 4358; x_wconf 92' lang='lat' dir='ltr'><strong>N)</strong></span> <span class='ocrx_word' id='word_1_410' title='bbox 933 4275 1011 4335; x_wconf 89' lang='lat' dir='ltr'><strong>libro</strong></span> <span class='ocrx_word' id='word_1_411' title='bbox 1038 4274 1107 4354; x_wconf 79' lang='lat' dir='ltr'><strong>XIX</strong></span> <span class='ocrx_word' id='word_1_412' title='bbox 1131 4268 1332 4350; x_wconf 62' lang='lat' dir='ltr'><strong>“swlprtorum</strong></span> 
     </span>
     <span class='ocr_line' id='line_1_45' title="bbox 184 4359 1331 4451; baseline -0.007 -20"><span class='ocrx_word' id='word_1_413' title='bbox 184 4364 381 4451; x_wconf 76' lang='grc' dir='ltr'><strong>(εοαλμτοτιιιιι</strong></span> <span class='ocrx_word' id='word_1_414' title='bbox 408 4361 560 4449; x_wconf 89' lang='lat' dir='ltr'><strong>impressi)</strong></span> <span class='ocrx_word' id='word_1_415' title='bbox 592 4368 809 4445; x_wconf 87' lang='lat' dir='ltr'><strong>forcipiumque</strong></span> <span class='ocrx_word' id='word_1_416' title='bbox 841 4367 927 4426; x_wconf 89' lang='lat' dir='ltr'><strong>milia</strong></span> <span class='ocrx_word' id='word_1_417' title='bbox 958 4359 1103 4445; x_wconf 88' lang='lat' dir='ltr'><strong>uiginti’&#39;‚</strong></span> <span class='ocrx_word' id='word_1_418' title='bbox 1138 4365 1211 4424; x_wconf 86' lang='lat' dir='ltr'><strong>item</strong></span> <span class='ocrx_word' id='word_1_419' title='bbox 1240 4363 1331 4441; x_wconf 88' lang='lat' dir='ltr'><strong>paulo</strong></span> 
     </span>
     <span class='ocr_line' id='line_1_46' title="bbox 183 4451 1330 4536; baseline -0.009 -15"><span class='ocrx_word' id='word_1_420' title='bbox 183 4464 252 4536; x_wconf 88' lang='lat' dir='ltr'><strong>post</strong></span> <span class='ocrx_word' id='word_1_421' title='bbox 271 4454 378 4520; x_wconf 81' lang='lat' dir='ltr'><strong>“eunis</strong></span> <span class='ocrx_word' id='word_1_422' title='bbox 449 4452 598 4518; x_wconf 66' lang='lat' dir='ltr'><strong>uellee&#39;&#39;.’</strong></span> <span class='ocrx_word' id='word_1_423' title='bbox 638 4457 749 4518; x_wconf 89' lang='lat' dir='ltr'><strong>Lucilii</strong></span> <span class='ocrx_word' id='word_1_424' title='bbox 766 4460 858 4535; x_wconf 80' lang='lat' dir='ltr'><strong>satyr.</strong></span> <span class='ocrx_word' id='word_1_425' title='bbox 874 4477 901 4534; x_wconf 91' lang='lat' dir='ltr'><strong>q.</strong></span> <span class='ocrx_word' id='word_1_426' title='bbox 911 4475 933 4517; x_wconf 88' lang='lat' dir='ltr'><strong>s.</strong></span> <span class='ocrx_word' id='word_1_427' title='bbox 944 4454 988 4515; x_wconf 88' lang='lat' dir='ltr'><strong>ed.</strong></span> <span class='ocrx_word' id='word_1_428' title='bbox 1002 4454 1035 4514; x_wconf 79' lang='lat' dir='ltr'><strong>F.</strong></span> <span class='ocrx_word' id='word_1_429' title='bbox 1046 4454 1147 4515; x_wconf 89' lang='lat' dir='ltr'><strong>Dousa</strong></span> <span class='ocrx_word' id='word_1_430' title='bbox 1164 4452 1215 4512; x_wconf 93' lang='lat' dir='ltr'><strong>lib.</strong></span> <span class='ocrx_word' id='word_1_431' title='bbox 1230 4451 1330 4512; x_wconf 82' lang='lat' dir='ltr'><strong>xlxe</strong></span> 
     </span>
    </p>
   </div>
   <div class='ocr_carea' id='block_1_6' title="bbox 0 0 1539 5010">
    <p class='ocr_par' dir='ltr' id='par_1_7' title="bbox 0 0 1539 5010">
     <span class='ocr_line' id='line_1_47' title="bbox 0 0 1539 5010; baseline 0 0"><span class='ocrx_word' id='word_1_432' title='bbox 0 0 1539 5010; x_wconf 95' lang='lat' dir='ltr'><strong> </strong></span> 
     </span>
    </p>
   </div>
  </div>
 </body>
</html>
