3030 5002
205 349 250 430 34
677 353 747 419 n'u.
768 366 881 419 rr-rr.

206 536 306 595 dotem
335 534 412 594 dixit
441 532 609 616 χειριδωτὸν
641 542 747 614 χιτῶνα
777 534 879 594 littera
910 551 928 593 o
958 534 1104 611 producta
1136 534 1269 612 legitime
1303 533 1352 593 ad·

205 624 362 701 hibuitque
384 626 512 684 formam
536 621 665 683 Graecae
689 624 885 699 simillimam,
914 625 965 700 qui
991 626 1101 684 uixerit
1126 627 1195 700 post
1219 622 1353 683 Caesaris

207 713 362 774 Strabonis
394 718 424 773 et
451 713 536 774 Accii
567 717 709 790 tempora.
760 714 803 772 Ac
829 713 961 775 Lucilius
991 714 1064 791 quid
1095 714 1247 791 scripserit
1279 712 1354 772 codd

206 804 297 863 Nonii
319 804 375 863 hoo
397 804 462 863 loco
486 803 703 863 demonstrant:
726 824 797 864 nam
819 805 851 862 in
873 804 983 864 litteris
1012 804 1134 879 brodyly
1161 820 1353 881 agnoscemus

206 894 367 967 ebirodytoe
389 895 479 953 sicuti
502 892 581 969 apud
605 891 734 952 Gellium
752 893 796 950 Vl
817 896 868 966 12,
883 894 916 969 5,
945 893 996 969 qui
1020 891 1166 969 Scipionis
1192 893 1353 951 Aemiliani

206 981 298 1042 uerba
319 982 485 1042 seruauerit
508 978 586 1041 ‘cum
610 982 766 1058 chirodyta
788 978 911 1058 tunica',
935 984 1000 1042 toto
1023 983 1121 1058 capite
1142 982 1195 1040 illo
1213 984 1261 1040 ter
1279 981 1354 1041 codd

205 1072 329 1131 tradunt
351 1073 507 1147 ebirodytr's
529 1072 692 1149 clirodylos
715 1072 871 1147 cbirodyto.
913 1069 978 1141 Quo
1001 1072 1065 1131 loco
1089 1089 1153 1130 eam
1179 1089 1269 1146 quam
1293 1074 1354 1129 tra·

205 1161 280 1220 dunt
312 1160 386 1220 codd
419 1161 597 1237 scripturam
628 1160 660 1219 id
691 1161 879 1237 potissimum
911 1160 1112 1234 commendat,
1144 1160 1223 1237 quod
1255 1161 1353 1237 ipsum

204 1248 371 1331 χειριδωτός
389 1250 569 1310 uocabulum
588 1249 743 1326 Graecum,
762 1253 787 1310 si
805 1250 884 1309 idem
904 1268 966 1310 esse
982 1252 1119 1325 putasset
1132 1251 1354 1327 grammaticus,

205 1339 278 1417 quin
301 1341 466 1415 attulisset,
493 1341 593 1400 nullus
617 1338 753 1416 equidem
779 1339 890 1399 dubito.
937 1338 1062 1398 Accedit
1089 1339 1168 1415 quod
1196 1338 1275 1415 apud
1297 1339 1352 1397 Iul.

207 1427 333 1505 Capitol.
353 1430 502 1500 Pertin.8
532 1430 562 1487 in
588 1428 663 1488 codd
689 1429 803 1506 legitur
831 1425 1004 1488 ‘chiroditas
1032 1424 1266 1487 Dalmatarum’:
1299 1428 1353 1487 im-

205 1518 358 1595 probabile
380 1538 451 1578 uero
471 1523 516 1578 est
533 1518 672 1577 librarios
691 1522 738 1577 tot
755 1519 828 1577 locis
847 1517 973 1577 diuersis
992 1518 1082 1577 simili
1102 1517 1190 1578 modo
1208 1535 1353 1593 peccasse,

204 1611 296 1666 immo
320 1609 480 1686 genuinam
503 1608 579 1667 hanc
603 1625 665 1667 esse
689 1609 815 1666 formam
834 1608 946 1667 euineit
964 1607 1098 1666 codicum
1118 1625 1285 1667 consensus.
1317 1606 1354 1664 In

205 1696 315 1756 Lucilii
344 1715 432 1756 uersu
454 1696 534 1755 idem
566 1696 744 1757 uocabulum
776 1698 910 1756 extitisse
941 1696 1049 1773 probat
1081 1699 1249 1772 proximum
1278 1694 1353 1754 illud

204 1789 284 1845 ricae
307 1785 386 1862 quod
408 1786 440 1844 in
463 1788 521 1846 cicc
542 1787 637 1845 latere
660 1786 799 1845 lemmate
822 1804 924 1846 rursus
945 1785 1089 1863 probatur
1107 1785 1211 1845 Nonii:
1234 1785 1353 1844 namin

205 1875 297 1935 Nouii
320 1894 408 1934 uersu
435 1874 513 1934 idem
541 1875 720 1934 uocabulum
749 1877 886 1951 sequitur
912 1875 1083 1934 chiridotom
1111 1893 1200 1951 quarn
1228 1875 1354 1934 formam

205 1966 268 2024 illio
303 1963 513 2024 Graecanicam
548 1965 640 2023 Nonii
672 1963 747 2023 codd
777 1964 875 2024 tribus
906 1964 979 2025 locis
1016 1967 1166 2025 testantur
1198 1965 1355 2024 coridctum

206 2056 257 2129 qui
276 2053 434 2135 exhibeant
451 2074 501 2130 pp.
522 2055 595 2130 539,
616 2055 666 2113 22.
691 2054 765 2129 540,
786 2055 827 2112 24
847 2054 1206 2130 assumendorum.
1237 2053 1352 2130 Iosepb

206 2145 298 2219 antiq.
317 2143 382 2202 Iud.
401 2143 461 2202 VH
480 2144 546 2218 8,1
573 2141 675 2219 §171
711 2141 808 2201 editur
839 2142 1041 2222 χειριδωτούς,
1073 2143 1148 2202 codd
1175 2141 1354 2223 χειριδότους

194 2233 254 2291 uel
281 2228 470 2313 χειροδέτους.
518 2231 688 2308 cusrocyros
715 2235 815 2291 tamen
843 2250 947 2291 reuera
974 2231 1119 2293 Graecum
1147 2234 1238 2292 fuerit
1266 2251 1353 2292 uoca-

205 2321 308 2380 bulum
331 2325 366 2380 ut
387 2318 509 2393 ἐνδυτός
527 2339 566 2380 an
585 2339 604 2380 a
621 2320 758 2380 barbaris
776 2321 925 2381 detortum
945 2342 980 2381 ex
998 2319 1164 2402 χειριδωτός
1182 2341 1241 2382 non
1259 2324 1352 2397 patet.

204 2411 311 2486 Itaque
338 2409 470 2471 Lucilius
500 2410 620 2487 scripsit
650 2411 813 2486 ebirodyloe
840 2409 950 2471 Graece
982 2413 1083 2488 potius
1116 2430 1205 2487 quam
1232 2409 1353 2470 Latine:

205 2519 274 2559 nam
305 2500 502 2577 supplendum
525 2504 571 2560 est
592 2507 726 2580 χιτῶνες,
750 2500 849 2576 Scipio
873 2499 988 2560 Gellius
1010 2503 1139 2576 scriptor
1160 2500 1188 2559 h.
1206 2499 1243 2558 l.
1261 2500 1352 2560 deire

205 2589 305 2665 (tylam
327 2590 460 2649 tunicam
483 2590 664 2667 appellauit,
691 2590 806 2650 Nouius
830 2589 867 2648 ed
889 2588 1057 2671 χειριδωτός
1079 2588 1225 2650 Graecum
1252 2590 1354 2665 posuit

204 2680 337 2738 tunicam
374 2680 555 2740 umectam.
588 2713 632 2721 -
665 2674 776 2759 aurati]
808 2682 827 2738 i.
856 2699 879 2738 e.
912 2677 1122 2760 χρυσόπαστοιτ
1158 2678 1244 2737 Treb.
1277 2679 1352 2739 Poll.

205 2766 330 2829 Gallien.
353 2771 407 2829 16:
435 2765 631 2845 ‘Purpuream
653 2770 786 2828 tunicam
810 2759 1005 2844 scribamque
1027 2769 1144 2828 uirilem
1168 2767 1353 2843 eandemque

205 2858 384 2918 manicatam
399 2854 526 2935 habuit’,
540 2857 626 2918 Ouid.
642 2858 709 2918 last.
723 2859 755 2917 H
775 2859 839 2917 310
859 2854 1004 2918 ‘Maeonia
1022 2861 1127 2918 aurato
1146 2855 1354 2933 conspicienda

205 2943 293 3019 sinu'3
317 2947 381 3006 Tib.
401 2948 432 3005 Π
452 2949 481 3022 3,
501 2949 541 3007 53
567 2944 633 3007 ‘illa
655 2951 741 3026 gerat
770 2951 867 3007 uestes
898 2950 1017 3022 tenues,
1047 2965 1121 3023 quas
1153 2947 1265 3006 lomina
1292 2944 1354 3005 (loa

204 3037 310 3110 texuit,
329 3039 449 3095 auratas
468 3037 673 3113 disposuitque
691 3032 779 3113 uias'3
797 3036 883 3113 Prop.
897 3036 942 3095 IV
958 3037 1040 3112 7,40
1055 3032 1138 3096 ‘haee
1152 3054 1229 3094 nunc
1246 3037 1353 3093 aurata

205 3124 326 3201 cyclade
359 3127 471 3203 signat
490 3122 634 3185 humum'.
658 3158 702 3166 —
720 3123 812 3203 ricae]
846 3145 913 3186 cum
944 3127 1042 3184 mitris
1073 3145 1133 3184 uua
1160 3125 1353 3184 nominantur

204 3213 301 3273 Varro
325 3212 361 3274 de
384 3214 403 3272 l.
422 3212 455 3272 L.
475 3215 503 3271 V
523 3217 599 3274 130:
623 3219 693 3275 sunt
715 3233 786 3276 uero
811 3211 947 3292 ‘palliola
969 3214 1007 3275 ad
1028 3233 1113 3275 usum
1132 3214 1240 3291 capitis
1258 3208 1351 3273 fecta’

205 3303 284 3363 Post.
294 3322 322 3379 p.
334 3301 588 3380 ill—torsus]
600 3324 694 3380 neque
704 3304 794 3364 schol.
804 3304 869 3363 Iun.
879 3304 907 3362 V
920 3306 982 3364 143
990 3300 1125 3380 thoraca]
1137 3299 1353 3363 ‘armilausiam

205 3394 357 3469 prasinam
380 3395 417 3452 ut
439 3389 553 3452 simiae'
583 3411 679 3469 neque
701 3393 853 3454 quenalis
876 3395 959 3454 locus
986 3395 1080 3470 ipsius
1108 3394 1267 3469 quicquam
1295 3391 1353 3451 huc

205 3484 343 3557 pertinet.
398 3481 583 3540 Vocabulum
617 3485 728 3542 torceio
759 3484 824 3542 iure
856 3502 976 3543 seruare
1011 3499 1099 3542 ausus
1136 3484 1182 3543 ost
1213 3481 1353 3542 Rotbius:

206 3570 286 3645 quod
308 3572 439 3646 pertinet
461 3570 500 3629 ad
522 3571 666 3631 mundum
687 3572 864 3632 muliebrem
887 3591 983 3648 neque
1006 3575 1107 3631 tamen
1132 3570 1206 3631 alibi
1234 3571 1353 3630 uidetur

206 3662 313 3719 extare.
360 3657 437 3729 Quid
461 3660 501 3719 sit
523 3664 635 3722 torosio
658 3663 793 3738 aperitur
811 3660 891 3720 Suet.
911 3661 987 3739 Aug.
1008 3661 1059 3719 82.
1098 3656 1216 3720 ‘Hieme
1234 3663 1353 3736 quater-

205 3752 251 3808 nis
274 3768 341 3808 eum
364 3749 469 3827 pingui
491 3751 563 3828 toga
585 3752 695 3812 tunicis
718 3755 749 3810 et
771 3750 932 3811 subuculas
954 3750 1075 3810 thorace
1098 3751 1185 3810 laneo
1211 3753 1242 3809 et
1268 3750 1352 3808 femi·

205 3838 323 3899 nulibus
351 3842 382 3898 et
408 3837 563 3899 tibialibus
595 3835 806 3900 muniebatur'.
856 3838 1077 3900 Enumerantur
1108 3842 1203 3917 igitur
1233 3840 1353 3899 tunicae

205 3930 372 3989 manicatae
394 3931 528 4003 amatae,
551 3930 723 4004 calanticae,
746 3928 917 4004 subuculae,
939 3929 1056 4004 mitrae,
1079 3947 1156 4005 quae
1179 3946 1353 4004 comparan-

204 4021 256 4076 tur
282 4019 383 4079 omnia
409 4020 442 4077 in
469 4036 558 4078 usum
587 4019 762 4079 meretricis:
792 4018 894 4078 quen.
913 4017 961 4077 111
980 4020 1021 4078 66
1051 4014 1104 4077 ‘ite
1132 4016 1239 4095 quibus
1267 4020 1353 4097 grata

206 4109 251 4165 est
277 4108 359 4182 picta
386 4107 458 4185 lupa
485 4106 613 4166 barbara
639 4103 740 4166 mitra'
769 4106 822 4166 ubi
848 4106 916 4167 uide
944 4106 1166 4167 liiedlaenderi
1194 4107 1294 4167 adnot.
1323 4111 1354 4166 et

206 4194 258 4253 ΑΡ
278 4196 306 4252 V
327 4196 389 4256 198
413 4195 545 4256 σάνδαλα
567 4192 618 4255 καὶ
641 4193 768 4273 μαλακαὶ
791 4204 909 4274 μαστῶν
931 4194 1080 4275 ἐνδύματα
1103 4196 1209 4277 μίτραι.

297 4277 354 4345 72.
376 4283 492 4344 Nonius
514 4305 542 4362 p.
559 4285 610 4360 65,
630 4286 671 4344 29
696 4280 844 4346 ‘Natrioes
863 4286 1004 4346 dicuntur
1022 4304 1133 4366 angues
1152 4289 1352 4347 natantes...

205 4372 338 4434 Lucilius
365 4375 535 4449 satyrarum
562 4373 615 4432 lib.
633 4373 665 4432 Π
689 4369 740 4434 “si
837 4370 1047 4451 capitatam''.’
1093 4375 1139 4435 De
1171 4375 1353 4436 obscenitate

205 4482 308 4524 uersus
327 4461 458 4521 dubitari
477 4482 535 4522 non
555 4466 667 4539 potest:
684 4467 824 4524 nutricem
842 4467 860 4522 i.
881 4484 904 4523 e.
924 4461 997 4541 ὄφιν
1015 4464 1068 4525 AP
1086 4463 1129 4524 XI
1149 4467 1189 4524 22
1205 4470 1240 4524 ut
1257 4464 1353 4544 σαύρα
