3030 5002
632 339 690 395 Iu.
710 345 805 395 s-11.
1267 341 1287 407 7

142 504 241 588 ἧμίαν
263 508 317 591 γάρ
341 526 415 587 φασι
437 504 500 569 κάκ’
526 508 664 589 ἔμμεναι,
687 507 719 569 οἱ
738 503 771 570 δὲ
793 505 843 569 καὶ
866 507 953 570 αὐτο(
973 517 1086 592 σφῇσιν
1107 507 1287 596 ἀτασθαλίῃ·

142 615 189 659 σιν
211 595 283 679 ὑπὲρ
308 597 400 679 μόρον
422 592 497 680 ἄλγε’
523 597 649 679 ἔχουσιν.
685 598 958 660 Lucretius1330
981 599 1055 659 511111
1076 619 1179 661 uersus
1200 599 1288 660 Luci·

142 690 213 748 liani
233 689 344 749 exitum
362 707 448 750 snum
467 689 539 748 fecii
556 687 705 749 sententia
717 692 835 748 mutata
848 704 976 767 nomque
990 693 1031 749 cst
1043 690 1076 749 in
1088 691 1175 749 rebus
1188 685 1286 750 νἀονο.

232 771 289 839 10.
311 777 478 856 Porphyrio
507 779 545 838 ad
571 778 643 838 Hor.
669 778 753 856 epist.
772 778 788 836 1
808 779 870 854 3,6
900 770 993 859 (Quid
1019 778 1154 839 studiosa
1183 779 1287 840 cohors

141 887 263 945 operum
286 861 410 949 struitl)
439 862 563 928 ‘Cohors
585 885 664 927 nunc
687 867 783 927 amici.
828 868 908 927 Nam
936 870 967 927 et
989 868 1123 928 Lucilius
1146 887 1209 943 eos,
1235 869 1287 945 qui

141 976 206 1017 cum
228 957 415 1035 praesidibus
439 957 476 1017 ad
500 957 641 1018 salarium
665 961 746 1032 eunt,
772 957 997 1017 mercedimeras
1023 950 1165 1038 (mercede
1191 976 1288 1018 meras

141 1046 228 1107 codd:
260 1066 306 1107 em
333 1047 551 1124 Nettleshipius
577 1039 790 1128 Buechelerus)
823 1046 954 1126 legiones
987 1042 1050 1106 ait’.
1103 1047 1219 1107 Nonius
1251 1067 1287 1107 ex

140 1138 334 1214 grammatico
352 1156 381 1213 p.
398 1138 504 1211 345,6
526 1131 641 1210 ‘Meret
663 1135 867 1195 humillimum
885 1139 916 1195 et
937 1136 1174 1197 sordidissimum
1198 1154 1286 1213 quae·

140 1228 219 1286 stum
249 1226 361 1302 capit..
386 1271 392 1283 .
417 1271 424 1285 .
447 1225 580 1286 Lucilius
607 1224 692 1284 libl
725 1220 776 1284 “ct
805 1227 934 1286 mercede
966 1230 1054 1285 meret
1084 1221 1286 1301 rdeoione’'.’

140 1314 248 1376 Poetae
270 1314 364 1376 uerba
385 1314 542 1376 restituere
564 1313 782 1391 Nettleshipius
805 1316 882 1374 teste
902 1314 1034 1375 Holdero
1057 1315 1089 1374 in
1107 1315 1287 1392 Porphyrio-

140 1405 186 1463 nis
208 1404 278 1465 edit
301 1405 320 1464 l.
343 1423 365 1464 a.
389 1424 411 1466 s.
435 1408 466 1463 et
493 1404 691 1464 Buechelerus
718 1403 794 1465 Mus.
813 1403 905 1464 Rhen.
924 1403 1052 1463 XLVIII
1073 1406 1158 1466 1893
1181 1426 1210 1482 p.
1231 1406 1287 1464 87:

140 1494 235 1556 multo
259 1496 390 1572 optimus
413 1495 555 1554 hocloco
580 1497 626 1554 est
648 1494 702 1554 cod
724 1493 878 1555 Leidensis
901 1493 992 1553 Nonii
1015 1493 1152 1555 lectionis
1175 1495 1287 1570 auctor,

140 1585 192 1660 qui
213 1605 251 1645 m.
269 1589 286 1644 1
311 1585 421 1644 habeat
438 1584 603 1659 rciepioncs,
627 1602 693 1643 cunr
714 1584 823 1660 reliqui
840 1584 972 1645 habeant
989 1583 1162 1663 religiones:
1186 1584 1287 1645 arche·

139 1675 229 1752 typus
255 1673 363 1734 habuit
389 1673 616 1748 mercedemere‚
648 1673 698 1733 oui
724 1673 870 1733 uocabulo
898 1675 1132 1752 superscriptum
1159 1673 1218 1733 fuit
1244 1678 1288 1734 ret

140 1763 262 1841 syllaba
299 1763 419 1822 Nouum
441 1763 497 1822 hoc
520 1764 640 1839 poetam
663 1761 836 1838 produxisse
858 1762 1038 1823 uocabulum
1058 1761 1288 1824 mercedinerus

140 1852 177 1911 ad
204 1851 370 1932 μίσθαρνος
398 1850 544 1912 Graecum
572 1854 693 1911 enarrat
719 1851 917 1912 Buechelerus
944 1852 963 1910 l.
987 1870 1010 1912 5.
1035 1851 1181 1930 Legiones
1209 1871 1287 1930 quae

140 1942 306 2018 antiquitus
333 1941 513 2017 stipendium
541 1940 710 2017 acceperint
736 1959 805 1999 cum
832 1941 879 2000 his
906 1941 1005 2002 uerbis
1037 1961 1057 2014 a
1086 1943 1176 2020 poeta
1208 1943 1286 2002 uitu-

138 2033 237 2108 perari
261 2029 340 2091 credi
363 2050 422 2091 non
445 2031 554 2107 possit,
581 2031 702 2090 Horatii
725 2029 901 2090 credendum
924 2032 982 2090 erit
1003 2031 1160 2108 interpreti
1184 2031 1286 2091 cohor·

139 2124 200 2181 tem
221 2121 404 2198 praetorium
426 2121 482 2180 hoc
505 2119 692 2180 hemistichio
713 2119 824 2181 Lucilii
851 2121 964 2182 lacessi.
1011 2119 1107 2191 Quam
1136 2122 1286 2181 cohortem

139 2209 308 2287 Scipionem
327 2210 528 2270 Aemilianum
548 2228 625 2270 anno
642 2203 781 2288 620s134
800 2211 975 2271 instruxisse
994 2211 1154 2287 scriptores
1172 2212 1287 2272 ueteres

138 2299 273 2360 tradunt:
297 2300 375 2360 Fest.
399 2319 428 2378 p.
449 2299 561 2359 223M:
586 2294 754 2360 ‘Praetoria
776 2299 881 2359 cohors
904 2302 950 2359 est
968 2299 1049 2360 dicta
1066 2300 1147 2377 quod
1166 2319 1184 2359 a
1201 2318 1287 2376 prae·

137 2393 202 2448 tore
225 2406 284 2448 non
307 2387 486 2449 discedebat
532 2387 631 2466 Scipio
657 2388 737 2449 enim
758 2388 921 2448 Africanus
947 2389 1064 2465 primus
1091 2388 1287 2450 fortissimum

138 2496 284 2556 quemque
311 2477 424 2555 delegit
451 2477 501 2553 qui
530 2478 567 2537 ab
594 2497 629 2537 eo
656 2480 688 2537 in
716 2477 794 2538 bello
822 2496 882 2537 nou
909 2477 1095 2538 discederent
1126 2480 1157 2538 et
1188 2480 1286 2539 cetero

137 2587 259 2627 munere
285 2566 413 2627 militiae
440 2569 583 2627 uacarent
614 2569 645 2627 et
676 2566 845 2644 sesquiplex
877 2566 1059 2644 stipendium
1092 2563 1286 2643 acciperent’:

138 2675 212 2733 quos
233 2657 368 2717 homines
386 2656 542 2733 Appianas
560 2655 694 2716 Ι1)51.84
718 2656 810 2716 fuisse
829 2658 932 2716 narrat
951 2655 1058 2733 φίλους
1075 2655 1287 2728 πεντακοσίους

138 2743 190 2818 οὓς
212 2743 243 2818 ἒς
266 2745 334 2824 llqv
356 2743 513 2818 καταλέξας
535 2741 630 2806 ἐκάλει
653 2745 750 2821 φίλων
772 2743 840 2821 11ην
861 2737 1077 2826 (Mommsenus
1095 2745 1196 2804 Herm.
1215 2744 1286 2803 XIV

139 2837 272 2912 18791).
293 2837 334 2895 27
362 2836 399 2896 dc
421 2837 487 2895 iure
509 2835 589 2910 publ.
608 2855 636 2911 p.
657 2835 691 2893 ll.
710 2835 780 2894 112
804 2826 922 2916 (1881)
946 2856 974 2912 p.
995 2835 1059 2894 863
1088 2834 1287 2910 Marquardtii

138 2925 280 2985 enchirid.
299 2925 327 2982 V
350 2916 468 3007 (1884)
490 2945 520 3002 p.
540 2917 628 3006 402).
667 2922 826 2985 Cohortem
848 2944 915 2984 eum
937 2924 1076 2984 dixerunt
1092 2922 1195 2983 Latini
1214 2925 1286 3000 quia

137 3033 261 3074 numero
282 3014 345 3074 fere
369 3013 424 3074 ills
455 3014 607 3075 cohortem
639 3013 801 3091 aequabat:
833 3013 991 3075 constabat
1017 3016 1048 3073 et
1077 3011 1228 3090 peditibus
1256 3017 1287 3072 et

137 3104 287 3180 equitibus
311 3121 437 3179 quorum
462 3105 494 3162 in
522 3122 645 3163 numero
672 3106 765 3164 ctiam
787 3103 936 3164 Lucilium
962 3103 1054 3163 fuisse
1081 3102 1285 3163 enarrauimus

137 3193 269 3271 prolegg.
293 3213 322 3268 p.
341 3192 432 3251 XXV.
478 3192 674 3252 Macedonum
696 3212 793 3254 mores
816 3210 884 3252 cum
907 3194 1025 3252 secutus
1048 3193 1090 3252 sit
1113 3191 1213 3268 Scipio
1236 3212 1286 3251 ue·

137 3283 195 3341 luti
221 3283 254 3340 in
281 3281 417 3341 uenando
446 3274 564 3363 (Polyb.
584 3281 697 3341 XXXII
718 3283 758 3341 15
786 3282 822 3342 Δ.
842 3280 1040 3360 Kiesslingius
1067 3281 1143 3342 Mus.
1166 3281 1285 3341 Heluet.

136 3371 213 3432 Nou.
232 3370 260 3427 V
282 3371 365 3431 1865
389 3392 418 3449 p.
439 3364 617 3453 334seqq.),
635 3369 790 3451 probabile
809 3374 855 3432 est
873 3370 977 3432 ducem
994 3371 1162 3431 Romanum
1180 3371 1212 3429 in
1229 3370 1286 3431 hac

137 3480 169 3520 re
192 3460 376 3522 aemulatum
400 3479 463 3521 esse
485 3480 590 3539 regum
613 3460 807 3522 Macedonum
835 3458 903 3537 ἤην
924 3468 985 3520 τῶν
1009 3457 1147 3538 ἑταίρων,
1175 3462 1228 3537 qui
1255 3463 1287 3520 et

137 3549 220 3625 pilos
247 3549 387 3610 dicuntm
409 3542 456 3630 (P.
471 3549 573 3626 Spitta
600 3550 636 3610 de
659 3551 823 3610 amiccmm
843 3594 849 3607 .
870 3595 876 3608 .
897 3595 903 3607 .
921 3549 954 3610 in
977 3549 1172 3610 Macedonum
1193 3567 1286 3627 regno

137 3638 309 3700 condicione
328 3637 440 3716 Gryph.
461 3640 545 3700 1875
565 3660 594 3716 p.
617 3643 667 3714 10,
682 3632 726 3721 9),
744 3636 881 3717 βασιλικὴ
902 3637 949 3716 11η
968 3639 1018 3698 1151
1037 3635 1146 3716 ἑταῖροι
1159 3638 1287 3697 audiunt

136 3727 240 3806 Polyb.
260 3728 287 3787 X
306 3729 362 3803 42,
387 3730 405 3787 6
434 3728 532 3788 XXXI
551 3730 585 3804 3,
610 3730 628 3786 7
659 3728 760 3802 1153,
784 3729 804 3786 4
833 3721 919 3810 (XVI
940 3729 995 3802 18,
1020 3720 1063 3809 1).
1117 3725 1286 3803 Oarpuntur

136 3817 232 3894 igitur
254 3816 350 3877 adeo
374 3816 453 3895 apud
477 3821 597 3893 poetam
618 3817 667 3876 illi
689 3817 822 3877 homines
847 3818 899 3893 qui
922 3837 981 3876 non
1004 3815 1160 3917 pugnandi
1184 3815 1286 3890 cupidi

137 3905 189 3966 sed
211 3908 355 3983 pecuniae
377 3907 432 3966 1115
455 3910 554 3967 aetate
573 3905 711 3968 solebant
728 3906 865 3967 comitari
883 3906 1035 3983 praesides
1053 3902 1284 3982 prouinciarum.

138 3995 164 4054 lc
187 3995 268 4056 Iouis
292 3995 426 4055 oratione
449 4015 553 4056 uersus
576 3995 696 4057 uidetur
718 4015 781 4056 esse
805 3998 949 4073 sumptus

229 4077 287 4146 ll.
309 4085 424 4144 Nonius
453 4105 488 4144 ex
520 4088 716 4163 grammatico
744 4106 773 4162 p.
795 4087 928 4162 161,14
963 4081 1141 4160 Popiuones
1172 4042 1222 4143 nel
1253 4084 1285 4143 hi

139 4193 213 4278 qnos
240 4193 320 4234 nunc
346 4174 472 4234 dicimus
498 4175 698 4251 tabernarios,
725 4195 744 4234 a
770 4175 903 4252 popinis,
930 4175 979 4235 uel
1006 4174 1152 4233 luxuriosi
1179 4175 1232 4251 qui
1254 4191 1285 4233 se

137 4265 256 4343 popinis
279 4263 400 4324 dedunt.
417 4310 422 4321 .
438 4309 467 4323 ..
491 4263 625 4324 Lucilius
644 4265 694 4324 lib.
714 4260 758 4324 I‘
762 4260 919 4338 ‘insumam
940 4265 1089 4324 1155551551
1106 4265 1285 4341 turpemque

138 4352 233 4414 odisse
261 4348 451 4430 popinam'’.'
495 4352 686 4414 Adieotiuum
713 4355 859 4427 infamem
885 4352 954 4413 inde
981 4373 1001 4413 a
1028 4352 1158 4413 Meroero
1185 4371 1285 4412 serua·

138 4447 208 4503 runt
235 4436 371 4524 (Neueus
401 4442 437 4501 de
470 4443 573 4503 formis
595 4445 615 4503 l.
635 4443 668 4503 L.
687 4435 732 4502 11³
753 4464 782 4521 p.
804 4436 882 4524 157)
911 4443 999 4503 sicuti
1028 4443 1144 4518 prccilo
1174 4441 1286 4518 legitur
