3000 5002
479 360 577 419 insert
596 359 652 414 sec.
673 377 699 416 u.
721 364 905 414 ιιοο-ιιοο.
1205 359 1270 426 367

119 533 150 589 et
172 546 247 588 uasa
269 522 511 588 uindemiatoria'
531 524 604 605 (VII
626 549 655 605 p.
677 530 750 604 103,
770 519 850 609 9Κ).
891 528 970 587 Vino
992 529 1087 607 igitur
1110 529 1157 587 illi
1176 548 1273 606 nequo

119 617 250 678 torcular
282 637 377 693 neque
410 636 511 678 saccus
543 620 704 693 quicquam
736 616 852 677 demere
884 617 996 695 potuit,
1029 636 1210 694 quamquam
1242 622 1272 677 et

119 707 234 785 prelum
264 707 357 767 subiit
383 710 414 767 et
441 725 571 768 saccum:
601 706 708 765 bibunt
739 708 817 767 asoti
849 707 897 766 illi
927 725 1019 766 uuam
1051 725 1164 766 meram
1196 727 1273 784 quae

119 816 214 873 neque
241 797 324 874 prelo
354 815 450 872 neque
477 815 562 857 sacco
590 797 630 856 sit
657 799 710 854 aut
736 795 851 856 domita
878 800 932 856 aut
960 797 1064 857 fracta
1114 796 1205 856 Libro
1228 796 1273 855 IV

120 886 279 963 adscripsit
301 884 404 945 Dousa
431 904 498 945 curn
525 885 649 962 reliquis
679 888 788 964 capitis
816 886 948 945 Tulliani
977 885 1165 963 fragmentis:
1197 905 1273 962 quae

120 978 147 1036 si
179 994 215 1035 ex
246 974 350 1034 eodem
381 975 458 1034 libro
486 976 588 1034 omnia
616 978 735 1052 sumpt-a
763 994 826 1036 esse
853 975 1008 1051 probabile
1039 974 1109 1050 erlt,
1132 974 1273 1034 libentius

119 1065 170 1124 lib.
186 1064 214 1120 V
237 1063 453 1142 adscripserim.

211 1145 319 1214 1156.
343 1153 457 1214 Nonius
485 1173 521 1213 ex
547 1154 743 1233 grammatIco
772 1174 801 1230 p.
818 1155 896 1230 509,
916 1156 958 1213 24
987 1149 1144 1214 ‘Disertim
1175 1154 1272 1213 dicere

119 1239 172 1322 <td
195 1237 256 1321 est>
283 1244 372 1319 plane
398 1243 500 1319 palam
528 1242 643 1303 Lucilio
671 1237 719 1322 <ot
744 1237 872 1321 Titinio>
899 1247 1021 1304 auctore
1051 1262 1208 1320 possumus
1241 1243 1273 1302 in

120 1327 297 1392 Veliterna'.
348 1331 552 1409 Supplenrlum
583 1333 682 1392 locum
715 1350 777 1392 csse
808 1332 993 1409 probabilius
1025 1333 1155 1392 arbitror
1182 1351 1273 1409 quam

120 1421 295 1500 corrIgenda
318 1422 436 1499 singula
459 1421 558 1481 uerba.

212 1502 320 1572 1157.
343 1511 461 1571 Nonius
484 1529 519 1569 er
542 1513 737 1590 grammatico
761 1530 789 1587 p.
805 1512 879 1585 449,
899 1511 940 1570 25
967 1505 1109 1571 ‘Interfici
1129 1514 1159 1570 et
1177 1511 1274 1571 occidi

121 1603 152 1660 ct
187 1600 364 1660 inanimalia
400 1602 516 1660 ueteres
553 1618 639 1677 posse
678 1600 846 1660 uehementi
884 1602 1064 1661 anctoritate
1100 1604 1272 1679 posuerunt.

121 1689 323 1749 ...Lucilius
357 1684 489 1749 “dunun
516 1689 605 1748 molle
637 1708 739 1763 noras,
772 1690 941 1767 fragmenta
971 1691 1107 1763 cnm-ficti
1138 1684 1272 1768 panis’'.'

120 1778 228 1838 durum
250 1779 340 1839 molle
363 1797 460 1853 noras,
483 1779 648 1855 asyndeton
672 1782 706 1837 ut
728 1778 827 1838 Plaut.
847 1778 928 1837 Trin.
949 1780 1014 1838 360
1035 1773 1120 1856 ‘quin
1144 1779 1274 1839 comedit

120 1870 199 1944 quod
231 1868 290 1927 fnit
323 1868 402 1943 quod
433 1887 493 1929 non
525 1864 604 1942 fuit’,
636 1869 805 1946 fragmenta
834 1869 921 1944 panis
952 1866 1069 1929 Plinius
1104 1868 1179 1928 dicit
1209 1872 1271 1928 nat.

119 1957 597 2033 hist.1x25,APX1153‚3
625 1953 664 2017 ἂν
692 1952 724 2017 δὲ
756 1957 948 2041 καρορπάζρς
979 1953 1087 2037 ἄρτους
1121 1955 1170 2018 καὶ
1202 1957 1272 2018 κλά-

121 2039 201 2126 οματ’
234 2043 365 2118 ἀναιδῶς
396 2043 476 2127 κάγὼ
508 2045 621 2127 ῥάβδον
653 2044 722 2126 ἔχω,
754 2044 803 2107 καὶ
835 2042 866 2106 οὲ
900 2043 1017 2126 λέγουσι
1048 2046 1151 2124 Κύνα,
1183 2048 1272 2108 homo

120 2135 257 2195 sordidus
284 2132 507 2215 ἀπομαγδαλιὰς
533 2140 651 2196 σιτεῖται
679 2134 775 2214 ὥσπερ
798 2136 881 2196 κύων
903 2137 1056 2213 Aristoph.
1075 2136 1178 2214 nquit.
1197 2139 1272 2197 414.

119 2224 181 2302 Agi
203 2224 324 2284 uidetur
346 2224 383 2283 de
406 2225 559 2285 meretrice
579 2227 683 2285 noraci
706 2225 788 2284 ouius
808 2221 923 2286 ‘dentes
941 2227 991 2285 nel
1009 2226 1124 2287 silicam
1143 2245 1273 2287 comesse

121 2309 258 2389 possunt’
284 2312 393 2373 catull.
413 2315 465 2388 23,
485 2316 518 2372 4:
542 2315 658 2373 Terent.
679 2314 754 2372 llun.
776 2315 839 2374 938
865 2309 967 2390 ‘qnam
994 2315 1168 2376 inhonestae
1191 2317 1273 2377 solae

73 2454 85 2461 .
121 2402 183 2462 sint
210 2402 290 2462 domi
317 2404 408 2479 atque
436 2402 543 2462 auidae
570 2403 630 2463 cibi
658 2422 717 2479 quo
744 2406 833 2479 pacto
859 2423 895 2462 ex
917 2405 981 2464 iure
1004 2404 1142 2464 hesterno
1165 2425 1273 2481 panem

122 2495 221 2552 atrum
253 2486 384 2564 uorcnt';
416 2493 557 2551 meretrix
592 2489 836 2572 ὑπερεμφορεῖται
871 2500 924 2552 τοῦ
961 2489 1042 2569 ὄψον
1074 2490 1274 2574 ἀπειροκάλως

122 2580 244 2641 Lucian.
258 2581 368 2658 dialog.
382 2584 500 2640 meretr.
516 2582 545 2655 6,
561 2583 593 2640 3:
609 2581 645 2641 de
658 2583 798 2654 interficis
812 2582 881 2641 uide
895 2582 934 2641 ad
947 2582 998 2642 lib.
1013 2582 1143 2642 XXVIII
1157 2603 1184 2641 u.
1200 2585 1272 2644 770.

215 2662 320 2731 1158.
343 2669 510 2748 Porphyrio
534 2669 573 2729 ad
595 2669 716 2730 Horatii
737 2671 853 2730 serm.I
873 2675 902 2745 6,
923 2674 985 2730 117
1011 2667 1133 2732 ‘Adstat
1152 2673 1273 2732 echinus

122 2760 192 2820 uilis
220 2780 286 2820 cum
309 2764 417 2834 patera
445 2752 491 2840 (p.
501 2765 622 2834 practer
648 2752 745 2840 codd).
793 2760 939 2820 Echinum
969 2759 1101 2820 Lucilius
1124 2761 1166 2821 sic
1189 2761 1274 2837 dixit,

123 2851 210 2926 quasi
242 2844 400 2928 scorte<o>
433 2849 568 2926 ampulla
600 2850 653 2925 sit,
683 2853 716 2908 ut
748 2868 815 2909 cum
848 2851 892 2909 ait
925 2845 1066 2910 “ecbinuc
1098 2842 1274 2911 οΙιὲκκιεὸοκι

123 2933 305 3020 (elimatam
340 2938 365 2997 P
406 2940 561 2999 cinnabari
602 2931 753 3018 Scaliger)
794 2940 917 3012 infectas
963 2930 1102 3021 (infectus
1142 2933 1272 3021 editt)”.
1395 2934 1398 2937 ’

125 3029 182 3088 Hic
205 3031 305 3088 tamen
328 3029 456 3087 uitream
480 3029 643 3105 ampullam
665 3028 838 3106 intellegere
860 3024 1020 3088 debemus'.
1067 3028 1148 3089 Vasa
1177 3031 1274 3089 nitrea

123 3136 198 3178 saec.
216 3116 304 3176 XVII
326 3121 357 3177 et
379 3116 481 3176 XVIII
505 3136 581 3193 quae
604 3117 702 3177 echini
724 3117 743 3176 i.
763 3136 786 3176 e.
811 3117 875 3195 lgel
893 3118 1084 3178 nominentur
1102 3121 1274 3178 etiamnunc

123 3210 336 3267 conseruantur
359 3207 455 3266 ueluti
485 3207 516 3266 in
543 3208 645 3267 Museo
676 3206 919 3267 Vratislauiensi:
951 3207 987 3266 dc
1020 3209 1123 3268 echino
1155 3211 1274 3269 nomine

122 3316 262 3358 nasorum
295 3295 475 3357 Graecorum
506 3295 576 3357 uide
608 3295 818 3356 Schneidernm
858 3297 896 3356 ad
929 3295 1044 3356 Gallim.
1068 3298 1174 3376 fragm.
1200 3300 1273 3359 250.

124 3385 258 3465 Scaliger
279 3385 399 3463 scripsit
421 3387 539 3446 colanus
556 3387 712 3445 cinnabari
733 3387 871 3459 infectus:
894 3389 928 3446 at
945 3390 1090 3446 scorteam
1110 3388 1273 3466 ampullam

123 3476 312 3552 potissimum
334 3475 427 3534 minio
450 3474 531 3534 inlici
553 3477 675 3535 minime
700 3479 931 3535 consentaneum
949 3476 1077 3552 uidetur,
1100 3477 1176 3536 nihil
1194 3479 1274 3537 enim

123 3565 262 3642 prohibet
291 3565 387 3624 ueluti
418 3565 538 3625 fictilem
569 3564 732 3642 ampullam
760 3565 849 3625 rubro
877 3566 974 3625 colore
1001 3565 1089 3626 infici.
1141 3565 1274 3627 Comme·

123 3657 222 3714 morat
261 3657 391 3714 scorteae
432 3655 580 3731 ampullas
623 3654 702 3714 Plur.
734 3654 807 3715 Sull.
841 3656 880 3714 13
918 3662 977 3715 τῶν
1013 3652 1185 3735 ἀνθρώπων

124 3741 300 3821 ὑποδήματα
330 3739 362 3803 δὲ
389 3740 438 3803 καὶ
468 3743 623 3822 ληκύθους
645 3741 745 3820 ἑφθὰς
766 3741 931 3805 ἐσθιόντων
954 3735 1274 3826 (Plaut.1rud.rcc):

124 3833 197 3892 conf
223 3832 351 3908 Appian.
369 3832 444 3893 Iber.
465 3834 515 3893 96.
571 3833 631 3893 Vbi
666 3834 789 3893 uascula
824 3835 936 3894 olearia
972 3832 1113 3893 uidentur
1149 3847 1275 3894 comme*

124 3923 236 3981 morari
258 3921 346 3981 sicuti
370 3921 450 3999 apud
467 3921 630 3983 Lucilium:
652 3922 722 3982 Isiu.
741 3925 816 4000 orig.
835 3923 890 3982 XX
910 3926 939 3997 7,
960 3925 976 3981 1
1003 3918 1130 3983 ‘scortea
1153 3925 1199 3984 est
1220 3944 1274 3985 uas

125 4012 269 4071 olearium
305 4029 340 4071 eo
377 4010 456 4087 qnod
488 4013 528 4071 sit
563 4030 600 4070 ex
631 4011 710 4072 corio
741 4007 874 4071 dictum'.
928 4011 1033 4071 Potest
1064 4013 1182 4072 echinus
1211 4032 1274 4072 esse

126 4099 312 4160 commetiens
339 4100 477 4177 pluralis,
509 4121 525 4160 e
557 4101 732 4161 ωιὸκκοοοικ
763 4100 970 4177 imperfectum
1001 4103 1036 4160 ut
1065 4103 1274 4162 οοκωκκοὸοικ

125 4191 244 4249 restitui
265 4190 310 4249 ita
332 4191 368 4248 ut
389 4190 531 4267 loquatur
553 4190 749 4266 ampullarius
772 4181 857 4271 (coni
878 4182 1112 4271 Plautios).

216 4271 323 4340 1160.
347 4277 443 4338 Varro
475 4278 511 4338 de
542 4279 647 4357 lingua
678 4277 788 4338 Latina
806 4278 834 4336 V
853 4280 896 4338 80
929 4274 1066 4340 ‘Praetor
1094 4279 1190 4341 dictrrs
1223 4282 1275 4358 qni

124 4369 256 4443 praeiret
281 4370 346 4427 iure
374 4370 405 4427 et
432 4369 570 4428 exercitu.
617 4387 635 4428 a
663 4387 722 4444 qno
749 4367 780 4426 id
810 4359 867 4449 (ac
895 4362 1118 4451 Lachmannus)
1141 4367 1274 4432 Lucilius

126 4451 227 4541 “ergo
243 4460 416 4535 praetorum
436 4459 482 4518 est
504 4461 573 4517 anto
597 4461 629 4517 ct
644 4453 790 4533 prcs'rc’'.'
837 4456 1047 4536 Apopthegma
1069 4458 1190 4519 uidetur
1212 4479 1275 4521 esse
