3030 5002
211 328 253 393 12
683 327 697 380 Ι
714 345 741 382 u.
762 331 875 383 rs-ac.

208 500 291 559 bitur
311 502 394 559 cccv
416 494 518 579 ἀγορά.
559 496 667 558 Lucilii
690 515 792 557 uersus
810 496 829 557 l.
849 514 870 558 s.
890 495 1000 557 allatos
1023 497 1076 572 qui
1099 497 1258 573 eloquitur,
1283 498 1357 574 agit,

209 591 244 648 ut
273 590 412 665 apparet,
439 587 475 647 de
503 586 740 665 cognominibus,
773 605 849 662 quae
877 586 922 646 dis
950 587 1048 647 solent
1075 584 1177 645 indere
1208 586 1356 647 homines:

208 679 311 755 itaque
335 697 401 737 cum
424 678 481 737 hoo
503 677 671 755 fragmento
694 679 758 735 arte
782 676 921 753 coniungi
944 677 1062 752 oportet
1084 695 1132 750 ea,
1162 694 1238 750 quse
1263 675 1358 735 tradit

299 760 357 828 23.
383 767 503 828 Seruius
527 768 631 827 auctus
653 766 691 825 ad
709 765 850 826 Aeneidis
868 765 915 824 III
936 767 998 826 119
1024 760 1076 824 Ἕ1
1094 764 1216 841 quidam
1234 766 1358 841 pulcher

208 857 318 934 Apollo
343 857 495 933 epitheton
519 854 622 916 datum
645 856 780 932 Apollini
805 853 1038 932 reprehendunt:
1068 855 1208 932 pulchros
1236 856 1357 915 enims

208 945 359 1007 ueteribus
382 946 527 1007 exsoletos
550 944 652 1007 dictos.
690 965 760 1006 nam
783 947 814 1004 ct
836 944 916 1021 apud
938 944 1087 1004 Lucilium
1105 944 1214 1020 Apollo
1234 944 1358 1021 pulchar

209 1035 268 1095 dici
291 1054 350 1095 non
374 1031 460 1095 uult’.
506 1033 651 1105 Quoniam
675 1034 770 1094 multo
793 1034 985 1094 uerisimilius
1009 1035 1054 1094 est
1077 1054 1171 1093 unum
1198 1053 1233 1093 ex
1256 1033 1302 1094 dis
1325 1035 1357 1093 in

208 1125 339 1185 11111111
368 1125 405 1184 de
430 1125 487 1184 hac
517 1144 550 1183 re
583 1143 670 1202 agere
703 1142 792 1198 quam
824 1124 923 1200 plures
946 1155 991 1166 —
1012 1124 1089 1183 nihil
1120 1124 1200 1183 enim
1230 1123 1287 1184 hoc
1319 1123 1357 1183 ad

208 1217 364 1275 interitum
386 1214 477 1291 Lupi,
505 1212 613 1290 quibus
635 1213 764 1273 maxime
788 1212 1012 1291 cognominibus
1032 1212 1062 1272 di
1086 1213 1295 1289 praedicentur
1316 1245 1354 1254 -

208 1306 276 1364 illos
301 1322 420 1380 qnoque
443 1321 545 1364 uersus
567 1306 628 1363 tros
651 1303 746 1363 eidem
769 1302 900 1362 tribuere
919 1302 1022 1362 licebit
1040 1302 1184 1378 Apollini,
1207 1322 1242 1362 eo
1260 1303 1357 1381 magis

210 1393 289 1470 quod
313 1394 407 1470 ipsius
429 1412 537 1453 nomen
559 1395 591 1452 in
614 1393 676 1452 illis
699 1412 758 1453 non
776 1393 936 1452 inuenitur.
973 1392 1078 1469 Neque
1096 1410 1167 1452 uero
1185 1394 1265 1453 recte
1284 1392 1358 1452 dicit

209 1483 384 1543 Lactantius
408 1501 647 1561 unumquemque
671 1500 689 1540 a
711 1481 902 1558 precantibus
925 1484 1041 1558 patrem
1064 1483 1199 1542 inuocari
1226 1481 1357 1555 deorum,

209 1575 328 1632 etiamsi
351 1572 471 1632 Seruius
497 1574 601 1632 auctus
626 1571 705 1631 idem
729 1571 833 1631 tradat
856 1570 894 1632 ad
912 1573 985 1630 Aen,
1005 1571 1020 1630 I
1041 1572 1102 1632 155
1129 1566 1218 1633 ‘Sane
1241 1575 1357 1632 ueteres

209 1680 310 1722 omnes
333 1662 403 1721 deos
425 1664 526 1737 patres
549 1655 697 1721 dicebant'
720 1663 792 1721 conf
807 1660 889 1721 Seru.
908 1660 947 1722 ad
965 1662 1037 1722 Aen.
1057 1660 1072 1718 I
1092 1662 1154 1721 699
1174 1660 1296 1736 111893
1320 1661 1358 1720 ad

211 1751 317 1828 Georg.
335 1750 367 1809 Π
386 1752 405 1809 4
430 1746 532 1810 ‘Pater
553 1750 625 1810 licet
647 1752 784 1829 generale
807 1752 848 1811 sit
866 1752 999 1810 omnium
1017 1750 1148 1823 deorum,
1170 1752 1271 1810 tamen
1290 1770 1357 1827 pro·

209 1840 272 1917 prie
300 1839 407 1899 Libero
435 1859 551 1916 semper
577 1840 728 1900 cohaeret:
760 1860 830 1899 nam
858 1839 947 1900 Liber
974 1843 1060 1917 pater
1088 1833 1232 1899 uocatur’.
1278 1840 1358 1900 Nam

209 1929 416 2007 indigenarum
443 1931 562 2006 proprie
589 1931 646 1989 hoc
673 1931 827 2006 epitheton
850 1930 909 1988 fuit
932 1928 1067 2002 deorum,
1094 1947 1154 1987 non
1177 1928 1357 1990 Graecorum

210 2019 307 2095 qualis
348 2021 394 2078 est
429 2018 546 2096 Apollo.
611 2018 705 2089 Quem
745 2018 873 2097 Vergilii
912 2016 1028 2078 Aeneas
1075 2037 1142 2078 cum
1185 2018 1358 2096 adloquitur

210 2109 283 2168 Aen.
302 2108 349 2167 HI
369 2110 409 2167 89
434 2109 484 2178 do,
500 2113 597 2186 poter,
625 2112 793 2185 asperima,
820 2128 915 2185 neque
938 2107 1073 2184 sequitur
1095 2126 1208 2169 morem
1230 2108 1281 2167 illc
1304 2128 1356 2185 po·

208 2199 274 2275 puli
300 2198 428 2258 Romani
455 2197 629 2259 sollemnem
655 2217 750 2275 neque
778 2198 875 2259 uiolet
900 2198 1035 2276 regulam
1064 2217 1154 2275 quam
1180 2199 1357 2257 memoraui-

208 2306 283 2347 mus.
333 2287 412 2346 Nam
438 2292 526 2362 poter
557 2290 589 2348 et
619 2288 753 2348 homines
786 2287 925 2347 dicuntur
953 2280 1039 2369 (conf
1062 2289 1191 2363 interpp.
1220 2286 1258 2346 ad
1284 2287 1357 2347 Hor.

210 2378 295 2452 epist.
314 2377 329 2434 I
350 2378 378 2451 7,
393 2372 448 2452 37)
474 2377 658 2459 simpliciter,
681 2378 732 2439 sed
754 2379 786 2436 in
809 2376 855 2437 dis
874 2376 1053 2437 uocabulum
1072 2379 1117 2436 est
1134 2376 1263 2437 nominis
1282 2380 1357 2436 tam-

209 2485 300 2542 quam
327 2466 475 2542 appendix
503 2467 648 2527 enclitica.
700 2466 787 2537 Quod
814 2485 977 2543 numquam
1004 2466 1036 2524 in
1063 2485 1117 2526 suo
1145 2465 1263 2525 nomine
1292 2465 1358 2526 fieri

210 2557 346 2632 queritur
372 2555 481 2633 Apollo
509 2556 683 2617 Lucilianus
711 2575 806 2634 neque
833 2577 865 2617 re
892 2575 964 2617 uera
991 2557 1105 2616 lactum
1132 2558 1177 2615 est
1206 2574 1356 2631 umquam.

208 2646 313 2721 Neque
332 2645 446 2706 Gellius
460 2645 488 2702 V
505 2647 544 2706 12
569 2647 621 2706 ubi
644 2646 680 2706 de
702 2646 758 2707 hac
776 2667 809 2707 re
827 2648 928 2725 agitur
945 2647 1158 2706 commemorat
1174 2645 1357 2722 Apollinem,

209 2755 304 2812 neque
335 2734 505 2797 Macrobius
538 2736 656 2796 Saturn.
675 2735 691 2795 I
712 2738 766 2810 18,
799 2736 850 2795 ubi
882 2734 1036 2796 contendit
1066 2734 1207 2794 Liberum
1240 2739 1358 2811 patrem

210 2825 336 2884 eundem
355 2844 416 2885 esse
436 2828 526 2901 atque
540 2825 712 2902 Apollinem
730 2825 833 2885 eodem
851 2825 947 2884 utitur
966 2828 1150 2902 argumento,
1169 2843 1229 2902 quo
1244 2824 1260 2883 Ι
1276 2826 1356 2898 19,3

209 2915 343 2973 euincere
367 2915 467 2975 studet
489 2914 629 2973 Liberum
651 2918 768 2990 patrem
792 2917 822 2974 et
843 2914 971 2974 Martem
993 2916 1109 2989 patrem
1131 2933 1225 2973 unum
1248 2934 1357 2974 numen

210 3005 241 3062 et
262 3004 382 3062 nomine
408 3005 527 3063 tanturn
551 3003 682 3064 diuersos
710 3023 786 3078 esso,
815 3002 893 3079 quod
921 3005 1080 3078 utrumque
1107 3003 1235 3062 Romani
1261 3006 1357 3079 patris

210 3091 411 3167 appellatione
434 3095 624 3152 uenerantur:
654 3093 732 3169 quod
755 3096 966 3170 argumentum
988 3092 1051 3152 illic
1074 3093 1225 3152 attulisset
1253 3095 1279 3153 si
1305 3112 1357 3170 po-

209 3181 325 3254 tuisset,
347 3180 396 3239 hic
420 3179 530 3240 adferri
552 3181 710 3242 ridiculum
734 3185 807 3256 erat,
831 3185 856 3242 si
880 3183 1032 3242 adunam
1056 3201 1157 3242 omnes
1175 3183 1232 3242 hoc
1250 3200 1356 3261 cogno·

209 3269 289 3328 mine
312 3268 498 3329 uocabantur
520 3271 575 3330 dei.
624 3270 708 3331 Certe
732 3272 863 3350 uirgines
886 3272 1023 3332 Vestales
1047 3272 1218 3347 Apollinem
1240 3274 1285 3331 ita
1312 3274 1357 3330 in·

211 3357 395 3435 digitabant:
419 3354 540 3435 ‘Apollo
558 3360 680 3435 Medica,
698 3361 809 3436 Apollo
829 3357 939 3420 Paean'
961 3352 1103 3440 (Macrob.
1123 3361 1142 3418 l.
1162 3359 1214 3420 sl
1234 3353 1357 3442 17,15)

210 3450 241 3506 11
267 3447 347 3524 apud
372 3448 531 3507 Horatium
560 3449 644 3525 epist.
664 3450 679 3508 I
700 3454 750 3525 16,
771 3452 811 3510 57
841 3446 900 3509 ‘uir
928 3451 1022 3511 bonus
1042 3450 1358 3526 ...quandocumque

210 3536 280 3596 deos
307 3537 357 3596 uel
384 3555 474 3612 porco
501 3539 551 3597 uel
577 3539 654 3599 boue
681 3540 795 3615 placat,
825 3535 907 3600 ‘Iane
930 3533 1036 3616 puter’,
1064 3540 1157 3614 clare,
1184 3541 1262 3599 clare
1291 3559 1358 3598 cum

210 3626 287 3685 dixit
311 3620 452 3702 ‘Apollo’,
475 3626 560 3687 labra
583 3632 684 3689 mouet
703 3632 840 3690 metuens
860 3629 972 3688 audiri:
997 3624 1132 3705 ‘pulchra
1151 3629 1296 3704 Lauerna,
1320 3630 1358 3688 da

210 3717 285 3776 mihi
302 3710 419 3776 fallers'
433 3736 457 3774 1.
473 3736 499 3791 q.
514 3737 536 3777 s.
574 3715 639 3787 Quo
657 3720 722 3780 loco
742 3723 868 3796 apparet
880 3720 1002 3793 muster
1019 3737 1124 3778 reuera
1138 3719 1359 3778 inuocationem

211 3825 272 3866 esse
301 3806 422 3866 deorum
450 3806 631 3884 demumque
659 3812 690 3869 et
717 3809 868 3870 Romanae
895 3808 1075 3886 precationis
1105 3808 1256 3868 sollemnis
1290 3826 1357 3867 con-

210 3896 397 3956 suetudinem
422 3897 574 3973 quundam
597 3901 744 3975 spectasse
772 3903 802 3958 et
824 3899 992 3976 Vergilium
1020 3900 1050 3956 11
1077 3897 1226 3956 Lucilium
1253 3901 1358 3974 poetas

211 3985 278 4045 inde
301 3985 494 4046 manifestum
517 3991 571 4062 est,
594 3988 673 4065 quod
696 3989 727 4048 in
751 3989 826 4049 actis
848 3987 987 4048 ludorum
1013 3985 1210 4048 saecularium
1233 3988 1356 4063 llphem.

210 4075 302 4152 epigr.
321 4075 397 4134 VIII
419 4095 447 4150 p.
469 4078 532 4137 284
560 4078 634 4137 haec
661 4078 800 4155 legimus:
830 4073 968 4137 ‘Seuerus
991 4078 1063 4134 tunc
1086 4070 1200 4155 pra[eit
1226 4079 1258 4136 in
1285 4076 1358 4136 haec

210 4163 315 4223 uerba:
340 4159 515 4243 “Iuppit]er
538 4159 665 4244 [optime
688 4160 839 4246 m]axime,
863 4166 937 4225 Iuno
960 4166 1074 4242 regina,
1103 4165 1180 4225 bone
1203 4159 1356 4244 pulch[er]

211 4247 374 4331 Apo[llo]''
390 4298 397 4310 .
412 4297 418 4309 .
435 4249 453 4308 .'
486 4252 599 4323 Quibus
617 4257 690 4316 locis
704 4255 884 4316 uocabulum
897 4255 1019 4329 pulcher
1037 4257 1191 4314 strenuum
1206 4257 1237 4314 et
1249 4255 1357 4315 fortem

211 4341 342 4400 indicare
373 4359 533 4417 exposuere
560 4344 758 4424 Kiesslingius
791 4343 828 4403 ad
855 4344 927 4404 Hor.
947 4345 966 4403 l.
985 4365 1007 4404 s.
1036 4346 1067 4404 et
1095 4363 1183 4404 carm.
1203 4343 1246 4403 IV
1266 4345 1296 4418 4,
1316 4344 1356 4403 65

212 4429 295 4491 Seru.
322 4430 360 4490 ad
387 4430 460 4489 Aen.
479 4430 539 4490 VII
560 4434 623 4493 616
648 4434 691 4492 IV
712 4436 789 4508 149,
821 4435 892 4492 conf
917 4453 993 4510 quae
1020 4435 1161 4512 leguntur
1187 4434 1220 4493 in
1252 4435 1358 4493 neniae
