3036 5004
218 367 283 430 270
627 364 742 419 XXVIII
760 382 788 419 u.
809 368 957 421 ree-761.

217 537 373 595 sententiis
400 538 557 595 excusetur
589 535 814 595 consuetudine:
847 534 919 592 Hor.
940 535 1024 609 epist.
1045 533 1124 608 Π2,
1146 535 1209 592 172
1244 528 1371 610 ‘puncto

217 625 294 703 quod
319 625 437 685 mobilis
460 624 550 685 horse
574 644 653 684 nuno
675 643 771 701 prece,
794 642 872 682 nuno
895 624 1001 701 pretio,
1025 641 1102 682 nunc
1121 623 1162 698 ui,
1185 643 1263 683 nuno
1281 628 1374 684 morte

216 715 355 789 11111111
377 717 527 791 permutet
549 709 696 773 dominos'
723 713 781 773 011.
801 715 837 772 de
856 714 933 792 legg.
952 713 983 772 Π
1003 713 1044 771 48
1076 707 1123 771 ‘ne
1150 716 1247 772 morte
1274 714 1373 789 petris

217 804 349 863 families
372 823 524 865 sacrorum
547 806 690 863 memorie
714 798 880 863 occideret’.
926 802 1087 861 Abletiuus
1113 804 1208 862 solete
1236 803 1372 863 absolute

218 896 339 971 ponitur
362 895 501 953 similiter
528 913 574 970 ep.
594 892 736 952 Plautum
764 886 907 974 (interpp.
928 892 966 951 ed
984 892 1060 950 Men.
1082 884 1169 972 134).
1188 925 1232 933 —
1250 893 1372 951 Nouum

218 987 317 1043 temen
347 984 462 1059 aliquid
491 983 622 1042 traditur
648 983 704 1042 hoc
731 983 841 1042 Lucilii
867 1001 956 1041 uersu
982 981 1082 1040 uerbis
1110 981 1178 1041 huic
1210 984 1374 1041 transmtn't

217 1090 304 1132 suam
330 1075 426 1133 stolen
454 1072 533 1150 qnod
561 1071 634 1131 elibi
661 1072 806 1131 traditum
836 1090 895 1130 non
923 1075 968 1130 est
995 1072 1031 1130 de
1058 1070 1232 1130 Polemone:
1263 1073 1289 1130 is
1317 1075 1374 1131 aut

217 1166 396 1223 testamento
430 1163 541 1239 scripto
574 1164 627 1221 eut
658 1180 792 1221 sermone
829 1162 991 1220 nouissimo
1028 1178 1224 1221 successorem
1261 1162 1374 1221 fecerat

219 1250 369 1312 Oratetem
397 1253 558 1312 secundum
585 1251 748 1311 Lucilium:
776 1251 848 1311 conf
871 1248 1062 1326 Gomperzius
1090 1249 1290 1328 Sitzungsber.
1318 1249 1374 1309 der

219 1342 316 1401 WIen.
336 1341 433 1402 AIrad.
452 1342 501 1418 ph.
521 1341 590 1400 hist.
611 1341 653 1400 cl.
674 1340 765 1400 CXLI
787 1341 871 1399 1899
892 1339 951 1398 VH
969 1360 998 1416 p.
1020 1341 1129 1415 5seqq.
1148 1339 1288 1399 Aoedem.
1309 1340 1372 1399 iud.

220 1451 248 1507 p.
270 1433 391 1491 1111.

310 1513 392 1580 757.
411 1520 527 1580 Nonius
546 1540 574 1596 p.
595 1521 668 1588 330,
690 1521 730 1578 33
759 1514 975 1595 ‘Interpellare
998 1519 1103 1588 dicere,
1128 1518 1234 1578 ducere
1258 1511 1373 1600 (docere

218 1606 403 1687 Muellerus).
440 1610 573 1668 Lucilius
596 1609 647 1667 lib.
666 1608 796 1667 XXVIH
820 1601 879 1690 (ita
893 1609 930 1684 L,
952 1608 1099 1666 XXVIIII
1114 1600 1155 1689 G)
1176 1604 1303 1668 “uerum
1319 1655 1324 1666 .
1342 1656 1348 1666 .
1365 1656 1372 1668 .

219 1694 357 1758 sciem'’.’
405 1699 561 1776 Epistulae
589 1700 695 1757 similis
724 1701 826 1757 sature
853 1698 944 1758 tuisse
972 1697 1092 1757 uidetur
1118 1699 1201 1757 cuius
1231 1701 1295 1757 erat
1322 1699 1374 1758 hic

220 1806 337 1848 uersus:
361 1787 420 1848 Cic.
441 1789 525 1864 epist.
545 1788 605 1846 VII
626 1791 675 1859 10,
696 1789 714 1846 3
741 1783 827 1847 ‘solre
851 1789 930 1846 enim
953 1789 1055 1864 cupio,
1086 1786 1157 1864 quid
1181 1806 1266 1867 eges,
1300 1788 1374 1863 quid

220 1873 366 1953 expectes'
383 1897 406 1936 e.
422 1898 449 1954 q.
465 1881 522 1938 sd
548 1873 652 1953 ‘quere
676 1876 812 1936 omuibus
835 1877 981 1936 derebus
1004 1878 1052 1935 fec
1075 1880 1109 1935 nt
1132 1879 1374 1954 quamprimum

220 1963 322 2026 sciem'
347 1970 397 2041 11,
418 1970 436 2026 2
462 1963 532 2026 ‘Sed
559 1967 632 2026 heus
655 1970 704 2040 111,
732 1965 804 2042 quid
827 1964 911 2044 egis?
944 1966 1049 2042 ecquid
1072 1964 1127 2024 fit?
1146 2012 1152 2024 .
1170 2012 1198 2025 ..
1222 1967 1279 2026 Sed
1299 1968 1373 2044 quid

219 2058 269 2133 sit
293 2058 367 2115 scire
391 2052 501 2132 cupio'.
520 2090 564 2098 —-
582 2056 751 2132 interpella,
774 2057 845 2115 uise.

311 2139 392 2206 758.
416 2147 531 2206 Nonius
550 2166 579 2222 p.
600 2148 674 2222 279,
695 2149 712 2205 3
739 2141 810 2221 ’1)1,
838 2145 894 2205 dic.
919 2188 953 2204 ..
974 2191 979 2202 .
999 2149 1030 2204 et
1052 2145 1102 2203 lib.
1122 2145 1252 2204 XXVIII
1281 2142 1372 2222 “per-

221 2234 311 2295 suade
326 2238 357 2294 et
369 2237 474 2311 transi,
485 2237 534 2294 uel
549 2235 588 2295 da
602 2255 692 2311 quem
702 2234 739 2293 ob
750 2255 811 2294 rem
822 2229 1002 2294 transeas”.'
1033 2235 1163 2293 Enarrat
1173 2236 1373 2296 Buechelerus

219 2324 293 2384 Mus.
313 2325 405 2384 Rhen.
424 2325 524 2384 XLIII
545 2326 629 2384 1888
649 2345 677 2401 p.
699 2327 762 2384 293
789 2325 866 2383 huuc
894 2343 1014 2383 uersum
1042 2325 1097 2383 hoc
1124 2326 1257 2402 exemplo
1285 2345 1373 2387 usus:

222 2410 367 2474 ‘Athones
390 2415 605 2475 transeundum
629 2433 690 2474 esse
714 2414 858 2490 persuade
882 2414 967 2473 nobis
986 2416 1017 2472 et
1035 2416 1164 2473 sinemus
1183 2418 1213 2474 te
1232 2418 1373 2493 transire,

220 2507 274 2564 eut
297 2505 345 2564 dic
368 2506 500 2582 aliquam
523 2507 710 2565 transitionis
734 2508 804 2562 tuae
825 2498 967 2563 oausam’:
990 2503 1069 2561 idern
1088 2504 1189 2581 posuit
1206 2508 1275 2581 post
1293 2506 1373 2566 huno

220 2613 338 2655 uersum
358 2597 471 2654 11759
495 2595 551 2654 hoc
574 2593 661 2653 modo
686 2594 873 2653 distinctum:
905 2589 964 2652 ‘uel
987 2593 1012 2652 si
1036 2592 1096 2652 alio
1125 2613 1198 2670 opus
1226 2595 1279 2669 sit,
1307 2595 1373 2654 fore

220 2685 246 2743 si
268 2685 338 2743 hinc
361 2685 463 2760 aliquo
487 2679 628 2746 cesseris’.
676 2683 750 2742 Mihi
773 2685 820 2742 uel
844 2683 994 2759 particula
1021 2683 1097 2741 falso
1125 2674 1230 2760 posite
1252 2685 1374 2744 uidetur

220 2777 255 2832 ut
277 2773 327 2832 lib.
347 2773 461 2832 XXVII
479 2795 508 2833 u.
530 2775 607 2832 718:
630 2791 685 2849 pro
709 2792 768 2849 qua
791 2773 842 2833 scd
865 2772 1006 2832 substItui
1029 2772 1084 2832 hoc
1102 2771 1189 2832 modo
1209 2774 1260 2850 qui
1279 2775 1372 2833 iuter-

220 2867 321 2939 preter
345 2858 392 2922 ‘ut
410 2864 464 2923 elii
482 2865 638 2923 transeant
654 2863 800 2939 persuade
819 2865 850 2921 et
868 2863 979 2921 trensi:
1003 2862 1054 2922 sed
1072 2863 1119 2938 de,
1143 2882 1232 2939 quam
1251 2864 1289 2923 ob
1307 2883 1373 2924 rem

221 2947 377 3013 transeas’.

312 3034 394 3102 759.
408 3042 523 3101 Nonius
537 3061 565 3117 p.
578 3043 651 3117 250,
662 3043 702 3101 33
720 3036 851 3117 ‘Cedere
864 3040 1007 3101 recedere.
1030 3040 1165 3101 Lucilius
1179 3042 1229 3101 lib.
1241 3041 1373 3101 XXVIII

222 3126 296 3189 “uel
319 3133 346 3189 si
368 3130 428 3190 alio
452 3149 526 3207 opus
550 3132 590 3189 sit
608 3132 671 3189 fore
694 3131 808 3191 sihinc
827 3131 928 3206 eliquo
949 3126 1115 3191 cesseris’'.’
1159 3130 1237 3191 Conf
1253 3132 1371 3192 Terent.

220 3220 382 3279 Heeutont
399 3221 461 3278 572
483 3214 529 3277 ‘ut
545 3221 613 3279 11111
631 3220 769 3281 concedas
786 3221 1118 3295 1111111111111111111
1133 3217 1371 3298 aliquantisper’.

221 3310 266 3367 Tu
295 3309 389 3368 credis
416 3308 551 3384 diuitias,
580 3310 709 3385 lucrum,
739 3312 870 3387 corporis
902 3310 1116 3385 ualetudinem,
1139 3312 1249 3372 emIcos
1272 3312 1320 3370 uel
1345 3313 1373 3372 si

221 3400 281 3458 elia
312 3418 344 3457 re
377 3416 451 3475 opus
479 3400 532 3472 sit,
565 3401 665 3459 omnis
692 3401 751 3460 iste
779 3401 842 3459 fore
870 3399 939 3475 tibi,
969 3402 996 3460 si
1022 3400 1092 3459 hinc
1116 3402 1216 3477 aliquo
1239 3401 1370 3460 oesserIs.

223 3487 281 3547 Sed
304 3489 368 3547 illic
391 3490 416 3547 si
440 3488 506 3562 eris,
530 3488 609 3547 dices
631 3489 680 3547 hie
702 3507 808 3565 porcos
831 3492 930 3549 coctos
953 3490 1115 3549 ambulare.

315 3570 397 3638 760.
420 3577 535 3637 Nonius
558 3598 586 3654 p.
603 3579 681 3652 496,
701 3580 743 3637 20
768 3574 943 3638 ‘Genetiuus
966 3598 1052 3639 ossus
1074 3581 1190 3656 positus
1207 3598 1262 3656 pro
1286 3598 1371 3639 eccu-

220 3668 326 3727 satiuo.
372 3666 505 3726 Lucilius
533 3668 583 3726 lib.
607 3668 737 3726 XXVIH
766 3659 1074 3749 (11.768)..,κ11111
1103 3665 1152 3729 “si
1181 3672 1297 3749 argenti
1324 3671 1372 3728 in-

220 3750 349 3835 diges’'.’
404 3757 618 3835 Fragmentum
650 3755 780 3818 eiusdem
817 3776 879 3817 esse
911 3758 981 3817 libri
1013 3763 1139 3837 apparet
1171 3762 1262 3836 etque
1293 3760 1371 3818 illud

220 3848 300 3923 quod
323 3847 486 3924 praecedit:
509 3847 579 3906 uide
602 3846 639 3905 ed
662 3846 712 3906 lib.
732 3847 774 3905 IX
793 3867 822 3905 u.
843 3849 916 3906 341.

312 3928 394 3997 761.
421 3937 536 3996 Nonius
567 3956 596 4012 p.
618 3937 694 4011 384,
721 3939 760 3995 17
792 3932 992 4012 ‘Redundare,
1023 3939 1128 3998 redire.
1183 3937 1371 4015 Redundare,

220 4025 387 4101 abundare,
419 4045 578 4104 superesse.
633 4024 766 4086 Lucilius
803 4027 853 4085 lib.
877 4027 1008 4087 XXVIII
1045 4024 1165 4106 “primo
1203 4029 1372 4088 redundant

223 4112 382 4191 (redundat
400 4116 470 4175 olim
489 4116 628 4193 impressi
646 4118 676 4174 et
694 4108 811 4197 Iunius)
832 4136 937 4176 eurum
955 4136 991 4178 ec
1009 4118 1142 4178 tensauri
1162 4109 1220 4197 (ita
1238 4118 1267 4176 L
1281 4137 1318 4177 m.
1336 4123 1370 4178 1:

220 4204 352 4264 thesauri
389 4205 417 4262 L
436 4208 510 4265 119
530 4197 572 4286 G)
599 4201 750 4282 petent’'.'
803 4204 935 4268 Grandes
967 4210 1110 4284 pecuniae
1142 4209 1206 4267 illic
1237 4210 1267 4267 et
1299 4227 1370 4284 opes

220 4295 323 4352 stetim
347 4292 394 4352 die
418 4295 514 4369 primo
537 4292 712 4369 redundant,
737 4314 842 4354 eurum
866 4315 900 4355 11
922 4298 1057 4357 tensauri
1079 4299 1197 4374 petent:
1221 4296 1293 4357 conf
1309 4295 1369 4357 Oic.

218 4385 251 4442 in
275 4382 358 4440 Verr.
383 4386 439 4441 ect.
458 4384 489 4442 H
507 4383 588 4442 lib.I
608 4386 671 4443 100
692 4380 772 4443 ‘hiso
794 4385 864 4444 illee
884 4387 1136 4447 extraordinerIee
1154 4388 1297 4464 pecuniae
1317 4433 1323 4445 .
1340 4434 1369 4447 ..

218 4465 442 4531 redundarunt’.
470 4505 514 4514 —
541 4475 659 4550 petent,
681 4477 801 4549 praesto
824 4477 906 4534 sunt:
936 4474 994 4535 011.
1014 4478 1099 4552 epist.
1118 4476 1162 4536 VI
1183 4479 1237 4554 10,
1257 4478 1276 4535 3
1307 4472 1371 4537 ‘sed
