<?xml version="1.0" encoding="UTF-8"?>
<!DOCTYPE html PUBLIC "-//W3C//DTD XHTML 1.0 Transitional//EN"
    "http://www.w3.org/TR/xhtml1/DTD/xhtml1-transitional.dtd">
<html xmlns="http://www.w3.org/1999/xhtml" xml:lang="en" lang="en">
 <head>
  <title>
</title>
<meta http-equiv="Content-Type" content="text/html;charset=utf-8" />
  <meta name='ocr-system' content='tesseract 3.04.00' />
  <meta name='ocr-capabilities' content='ocr_page ocr_carea ocr_par ocr_line ocrx_word'/>
</head>
<body>
  <div class='ocr_page' id='page_1' title='image "./cluciliicarminu00lucigoog_0282.png"; bbox 0 0 3060 5010; ppageno 0'>
   <div class='ocr_carea' id='block_1_1' title="bbox 583 362 1314 428">
    <p class='ocr_par' dir='ltr' id='par_1_1' title="bbox 583 362 1314 428">
     <span class='ocr_line' id='line_1_1' title="bbox 583 362 1314 428; baseline 0 -12"><span class='ocrx_word' id='word_1_1' title='bbox 583 362 672 416; x_wconf 86' lang='lat' dir='ltr'>XXVI</span> <span class='ocrx_word' id='word_1_2' title='bbox 691 381 717 417; x_wconf 89' lang='lat' dir='ltr'>u.</span> <span class='ocrx_word' id='word_1_3' title='bbox 737 367 886 418; x_wconf 77' lang='lat' dir='ltr'>aaa-687.</span> <span class='ocrx_word' id='word_1_4' title='bbox 1248 363 1314 428; x_wconf 81' lang='grc'>249</span> 
     </span>
    </p>
   </div>
   <div class='ocr_carea' id='block_1_2' title="bbox 167 533 1318 1059">
    <p class='ocr_par' dir='ltr' id='par_1_2' title="bbox 167 533 1318 1059">
     <span class='ocr_line' id='line_1_2' title="bbox 167 533 1314 613; baseline 0 -20"><span class='ocrx_word' id='word_1_5' title='bbox 167 536 353 613; x_wconf 83' lang='lat' dir='ltr'>argenteum:</span> <span class='ocrx_word' id='word_1_6' title='bbox 394 535 495 611; x_wconf 88' lang='lat' dir='ltr'>sperat</span> <span class='ocrx_word' id='word_1_7' title='bbox 526 552 601 592; x_wconf 82' lang='lat' dir='ltr'>uxor</span> <span class='ocrx_word' id='word_1_8' title='bbox 637 533 778 591; x_wconf 89' lang='lat' dir='ltr'>maritum</span> <span class='ocrx_word' id='word_1_9' title='bbox 815 535 989 611; x_wconf 86' lang='lat' dir='ltr'>argenteum</span> <span class='ocrx_word' id='word_1_10' title='bbox 1025 534 1057 592; x_wconf 90' lang='grc'>16</span> <span class='ocrx_word' id='word_1_11' title='bbox 1093 535 1247 611; x_wconf 91' lang='lat' dir='ltr'>poculum,</span> <span class='ocrx_word' id='word_1_12' title='bbox 1283 537 1314 593; x_wconf 91' lang='grc'>16</span> 
     </span>
     <span class='ocr_line' id='line_1_3' title="bbox 167 621 1315 701; baseline -0.001 -18"><span class='ocrx_word' id='word_1_13' title='bbox 167 624 359 699; x_wconf 74' lang='lat' dir='ltr'>calanticam,</span> <span class='ocrx_word' id='word_1_14' title='bbox 400 626 432 683; x_wconf 92' lang='lat' dir='ltr'>in</span> <span class='ocrx_word' id='word_1_15' title='bbox 474 623 620 683; x_wconf 90' lang='lat' dir='ltr'>eburnnm</span> <span class='ocrx_word' id='word_1_16' title='bbox 660 623 813 698; x_wconf 90' lang='lat' dir='ltr'>speculum</span> <span class='ocrx_word' id='word_1_17' title='bbox 854 621 1010 699; x_wconf 87' lang='lat' dir='ltr'>pecuniam</span> <span class='ocrx_word' id='word_1_18' title='bbox 1048 624 1315 701; x_wconf 74' lang='lat' dir='ltr'>suppeditaturum.</span> 
     </span>
     <span class='ocr_line' id='line_1_4' title="bbox 168 710 1316 790; baseline 0.003 -19"><span class='ocrx_word' id='word_1_19' title='bbox 168 712 324 773; x_wconf 75' lang='lat' dir='ltr'><strong>Calantica</strong></span> <span class='ocrx_word' id='word_1_20' title='bbox 363 733 439 790; x_wconf 89' lang='lat' dir='ltr'>quae</span> <span class='ocrx_word' id='word_1_21' title='bbox 479 715 519 773; x_wconf 91' lang='lat' dir='ltr'>sit</span> <span class='ocrx_word' id='word_1_22' title='bbox 557 714 678 773; x_wconf 87' lang='lat' dir='ltr'>enarrat</span> <span class='ocrx_word' id='word_1_23' title='bbox 710 711 833 771; x_wconf 85' lang='lat' dir='ltr'>Seruius</span> <span class='ocrx_word' id='word_1_24' title='bbox 866 712 904 772; x_wconf 90' lang='lat' dir='ltr'>ad</span> <span class='ocrx_word' id='word_1_25' title='bbox 937 712 1009 771; x_wconf 80' lang='lat' dir='ltr'>Aen.</span> <span class='ocrx_word' id='word_1_26' title='bbox 1032 713 1075 771; x_wconf 91' lang='lat' dir='ltr'>IX</span> <span class='ocrx_word' id='word_1_27' title='bbox 1100 715 1162 773; x_wconf 98' lang='grc'>613</span> <span class='ocrx_word' id='word_1_28' title='bbox 1198 710 1316 774; x_wconf 89' lang='lat' dir='ltr'>‘mitrae</span> 
     </span>
     <span class='ocr_line' id='line_1_5' title="bbox 168 798 1317 880; baseline 0.002 -19"><span class='ocrx_word' id='word_1_29' title='bbox 168 803 359 878; x_wconf 84' lang='lat' dir='ltr'>feminarum,</span> <span class='ocrx_word' id='word_1_30' title='bbox 387 822 462 880; x_wconf 90' lang='lat' dir='ltr'>quas</span> <span class='ocrx_word' id='word_1_31' title='bbox 490 802 653 863; x_wconf 89' lang='lat' dir='ltr'>calanticas</span> <span class='ocrx_word' id='word_1_32' title='bbox 680 798 802 862; x_wconf 90' lang='lat' dir='ltr'>dicunt’.</span> <span class='ocrx_word' id='word_1_33' title='bbox 833 801 1036 879; x_wconf 63' lang='lat' dir='ltr'>«Antiphanes</span> <span class='ocrx_word' id='word_1_34' title='bbox 1065 801 1149 862; x_wconf 79' lang='lat' dir='ltr'>OAF</span> <span class='ocrx_word' id='word_1_35' title='bbox 1168 803 1199 862; x_wconf 91' lang='lat' dir='ltr'><strong>H</strong></span> <span class='ocrx_word' id='word_1_36' title='bbox 1221 823 1249 879; x_wconf 91' lang='lat' dir='ltr'>p.</span> <span class='ocrx_word' id='word_1_37' title='bbox 1265 805 1317 878; x_wconf 87' lang='lat'>88,</span> 
     </span>
     <span class='ocr_line' id='line_1_6' title="bbox 171 890 1315 972; baseline 0 -19"><span class='ocrx_word' id='word_1_38' title='bbox 171 892 272 953; x_wconf 76' lang='grc'>18911</span> <span class='ocrx_word' id='word_1_39' title='bbox 291 892 430 971; x_wconf 83' lang='grc' dir='ltr'>στίμμυν,</span> <span class='ocrx_word' id='word_1_40' title='bbox 443 891 600 971; x_wconf 86' lang='grc' dir='ltr'><strong><em>κατόπτρα,</em></strong></span> <span class='ocrx_word' id='word_1_41' title='bbox 615 890 797 972; x_wconf 77' lang='grc' dir='ltr'><strong><em>κρωβύλους,</em></strong></span> <span class='ocrx_word' id='word_1_42' title='bbox 810 890 1024 971; x_wconf 78' lang='grc' dir='ltr'><strong><em>κεκρυφάλους.</em></strong></span> <span class='ocrx_word' id='word_1_43' title='bbox 1061 891 1158 951; x_wconf 83' lang='grc' dir='ltr'>Ρ1661.</span> <span class='ocrx_word' id='word_1_44' title='bbox 1173 893 1258 952; x_wconf 73' lang='lat' dir='ltr'>Ibuc.</span> <span class='ocrx_word' id='word_1_45' title='bbox 1274 894 1315 953; x_wconf 81' lang='lat'>52</span> 
     </span>
     <span class='ocr_line' id='line_1_7' title="bbox 168 978 1318 1059; baseline 0.001 -18"><span class='ocrx_word' id='word_1_46' title='bbox 168 978 355 1059; x_wconf 77' lang='lat' dir='ltr'>‘priusquam</span> <span class='ocrx_word' id='word_1_47' title='bbox 383 1003 474 1042; x_wconf 92' lang='lat' dir='ltr'>unum</span> <span class='ocrx_word' id='word_1_48' title='bbox 505 982 632 1058; x_wconf 84' lang='lat' dir='ltr'>dederis,</span> <span class='ocrx_word' id='word_1_49' title='bbox 660 983 779 1042; x_wconf 89' lang='lat' dir='ltr'>centnm</span> <span class='ocrx_word' id='word_1_50' title='bbox 803 1001 879 1058; x_wconf 88' lang='lat' dir='ltr'>quae</span> <span class='ocrx_word' id='word_1_51' title='bbox 902 986 1007 1058; x_wconf 89' lang='lat' dir='ltr'>poscat</span> <span class='ocrx_word' id='word_1_52' title='bbox 1028 987 1129 1058; x_wconf 88' lang='lat' dir='ltr'>parat:</span> <span class='ocrx_word' id='word_1_53' title='bbox 1153 985 1206 1041; x_wconf 91' lang='lat' dir='ltr'>aut</span> <span class='ocrx_word' id='word_1_54' title='bbox 1228 983 1318 1059; x_wconf 89' lang='lat' dir='ltr'>periit</span> 
     </span>
    </p>
   </div>
   <div class='ocr_carea' id='block_1_3' title="bbox 168 1072 1445 1149">
    <p class='ocr_par' dir='ltr' id='par_1_3' title="bbox 168 1072 1445 1149">
     <span class='ocr_line' id='line_1_8' title="bbox 168 1072 1445 1149; baseline -0.001 -18"><span class='ocrx_word' id='word_1_55' title='bbox 168 1091 273 1131; x_wconf 90' lang='lat' dir='ltr'>aurum</span> <span class='ocrx_word' id='word_1_56' title='bbox 301 1074 355 1131; x_wconf 89' lang='lat' dir='ltr'>aut</span> <span class='ocrx_word' id='word_1_57' title='bbox 381 1074 528 1132; x_wconf 89' lang='lat' dir='ltr'>conscissa</span> <span class='ocrx_word' id='word_1_58' title='bbox 555 1073 670 1149; x_wconf 90' lang='lat' dir='ltr'>pallula</span> <span class='ocrx_word' id='word_1_59' title='bbox 698 1073 743 1130; x_wconf 91' lang='lat' dir='ltr'>est</span> <span class='ocrx_word' id='word_1_60' title='bbox 771 1075 824 1132; x_wconf 91' lang='lat' dir='ltr'>aut</span> <span class='ocrx_word' id='word_1_61' title='bbox 851 1074 952 1148; x_wconf 89' lang='lat' dir='ltr'>empta</span> <span class='ocrx_word' id='word_1_62' title='bbox 979 1072 1089 1131; x_wconf 89' lang='lat' dir='ltr'>ancilla</span> <span class='ocrx_word' id='word_1_63' title='bbox 1116 1073 1169 1131; x_wconf 90' lang='lat' dir='ltr'>aut</span> <span class='ocrx_word' id='word_1_64' title='bbox 1196 1072 1317 1149; x_wconf 87' lang='lat' dir='ltr'>aliquod</span> <span class='ocrx_word' id='word_1_65' title='bbox 1440 1111 1445 1119; x_wconf 88' lang='lat'>.</span> 
     </span>
    </p>
   </div>
   <div class='ocr_carea' id='block_1_4' title="bbox 97 1157 1325 4559">
    <p class='ocr_par' dir='ltr' id='par_1_4' title="bbox 167 1157 1318 1491">
     <span class='ocr_line' id='line_1_9' title="bbox 167 1157 1318 1240; baseline -0.002 -19"><span class='ocrx_word' id='word_1_66' title='bbox 167 1181 274 1221; x_wconf 88' lang='lat' dir='ltr'>nasum</span> <span class='ocrx_word' id='word_1_67' title='bbox 320 1157 519 1240; x_wconf 82' lang='lat' dir='ltr'>argenteum’.</span> <span class='ocrx_word' id='word_1_68' title='bbox 583 1161 701 1221; x_wconf 83' lang='lat' dir='ltr'>Similia</span> <span class='ocrx_word' id='word_1_69' title='bbox 745 1161 837 1220; x_wconf 89' lang='lat' dir='ltr'>uerba</span> <span class='ocrx_word' id='word_1_70' title='bbox 881 1160 1029 1220; x_wconf 80' lang='lat' dir='ltr'>finxerrmt</span> <span class='ocrx_word' id='word_1_71' title='bbox 1076 1160 1183 1222; x_wconf 84' lang='lat' dir='ltr'>Graeci</span> <span class='ocrx_word' id='word_1_72' title='bbox 1222 1163 1318 1221; x_wconf 88' lang='lat' dir='ltr'>ueluti</span> 
     </span>
     <span class='ocr_line' id='line_1_10' title="bbox 168 1249 1318 1331; baseline -0.001 -20"><span class='ocrx_word' id='word_1_73' title='bbox 168 1255 426 1330; x_wconf 83' lang='grc' dir='ltr'><strong><em>καθιπποτροφεῖν</em></strong></span> <span class='ocrx_word' id='word_1_74' title='bbox 444 1252 724 1331; x_wconf 80' lang='grc' dir='ltr'><strong><em>κατυζευγοτροφεῖν</em></strong></span> <span class='ocrx_word' id='word_1_75' title='bbox 746 1250 847 1311; x_wconf 89' lang='lat' dir='ltr'>Isaeus</span> <span class='ocrx_word' id='word_1_76' title='bbox 866 1249 894 1306; x_wconf 90' lang='lat' dir='ltr'>V</span> <span class='ocrx_word' id='word_1_77' title='bbox 913 1252 964 1311; x_wconf 91' lang='grc'>43.</span> <span class='ocrx_word' id='word_1_78' title='bbox 988 1249 1182 1310; x_wconf 66' lang='grc'>-7116166</span> <span class='ocrx_word' id='word_1_79' title='bbox 1204 1253 1318 1328; x_wconf 88' lang='lat' dir='ltr'>primus</span> 
     </span>
     <span class='ocr_line' id='line_1_11' title="bbox 168 1340 1318 1418; baseline -0.003 -16"><span class='ocrx_word' id='word_1_80' title='bbox 168 1341 276 1402; x_wconf 83' lang='lat' dir='ltr'>dixisse</span> <span class='ocrx_word' id='word_1_81' title='bbox 310 1342 437 1400; x_wconf 76' lang='lat' dir='ltr'>eburnus</span> <span class='ocrx_word' id='word_1_82' title='bbox 464 1340 610 1415; x_wconf 83' lang='lat' dir='ltr'>Lucilius,</span> <span class='ocrx_word' id='word_1_83' title='bbox 642 1341 782 1400; x_wconf 89' lang='lat' dir='ltr'>eburatus</span> <span class='ocrx_word' id='word_1_84' title='bbox 809 1341 934 1400; x_wconf 90' lang='lat' dir='ltr'>Plautus</span> <span class='ocrx_word' id='word_1_85' title='bbox 964 1342 1125 1418; x_wconf 78' lang='lat' dir='ltr'>scripserat</span> <span class='ocrx_word' id='word_1_86' title='bbox 1151 1341 1219 1400; x_wconf 82' lang='lat' dir='ltr'>Aul.</span> <span class='ocrx_word' id='word_1_87' title='bbox 1245 1342 1318 1415; x_wconf 89' lang='grc'>168,</span> 
     </span>
     <span class='ocr_line' id='line_1_12' title="bbox 169 1428 702 1491; baseline -0.004 -1"><span class='ocrx_word' id='word_1_88' title='bbox 169 1430 345 1491; x_wconf 90' lang='lat' dir='ltr'>eburneolus</span> <span class='ocrx_word' id='word_1_89' title='bbox 369 1428 428 1491; x_wconf 80' lang='grc'>916.</span> <span class='ocrx_word' id='word_1_90' title='bbox 448 1430 484 1490; x_wconf 83' lang='grc'>66</span> <span class='ocrx_word' id='word_1_91' title='bbox 507 1450 549 1490; x_wconf 91' lang='lat' dir='ltr'>or.</span> <span class='ocrx_word' id='word_1_92' title='bbox 562 1430 610 1489; x_wconf 90' lang='grc' dir='ltr'>ΙΠ</span> <span class='ocrx_word' id='word_1_93' title='bbox 630 1432 702 1489; x_wconf 85' lang='grc'>225.</span> 
     </span>
    </p>

    <p class='ocr_par' dir='ltr' id='par_1_5' title="bbox 97 1513 1320 2406">
     <span class='ocr_line' id='line_1_13' title="bbox 258 1513 1319 1598; baseline -0.001 -19"><span class='ocrx_word' id='word_1_94' title='bbox 258 1513 342 1581; x_wconf 84' lang='grc'>684.</span> <span class='ocrx_word' id='word_1_95' title='bbox 365 1521 481 1580; x_wconf 91' lang='lat' dir='ltr'>Nonius</span> <span class='ocrx_word' id='word_1_96' title='bbox 499 1541 527 1597; x_wconf 94' lang='lat' dir='ltr'>p.</span> <span class='ocrx_word' id='word_1_97' title='bbox 545 1521 618 1596; x_wconf 88' lang='grc'>382,</span> <span class='ocrx_word' id='word_1_98' title='bbox 634 1521 672 1580; x_wconf 89' lang='lat'>31</span> <span class='ocrx_word' id='word_1_99' title='bbox 696 1515 833 1598; x_wconf 63' lang='lat' dir='ltr'>‘Rogare</span> <span class='ocrx_word' id='word_1_100' title='bbox 846 1538 974 1597; x_wconf 88' lang='lat' dir='ltr'>poscere.</span> <span class='ocrx_word' id='word_1_101' title='bbox 1012 1519 1144 1579; x_wconf 90' lang='lat' dir='ltr'>Lucilius</span> <span class='ocrx_word' id='word_1_102' title='bbox 1159 1519 1210 1579; x_wconf 92' lang='lat' dir='ltr'>lib.</span> <span class='ocrx_word' id='word_1_103' title='bbox 1220 1519 1319 1578; x_wconf 86' lang='lat' dir='ltr'>XXVI</span> 
     </span>
     <span class='ocr_line' id='line_1_14' title="bbox 117 1604 1318 1687; baseline 0.002 -22"><span class='ocrx_word' id='word_1_104' title='bbox 117 1658 121 1664; x_wconf 86' lang='lat'>.</span> <span class='ocrx_word' id='word_1_105' title='bbox 170 1605 266 1669; x_wconf 82' lang='lat' dir='ltr'>“ferri</span> <span class='ocrx_word' id='word_1_106' title='bbox 363 1612 390 1669; x_wconf 86' lang='lat' dir='ltr'>si</span> <span class='ocrx_word' id='word_1_107' title='bbox 417 1628 535 1687; x_wconf 89' lang='lat' dir='ltr'>quoqne</span> <span class='ocrx_word' id='word_1_108' title='bbox 633 1604 818 1685; x_wconf 88' lang='lat' dir='ltr'>impetret&#39;&#39;.&#39;</span> <span class='ocrx_word' id='word_1_109' title='bbox 869 1608 952 1669; x_wconf 91' lang='lat' dir='ltr'>Idem</span> <span class='ocrx_word' id='word_1_110' title='bbox 979 1629 1007 1686; x_wconf 94' lang='lat' dir='ltr'>p.</span> <span class='ocrx_word' id='word_1_111' title='bbox 1028 1610 1107 1684; x_wconf 87' lang='grc'>366,</span> <span class='ocrx_word' id='word_1_112' title='bbox 1132 1612 1171 1668; x_wconf 88' lang='grc'>21</span> <span class='ocrx_word' id='word_1_113' title='bbox 1203 1605 1318 1669; x_wconf 78' lang='lat' dir='ltr'>‘Petere</span> 
     </span>
     <span class='ocr_line' id='line_1_15' title="bbox 169 1694 1317 1778; baseline -0.001 -18"><span class='ocrx_word' id='word_1_114' title='bbox 169 1699 319 1778; x_wconf 81' lang='lat' dir='ltr'>significat</span> <span class='ocrx_word' id='word_1_115' title='bbox 354 1719 483 1777; x_wconf 85' lang='lat' dir='ltr'>poscere.</span> <span class='ocrx_word' id='word_1_116' title='bbox 522 1698 739 1759; x_wconf 87' lang='lat' dir='ltr'>...Lucilius</span> <span class='ocrx_word' id='word_1_117' title='bbox 776 1698 827 1757; x_wconf 91' lang='lat' dir='ltr'>lib.</span> <span class='ocrx_word' id='word_1_118' title='bbox 848 1699 947 1757; x_wconf 84' lang='lat' dir='ltr'><strong>XXVI</strong></span> <span class='ocrx_word' id='word_1_119' title='bbox 987 1694 1166 1757; x_wconf 78' lang='lat' dir='ltr'>“fe1ri...</span> <span class='ocrx_word' id='word_1_120' title='bbox 1194 1694 1317 1774; x_wconf 87' lang='lat' dir='ltr'>petit”.’</span> 
     </span>
     <span class='ocr_line' id='line_1_16' title="bbox 168 1788 1319 1867; baseline 0.002 -20"><span class='ocrx_word' id='word_1_121' title='bbox 168 1789 258 1849; x_wconf 80' lang='lat' dir='ltr'>Ferri</span> <span class='ocrx_word' id='word_1_122' title='bbox 285 1788 362 1849; x_wconf 82' lang='lat' dir='ltr'>dixit</span> <span class='ocrx_word' id='word_1_123' title='bbox 389 1808 448 1848; x_wconf 91' lang='lat' dir='ltr'>non</span> <span class='ocrx_word' id='word_1_124' title='bbox 476 1792 568 1858; x_wconf 74' lang='lat' dir='ltr'>ceris,</span> <span class='ocrx_word' id='word_1_125' title='bbox 598 1789 676 1865; x_wconf 92' lang='lat' dir='ltr'>quod</span> <span class='ocrx_word' id='word_1_126' title='bbox 705 1808 772 1849; x_wconf 88' lang='lat' dir='ltr'>aere</span> <span class='ocrx_word' id='word_1_127' title='bbox 800 1788 891 1847; x_wconf 87' lang='lat' dir='ltr'>uilius</span> <span class='ocrx_word' id='word_1_128' title='bbox 921 1791 966 1848; x_wconf 89' lang='lat' dir='ltr'>est</span> <span class='ocrx_word' id='word_1_129' title='bbox 988 1790 1115 1848; x_wconf 81' lang='lat' dir='ltr'>ferrum:</span> <span class='ocrx_word' id='word_1_130' title='bbox 1138 1808 1199 1865; x_wconf 93' lang='lat' dir='ltr'>qno</span> <span class='ocrx_word' id='word_1_131' title='bbox 1221 1791 1319 1867; x_wconf 82' lang='lat' dir='ltr'>magis</span> 
     </span>
     <span class='ocr_line' id='line_1_17' title="bbox 97 1872 1319 1958; baseline -0.001 -19"><span class='ocrx_word' id='word_1_132' title='bbox 97 1872 101 1879; x_wconf 58' lang='lat'>.</span> <span class='ocrx_word' id='word_1_133' title='bbox 169 1882 295 1958; x_wconf 83' lang='lat' dir='ltr'>angetur</span> <span class='ocrx_word' id='word_1_134' title='bbox 317 1878 462 1939; x_wconf 84' lang='lat' dir='ltr'>acerbitas</span> <span class='ocrx_word' id='word_1_135' title='bbox 485 1881 637 1939; x_wconf 88' lang='lat' dir='ltr'>orationis.</span> <span class='ocrx_word' id='word_1_136' title='bbox 680 1879 827 1954; x_wconf 91' lang='lat' dir='ltr'>Loquitur</span> <span class='ocrx_word' id='word_1_137' title='bbox 849 1882 939 1954; x_wconf 89' lang='lat' dir='ltr'>poeta</span> <span class='ocrx_word' id='word_1_138' title='bbox 958 1878 1081 1938; x_wconf 87' lang='lat' dir='ltr'>caelebs.</span> <span class='ocrx_word' id='word_1_139' title='bbox 1121 1880 1146 1937; x_wconf 90' lang='lat' dir='ltr'>si</span> <span class='ocrx_word' id='word_1_140' title='bbox 1161 1878 1319 1938; x_wconf 82' lang='lat' dir='ltr'>accubitat:</span> 
     </span>
     <span class='ocr_line' id='line_1_18' title="bbox 168 1965 1320 2048; baseline -0.001 -20"><span class='ocrx_word' id='word_1_141' title='bbox 168 1970 233 2048; x_wconf 80' lang='lat' dir='ltr'>lege</span> <span class='ocrx_word' id='word_1_142' title='bbox 264 1967 480 2044; x_wconf 88' lang='lat' dir='ltr'>lepidissimam</span> <span class='ocrx_word' id='word_1_143' title='bbox 513 1965 662 2028; x_wconf 80' lang='lat' dir='ltr'>Ciceronis</span> <span class='ocrx_word' id='word_1_144' title='bbox 695 1967 733 2028; x_wconf 90' lang='lat' dir='ltr'>ad</span> <span class='ocrx_word' id='word_1_145' title='bbox 764 1967 900 2028; x_wconf 84' lang='lat' dir='ltr'>Atticum</span> <span class='ocrx_word' id='word_1_146' title='bbox 930 1969 1089 2045; x_wconf 87' lang='lat' dir='ltr'>epistulam</span> <span class='ocrx_word' id='word_1_147' title='bbox 1108 1967 1136 2024; x_wconf 90' lang='lat' dir='ltr'>V</span> <span class='ocrx_word' id='word_1_148' title='bbox 1157 1972 1189 2027; x_wconf 91' lang='lat'>1:</span> <span class='ocrx_word' id='word_1_149' title='bbox 1221 1969 1320 2028; x_wconf 83' lang='lat' dir='ltr'>fuerat</span> 
     </span>
     <span class='ocr_line' id='line_1_19' title="bbox 169 2053 1319 2137; baseline -0.002 -19"><span class='ocrx_word' id='word_1_150' title='bbox 169 2061 248 2118; x_wconf 89' lang='lat' dir='ltr'>inter</span> <span class='ocrx_word' id='word_1_151' title='bbox 280 2060 419 2137; x_wconf 80' lang='lat' dir='ltr'>coniuges</span> <span class='ocrx_word' id='word_1_152' title='bbox 452 2057 485 2128; x_wconf 85' lang='lat' dir='ltr'>Q.</span> <span class='ocrx_word' id='word_1_153' title='bbox 504 2057 675 2118; x_wconf 80' lang='lat' dir='ltr'>Ciceronem</span> <span class='ocrx_word' id='word_1_154' title='bbox 707 2059 737 2117; x_wconf 92' lang='grc'>61</span> <span class='ocrx_word' id='word_1_155' title='bbox 759 2057 956 2135; x_wconf 86' lang='lat' dir='ltr'>Pomponiam</span> <span class='ocrx_word' id='word_1_156' title='bbox 988 2059 1092 2135; x_wconf 88' lang='lat' dir='ltr'>aliqua</span> <span class='ocrx_word' id='word_1_157' title='bbox 1125 2053 1171 2116; x_wconf 85' lang='lat' dir='ltr'>‘ex</span> <span class='ocrx_word' id='word_1_158' title='bbox 1202 2060 1319 2118; x_wconf 90' lang='lat' dir='ltr'>ratione</span> 
     </span>
     <span class='ocr_line' id='line_1_20' title="bbox 170 2143 1320 2225; baseline 0.001 -18"><span class='ocrx_word' id='word_1_159' title='bbox 170 2149 307 2224; x_wconf 89' lang='lat' dir='ltr'>sumptus</span> <span class='ocrx_word' id='word_1_160' title='bbox 331 2143 479 2208; x_wconf 86' lang='lat' dir='ltr'>offensio&#39;:</span> <span class='ocrx_word' id='word_1_161' title='bbox 502 2151 567 2208; x_wconf 85' lang='lat' dir='ltr'>rixa</span> <span class='ocrx_word' id='word_1_162' title='bbox 590 2149 692 2208; x_wconf 85' lang='lat' dir='ltr'>coorta</span> <span class='ocrx_word' id='word_1_163' title='bbox 715 2149 747 2206; x_wconf 89' lang='grc'>16</span> <span class='ocrx_word' id='word_1_164' title='bbox 765 2147 884 2207; x_wconf 85' lang='lat' dir='ltr'>Arcano</span> <span class='ocrx_word' id='word_1_165' title='bbox 902 2150 1006 2208; x_wconf 89' lang='lat' dir='ltr'>narrat</span> <span class='ocrx_word' id='word_1_166' title='bbox 1026 2147 1171 2225; x_wconf 88' lang='lat' dir='ltr'>postridie</span> <span class='ocrx_word' id='word_1_167' title='bbox 1190 2145 1320 2216; x_wconf 81' lang='lat' dir='ltr'>Quintus</span> 
     </span>
     <span class='ocr_line' id='line_1_21' title="bbox 169 2233 1320 2313; baseline 0 -17"><span class='ocrx_word' id='word_1_168' title='bbox 169 2237 257 2297; x_wconf 83' lang='lat' dir='ltr'>fratri</span> <span class='ocrx_word' id='word_1_169' title='bbox 281 2233 346 2297; x_wconf 84' lang='lat' dir='ltr'>‘uec</span> <span class='ocrx_word' id='word_1_170' title='bbox 369 2255 468 2297; x_wconf 91' lang='lat' dir='ltr'>secum</span> <span class='ocrx_word' id='word_1_171' title='bbox 491 2238 575 2297; x_wconf 77' lang='lat' dir='ltr'>Illam</span> <span class='ocrx_word' id='word_1_172' title='bbox 599 2238 728 2298; x_wconf 90' lang='lat' dir='ltr'>dormire</span> <span class='ocrx_word' id='word_1_173' title='bbox 750 2237 880 2297; x_wconf 89' lang='lat' dir='ltr'>uoluisse</span> <span class='ocrx_word' id='word_1_174' title='bbox 902 2240 941 2312; x_wconf 91' lang='lat' dir='ltr'>et,</span> <span class='ocrx_word' id='word_1_175' title='bbox 964 2257 1032 2297; x_wconf 91' lang='lat' dir='ltr'>cum</span> <span class='ocrx_word' id='word_1_176' title='bbox 1051 2237 1216 2298; x_wconf 90' lang='lat' dir='ltr'>discessura</span> <span class='ocrx_word' id='word_1_177' title='bbox 1235 2242 1320 2313; x_wconf 89' lang='lat' dir='ltr'>esset,</span> 
     </span>
     <span class='ocr_line' id='line_1_22' title="bbox 170 2322 844 2406; baseline 0.001 -21"><span class='ocrx_word' id='word_1_178' title='bbox 170 2328 260 2388; x_wconf 84' lang='lat' dir='ltr'>fuisse</span> <span class='ocrx_word' id='word_1_179' title='bbox 284 2327 438 2402; x_wconf 88' lang='lat' dir='ltr'>eiusmodi,</span> <span class='ocrx_word' id='word_1_180' title='bbox 461 2327 580 2404; x_wconf 84' lang='lat' dir='ltr'>qualem</span> <span class='ocrx_word' id='word_1_181' title='bbox 604 2347 658 2406; x_wconf 82' lang='lat' dir='ltr'>ego</span> <span class='ocrx_word' id='word_1_182' title='bbox 682 2322 844 2386; x_wconf 87' lang='lat' dir='ltr'>uidissem&#39;.</span> 
     </span>
    </p>

    <p class='ocr_par' dir='ltr' id='par_1_6' title="bbox 168 2407 1324 4289">
     <span class='ocr_line' id='line_1_23' title="bbox 259 2407 1320 2496; baseline 0 -20"><span class='ocrx_word' id='word_1_183' title='bbox 259 2410 343 2477; x_wconf 87' lang='grc'>686.</span> <span class='ocrx_word' id='word_1_184' title='bbox 370 2418 486 2476; x_wconf 86' lang='lat' dir='ltr'>Nonius</span> <span class='ocrx_word' id='word_1_185' title='bbox 515 2417 620 2494; x_wconf 86' lang='grc'>618,</span> <span class='ocrx_word' id='word_1_186' title='bbox 646 2416 663 2474; x_wconf 90' lang='grc'>6</span> <span class='ocrx_word' id='word_1_187' title='bbox 695 2411 842 2475; x_wconf 83' lang='lat' dir='ltr'>‘Delirare</span> <span class='ocrx_word' id='word_1_188' title='bbox 873 2407 1019 2496; x_wconf 85' lang='lat' dir='ltr'>(delerare</span> <span class='ocrx_word' id='word_1_189' title='bbox 1049 2415 1132 2474; x_wconf 76' lang='lat' dir='ltr'>Gna.</span> <span class='ocrx_word' id='word_1_190' title='bbox 1147 2408 1184 2496; x_wconf 82' lang='lat'>2)</span> <span class='ocrx_word' id='word_1_191' title='bbox 1211 2420 1258 2475; x_wconf 90' lang='lat' dir='ltr'>est</span> <span class='ocrx_word' id='word_1_192' title='bbox 1284 2417 1320 2476; x_wconf 92' lang='lat' dir='ltr'>de</span> 
     </span>
     <span class='ocr_line' id='line_1_24' title="bbox 170 2496 1320 2588; baseline 0 -22"><span class='ocrx_word' id='word_1_193' title='bbox 170 2509 251 2567; x_wconf 90' lang='lat' dir='ltr'>recto</span> <span class='ocrx_word' id='word_1_194' title='bbox 270 2506 418 2566; x_wconf 90' lang='lat' dir='ltr'>decedere.</span> <span class='ocrx_word' id='word_1_195' title='bbox 445 2554 486 2564; x_wconf 93' lang='lat'>...</span> <span class='ocrx_word' id='word_1_196' title='bbox 502 2506 636 2566; x_wconf 88' lang='lat' dir='ltr'>Lucilius</span> <span class='ocrx_word' id='word_1_197' title='bbox 651 2505 748 2564; x_wconf 82' lang='lat' dir='ltr'>XXVI</span> <span class='ocrx_word' id='word_1_198' title='bbox 764 2501 971 2583; x_wconf 88' lang='lat' dir='ltr'>“quapropter</span> <span class='ocrx_word' id='word_1_199' title='bbox 987 2552 1027 2563; x_wconf 94' lang='lat'>...</span> <span class='ocrx_word' id='word_1_200' title='bbox 1043 2507 1135 2584; x_wconf 79' lang='lat' dir='ltr'>fungo</span> <span class='ocrx_word' id='word_1_201' title='bbox 1150 2496 1273 2585; x_wconf 81' lang='lat' dir='ltr'>(fungor</span> <span class='ocrx_word' id='word_1_202' title='bbox 1280 2500 1320 2588; x_wconf 83' lang='lat' dir='ltr'>G)</span> 
     </span>
     <span class='ocr_line' id='line_1_25' title="bbox 169 2592 1321 2673; baseline 0 -19"><span class='ocrx_word' id='word_1_203' title='bbox 169 2592 353 2656; x_wconf 82' lang='lat' dir='ltr'>rubcrum’&#39;.&#39;</span> <span class='ocrx_word' id='word_1_204' title='bbox 403 2595 556 2656; x_wconf 88' lang='lat' dir='ltr'>Leidensis</span> <span class='ocrx_word' id='word_1_205' title='bbox 589 2595 698 2655; x_wconf 81' lang='grc'>6661616</span> <span class='ocrx_word' id='word_1_206' title='bbox 730 2596 947 2673; x_wconf 88' lang='lat' dir='ltr'>praestantiam</span> <span class='ocrx_word' id='word_1_207' title='bbox 979 2594 1066 2655; x_wconf 88' lang='lat' dir='ltr'>facile</span> <span class='ocrx_word' id='word_1_208' title='bbox 1099 2596 1236 2673; x_wconf 83' lang='lat' dir='ltr'>agnoscis</span> <span class='ocrx_word' id='word_1_209' title='bbox 1268 2598 1321 2671; x_wconf 90' lang='lat' dir='ltr'>qui</span> 
     </span>
     <span class='ocr_line' id='line_1_26' title="bbox 168 2683 1320 2762; baseline -0.002 -17"><span class='ocrx_word' id='word_1_210' title='bbox 168 2687 260 2760; x_wconf 74' lang='grc'>[6666</span> <span class='ocrx_word' id='word_1_211' title='bbox 291 2687 442 2760; x_wconf 70' lang='lat' dir='ltr'>ruborum,</span> <span class='ocrx_word' id='word_1_212' title='bbox 475 2683 724 2762; x_wconf 82' lang='lat' dir='ltr'>Guelferbytanus</span> <span class='ocrx_word' id='word_1_213' title='bbox 751 2686 1012 2759; x_wconf 67' lang='lat' dir='ltr'>[uapor-ruborum,</span> <span class='ocrx_word' id='word_1_214' title='bbox 1044 2705 1059 2742; x_wconf 92' lang='lat' dir='ltr'>r</span> <span class='ocrx_word' id='word_1_215' title='bbox 1091 2684 1169 2743; x_wconf 88' lang='lat' dir='ltr'>male</span> <span class='ocrx_word' id='word_1_216' title='bbox 1201 2686 1320 2760; x_wconf 86' lang='lat' dir='ltr'>iterata,</span> 
     </span>
     <span class='ocr_line' id='line_1_27' title="bbox 170 2773 1321 2850; baseline -0.002 -15"><span class='ocrx_word' id='word_1_217' title='bbox 170 2778 259 2835; x_wconf 88' lang='lat' dir='ltr'>sicuti</span> <span class='ocrx_word' id='word_1_218' title='bbox 290 2776 341 2835; x_wconf 92' lang='lat' dir='ltr'>lib.</span> <span class='ocrx_word' id='word_1_219' title='bbox 356 2775 458 2834; x_wconf 83' lang='lat' dir='ltr'>XVIII</span> <span class='ocrx_word' id='word_1_220' title='bbox 477 2777 588 2834; x_wconf 84' lang='grc'>6554</span> <span class='ocrx_word' id='word_1_221' title='bbox 616 2777 766 2850; x_wconf 83' lang='lat' dir='ltr'>fruniscor</span> <span class='ocrx_word' id='word_1_222' title='bbox 798 2792 844 2833; x_wconf 87' lang='lat' dir='ltr'>eso</span> <span class='ocrx_word' id='word_1_223' title='bbox 876 2773 1042 2847; x_wconf 88' lang='lat' dir='ltr'>Leidensis‚</span> <span class='ocrx_word' id='word_1_224' title='bbox 1074 2775 1223 2847; x_wconf 73' lang='lat' dir='ltr'>franisror</span> <span class='ocrx_word' id='word_1_225' title='bbox 1255 2792 1321 2848; x_wconf 72' lang='lat' dir='ltr'>repo</span> 
     </span>
     <span class='ocr_line' id='line_1_28' title="bbox 171 2862 1320 2942; baseline -0.003 -17"><span class='ocrx_word' id='word_1_226' title='bbox 171 2864 429 2942; x_wconf 77' lang='lat' dir='ltr'>Guelferbytanus.</span> <span class='ocrx_word' id='word_1_227' title='bbox 486 2864 679 2923; x_wconf 83' lang='lat' dir='ltr'>Scribendnm</span> <span class='ocrx_word' id='word_1_228' title='bbox 712 2882 775 2923; x_wconf 86' lang='grc'>6666</span> <span class='ocrx_word' id='word_1_229' title='bbox 813 2864 922 2939; x_wconf 74' lang='lat' dir='ltr'>[reaper</span> <span class='ocrx_word' id='word_1_230' title='bbox 958 2865 1081 2923; x_wconf 80' lang='lat' dir='ltr'>liberam</span> <span class='ocrx_word' id='word_1_231' title='bbox 1118 2862 1320 2922; x_wconf 77' lang='lat' dir='ltr'>demonstrarii</span> 
     </span>
     <span class='ocr_line' id='line_1_29' title="bbox 170 2953 1321 3031; baseline -0.002 -18"><span class='ocrx_word' id='word_1_232' title='bbox 170 2955 244 3015; x_wconf 88' lang='lat' dir='ltr'>Mus.</span> <span class='ocrx_word' id='word_1_233' title='bbox 259 2954 353 3014; x_wconf 83' lang='lat' dir='ltr'>Rheu.</span> <span class='ocrx_word' id='word_1_234' title='bbox 368 2953 436 3013; x_wconf 86' lang='lat' dir='ltr'>XLI</span> <span class='ocrx_word' id='word_1_235' title='bbox 453 2956 537 3013; x_wconf 93' lang='grc'>1886</span> <span class='ocrx_word' id='word_1_236' title='bbox 557 2974 586 3031; x_wconf 90' lang='lat' dir='ltr'>p.</span> <span class='ocrx_word' id='word_1_237' title='bbox 602 2956 665 3014; x_wconf 86' lang='grc'>549</span> <span class='ocrx_word' id='word_1_238' title='bbox 686 2956 756 3030; x_wconf 89' lang='lat' dir='ltr'>qnia</span> <span class='ocrx_word' id='word_1_239' title='bbox 774 2953 853 3012; x_wconf 89' lang='lat' dir='ltr'>idem</span> <span class='ocrx_word' id='word_1_240' title='bbox 868 2955 984 3030; x_wconf 91' lang='lat' dir='ltr'>positus</span> <span class='ocrx_word' id='word_1_241' title='bbox 999 2954 1151 3012; x_wconf 88' lang='lat' dir='ltr'>inuenitur</span> <span class='ocrx_word' id='word_1_242' title='bbox 1165 2954 1321 3029; x_wconf 86' lang='lat' dir='ltr'>genetiuus</span> 
     </span>
     <span class='ocr_line' id='line_1_30' title="bbox 170 3041 1321 3120; baseline -0.003 -16"><span class='ocrx_word' id='word_1_243' title='bbox 170 3047 202 3103; x_wconf 91' lang='grc'>16</span> <span class='ocrx_word' id='word_1_244' title='bbox 227 3046 315 3117; x_wconf 84' lang='lat' dir='ltr'>exitu</span> <span class='ocrx_word' id='word_1_245' title='bbox 347 3063 487 3103; x_wconf 90' lang='lat' dir='ltr'>uersuum</span> <span class='ocrx_word' id='word_1_246' title='bbox 514 3044 606 3103; x_wconf 80' lang='grc'>116611</span> <span class='ocrx_word' id='word_1_247' title='bbox 635 3045 698 3103; x_wconf 90' lang='grc'>362</span> <span class='ocrx_word' id='word_1_248' title='bbox 728 3044 812 3102; x_wconf 85' lang='lat' dir='ltr'>Accii</span> <span class='ocrx_word' id='word_1_249' title='bbox 843 3045 893 3103; x_wconf 91' lang='grc'>79.</span> <span class='ocrx_word' id='word_1_250' title='bbox 923 3043 1028 3102; x_wconf 78' lang='grc'>37611</span> <span class='ocrx_word' id='word_1_251' title='bbox 1058 3043 1175 3101; x_wconf 86' lang='lat' dir='ltr'>Terent.</span> <span class='ocrx_word' id='word_1_252' title='bbox 1195 3041 1321 3120; x_wconf 80' lang='lat' dir='ltr'>Adelph.</span> 
     </span>
     <span class='ocr_line' id='line_1_31' title="bbox 173 3127 1322 3211; baseline 0.001 -20"><span class='ocrx_word' id='word_1_253' title='bbox 173 3136 235 3194; x_wconf 92' lang='grc'>793</span> <span class='ocrx_word' id='word_1_254' title='bbox 260 3135 373 3211; x_wconf 85' lang='lat' dir='ltr'>Turpil.</span> <span class='ocrx_word' id='word_1_255' title='bbox 395 3136 436 3193; x_wconf 85' lang='grc'>54</span> <span class='ocrx_word' id='word_1_256' title='bbox 451 3134 490 3192; x_wconf 81' lang='lat' dir='ltr'>a:</span> <span class='ocrx_word' id='word_1_257' title='bbox 517 3135 591 3193; x_wconf 85' lang='lat' dir='ltr'>item</span> <span class='ocrx_word' id='word_1_258' title='bbox 618 3133 698 3211; x_wconf 93' lang='lat' dir='ltr'>apud</span> <span class='ocrx_word' id='word_1_259' title='bbox 728 3132 887 3192; x_wconf 85' lang='lat' dir='ltr'>Afranium</span> <span class='ocrx_word' id='word_1_260' title='bbox 916 3132 1021 3192; x_wconf 83' lang='grc'>36111</span> <span class='ocrx_word' id='word_1_261' title='bbox 1048 3133 1160 3210; x_wconf 78' lang='lat' dir='ltr'>legitur</span> <span class='ocrx_word' id='word_1_262' title='bbox 1183 3127 1322 3192; x_wconf 75' lang='lat' dir='ltr'>‘manres</span> 
     </span>
     <span class='ocr_line' id='line_1_32' title="bbox 172 3218 1323 3300; baseline -0.002 -17"><span class='ocrx_word' id='word_1_263' title='bbox 172 3225 265 3284; x_wconf 89' lang='lat' dir='ltr'>nestri</span> <span class='ocrx_word' id='word_1_264' title='bbox 283 3223 482 3300; x_wconf 87' lang='lat' dir='ltr'>incupidiorce</span> <span class='ocrx_word' id='word_1_265' title='bbox 501 3223 629 3282; x_wconf 88' lang='lat' dir='ltr'>liberum</span> <span class='ocrx_word' id='word_1_266' title='bbox 647 3218 763 3283; x_wconf 83' lang='lat' dir='ltr'>Fuere&#39;.</span> <span class='ocrx_word' id='word_1_267' title='bbox 801 3221 885 3282; x_wconf 82' lang='lat' dir='ltr'>Adde</span> <span class='ocrx_word' id='word_1_268' title='bbox 904 3222 984 3299; x_wconf 92' lang='lat' dir='ltr'>quod</span> <span class='ocrx_word' id='word_1_269' title='bbox 1004 3222 1062 3281; x_wconf 83' lang='grc'>(116.</span> <span class='ocrx_word' id='word_1_270' title='bbox 1078 3219 1127 3281; x_wconf 89' lang='lat' dir='ltr'>Or.</span> <span class='ocrx_word' id='word_1_271' title='bbox 1145 3222 1207 3280; x_wconf 87' lang='lat'>155</span> <span class='ocrx_word' id='word_1_272' title='bbox 1227 3221 1323 3281; x_wconf 84' lang='lat' dir='ltr'>tradit</span> 
     </span>
     <span class='ocr_line' id='line_1_33' title="bbox 172 3309 1322 3393; baseline 0 -21"><span class='ocrx_word' id='word_1_273' title='bbox 172 3314 207 3372; x_wconf 89' lang='lat' dir='ltr'>de</span> <span class='ocrx_word' id='word_1_274' title='bbox 235 3315 358 3373; x_wconf 79' lang='lat' dir='ltr'>liberum</span> <span class='ocrx_word' id='word_1_275' title='bbox 385 3315 537 3393; x_wconf 79' lang='lat' dir='ltr'>genetiuo:</span> <span class='ocrx_word' id='word_1_276' title='bbox 567 3309 637 3373; x_wconf 89' lang='lat' dir='ltr'>‘non</span> <span class='ocrx_word' id='word_1_277' title='bbox 665 3314 739 3372; x_wconf 81' lang='grc'>(11611</span> <span class='ocrx_word' id='word_1_278' title='bbox 766 3313 902 3383; x_wconf 81' lang='lat' dir='ltr'>liberum,</span> <span class='ocrx_word' id='word_1_279' title='bbox 934 3315 970 3372; x_wconf 93' lang='lat' dir='ltr'>nt</span> <span class='ocrx_word' id='word_1_280' title='bbox 998 3313 1134 3389; x_wconf 90' lang='lat' dir='ltr'>plerique</span> <span class='ocrx_word' id='word_1_281' title='bbox 1161 3312 1322 3388; x_wconf 88' lang='lat' dir='ltr'>loquimur,</span> 
     </span>
     <span class='ocr_line' id='line_1_34' title="bbox 173 3401 1323 3477; baseline -0.002 -15"><span class='ocrx_word' id='word_1_282' title='bbox 173 3422 239 3463; x_wconf 91' lang='lat' dir='ltr'>cum</span> <span class='ocrx_word' id='word_1_283' title='bbox 272 3405 392 3477; x_wconf 66' lang='grc'>66614166</span> <span class='ocrx_word' id='word_1_284' title='bbox 423 3405 547 3463; x_wconf 71' lang='lat' dir='ltr'>liberm</span> <span class='ocrx_word' id='word_1_285' title='bbox 579 3406 633 3462; x_wconf 88' lang='lat' dir='ltr'>ant</span> <span class='ocrx_word' id='word_1_286' title='bbox 663 3405 696 3462; x_wconf 79' lang='lat' dir='ltr'>ia</span> <span class='ocrx_word' id='word_1_287' title='bbox 728 3403 850 3462; x_wconf 82' lang='lat' dir='ltr'>liberum</span> <span class='ocrx_word' id='word_1_288' title='bbox 882 3403 941 3460; x_wconf 83' lang='lat' dir='ltr'>loco</span> <span class='ocrx_word' id='word_1_289' title='bbox 969 3402 1107 3476; x_wconf 87' lang='lat' dir='ltr'>dicimus,</span> <span class='ocrx_word' id='word_1_290' title='bbox 1140 3401 1191 3462; x_wconf 89' lang='lat' dir='ltr'>sed</span> <span class='ocrx_word' id='word_1_291' title='bbox 1214 3404 1250 3461; x_wconf 90' lang='lat' dir='ltr'>ut</span> <span class='ocrx_word' id='word_1_292' title='bbox 1271 3401 1323 3461; x_wconf 91' lang='lat' dir='ltr'>isti</span> 
     </span>
     <span class='ocr_line' id='line_1_35' title="bbox 172 3488 1323 3569; baseline 0 -18"><span class='ocrx_word' id='word_1_293' title='bbox 172 3488 289 3553; x_wconf 87' lang='lat' dir='ltr'>uolunt’</span> <span class='ocrx_word' id='word_1_294' title='bbox 319 3493 337 3553; x_wconf 94' lang='grc'>1.</span> <span class='ocrx_word' id='word_1_295' title='bbox 352 3513 376 3552; x_wconf 92' lang='lat' dir='ltr'>e.</span> <span class='ocrx_word' id='word_1_296' title='bbox 400 3492 569 3553; x_wconf 88' lang='lat' dir='ltr'>liberorum.</span> <span class='ocrx_word' id='word_1_297' title='bbox 619 3492 702 3552; x_wconf 89' lang='lat' dir='ltr'>Idem</span> <span class='ocrx_word' id='word_1_298' title='bbox 735 3491 838 3551; x_wconf 91' lang='lat' dir='ltr'>eodem</span> <span class='ocrx_word' id='word_1_299' title='bbox 865 3510 943 3551; x_wconf 91' lang='lat' dir='ltr'>anno</span> <span class='ocrx_word' id='word_1_300' title='bbox 971 3492 1098 3569; x_wconf 91' lang='lat' dir='ltr'>protulit</span> <span class='ocrx_word' id='word_1_301' title='bbox 1125 3491 1323 3551; x_wconf 87' lang='lat' dir='ltr'>Baehrensius</span> 
     </span>
     <span class='ocr_line' id='line_1_36' title="bbox 171 3581 1324 3660; baseline 0 -20"><span class='ocrx_word' id='word_1_302' title='bbox 171 3582 245 3641; x_wconf 85' lang='lat' dir='ltr'>FPL</span> <span class='ocrx_word' id='word_1_303' title='bbox 269 3602 296 3658; x_wconf 95' lang='lat' dir='ltr'>p.</span> <span class='ocrx_word' id='word_1_304' title='bbox 318 3584 396 3656; x_wconf 88' lang='grc'>213,</span> <span class='ocrx_word' id='word_1_305' title='bbox 430 3584 492 3643; x_wconf 83' lang='grc'>502</span> <span class='ocrx_word' id='word_1_306' title='bbox 530 3603 626 3660; x_wconf 90' lang='lat' dir='ltr'>neque</span> <span class='ocrx_word' id='word_1_307' title='bbox 663 3584 763 3641; x_wconf 87' lang='lat' dir='ltr'>tamen</span> <span class='ocrx_word' id='word_1_308' title='bbox 797 3581 945 3642; x_wconf 88' lang='lat' dir='ltr'>Mercerus</span> <span class='ocrx_word' id='word_1_309' title='bbox 982 3583 1097 3658; x_wconf 87' lang='lat' dir='ltr'>primus</span> <span class='ocrx_word' id='word_1_310' title='bbox 1132 3581 1164 3639; x_wconf 89' lang='lat' dir='ltr'>id</span> <span class='ocrx_word' id='word_1_311' title='bbox 1201 3583 1324 3640; x_wconf 74' lang='lat' dir='ltr'>liberum</span> 
     </span>
     <span class='ocr_line' id='line_1_37' title="bbox 173 3670 1321 3749; baseline -0.002 -19"><span class='ocrx_word' id='word_1_312' title='bbox 173 3673 345 3749; x_wconf 84' lang='lat' dir='ltr'>genetiuum</span> <span class='ocrx_word' id='word_1_313' title='bbox 376 3673 447 3749; x_wconf 90' lang='lat' dir='ltr'>poni</span> <span class='ocrx_word' id='word_1_314' title='bbox 479 3673 589 3746; x_wconf 89' lang='lat' dir='ltr'>uoluit,</span> <span class='ocrx_word' id='word_1_315' title='bbox 622 3672 686 3747; x_wconf 90' lang='lat' dir='ltr'>sed,</span> <span class='ocrx_word' id='word_1_316' title='bbox 719 3675 753 3731; x_wconf 91' lang='lat' dir='ltr'>ut</span> <span class='ocrx_word' id='word_1_317' title='bbox 780 3671 890 3731; x_wconf 90' lang='lat' dir='ltr'>diserte</span> <span class='ocrx_word' id='word_1_318' title='bbox 918 3673 1039 3749; x_wconf 87' lang='lat' dir='ltr'>exponit</span> <span class='ocrx_word' id='word_1_319' title='bbox 1066 3670 1097 3728; x_wconf 89' lang='lat' dir='ltr'>in</span> <span class='ocrx_word' id='word_1_320' title='bbox 1124 3671 1203 3730; x_wconf 89' lang='lat' dir='ltr'>notis</span> <span class='ocrx_word' id='word_1_321' title='bbox 1231 3690 1259 3747; x_wconf 92' lang='lat' dir='ltr'>p.</span> <span class='ocrx_word' id='word_1_322' title='bbox 1280 3671 1321 3728; x_wconf 88' lang='grc'>94</span> 
     </span>
     <span class='ocr_line' id='line_1_38' title="bbox 173 3757 1323 3839; baseline -0.001 -20"><span class='ocrx_word' id='word_1_323' title='bbox 173 3760 242 3819; x_wconf 89' lang='lat' dir='ltr'>edit.</span> <span class='ocrx_word' id='word_1_324' title='bbox 265 3762 360 3836; x_wconf 93' lang='grc'>1614,</span> <span class='ocrx_word' id='word_1_325' title='bbox 383 3760 579 3822; x_wconf 89' lang='lat' dir='ltr'>adiectiuum:</span> <span class='ocrx_word' id='word_1_326' title='bbox 603 3761 706 3821; x_wconf 92' lang='lat' dir='ltr'>eodem</span> <span class='ocrx_word' id='word_1_327' title='bbox 729 3761 817 3820; x_wconf 92' lang='lat' dir='ltr'>modo</span> <span class='ocrx_word' id='word_1_328' title='bbox 840 3760 941 3839; x_wconf 92' lang='grc'>666611</span> <span class='ocrx_word' id='word_1_329' title='bbox 963 3762 1086 3820; x_wconf 76' lang='lat' dir='ltr'>liberam</span> <span class='ocrx_word' id='word_1_330' title='bbox 1106 3757 1251 3836; x_wconf 79' lang='lat' dir='ltr'>Gorpetns</span> <span class='ocrx_word' id='word_1_331' title='bbox 1271 3760 1323 3835; x_wconf 90' lang='lat' dir='ltr'>qui</span> 
     </span>
     <span class='ocr_line' id='line_1_39' title="bbox 174 3848 1323 3925; baseline 0 -17"><span class='ocrx_word' id='word_1_332' title='bbox 174 3849 293 3925; x_wconf 89' lang='lat' dir='ltr'>scripsit</span> <span class='ocrx_word' id='word_1_333' title='bbox 324 3851 427 3924; x_wconf 80' lang='lat' dir='ltr'>cupide</span> <span class='ocrx_word' id='word_1_334' title='bbox 466 3852 554 3910; x_wconf 84' lang='lat' dir='ltr'>sicuti</span> <span class='ocrx_word' id='word_1_335' title='bbox 586 3850 742 3910; x_wconf 85' lang='lat' dir='ltr'>Mercerus.</span> <span class='ocrx_word' id='word_1_336' title='bbox 801 3850 941 3909; x_wconf 83' lang='lat' dir='ltr'>imitatus</span> <span class='ocrx_word' id='word_1_337' title='bbox 979 3868 1042 3910; x_wconf 89' lang='lat' dir='ltr'>esse</span> <span class='ocrx_word' id='word_1_338' title='bbox 1077 3848 1198 3908; x_wconf 90' lang='lat' dir='ltr'>uidetur</span> <span class='ocrx_word' id='word_1_339' title='bbox 1233 3851 1323 3924; x_wconf 89' lang='lat' dir='ltr'>poeta</span> 
     </span>
     <span class='ocr_line' id='line_1_40' title="bbox 173 3935 1323 4018; baseline -0.002 -21"><span class='ocrx_word' id='word_1_340' title='bbox 173 3938 330 3998; x_wconf 85' lang='lat' dir='ltr'>Menandri</span> <span class='ocrx_word' id='word_1_341' title='bbox 366 3938 551 4018; x_wconf 83' lang='lat' dir='ltr'>Misogynem</span> <span class='ocrx_word' id='word_1_342' title='bbox 597 3938 682 3998; x_wconf 82' lang='lat' dir='ltr'>GAF</span> <span class='ocrx_word' id='word_1_343' title='bbox 704 3939 751 3998; x_wconf 95' lang='grc' dir='ltr'>ΙΠ</span> <span class='ocrx_word' id='word_1_344' title='bbox 774 3960 802 4016; x_wconf 92' lang='lat' dir='ltr'>p.</span> <span class='ocrx_word' id='word_1_345' title='bbox 823 3942 879 4013; x_wconf 89' lang='grc'>94,</span> <span class='ocrx_word' id='word_1_346' title='bbox 908 3938 1015 3999; x_wconf 83' lang='grc' dir='ltr'>325Κ</span> <span class='ocrx_word' id='word_1_347' title='bbox 1050 3935 1126 4018; x_wconf 75' lang='grc' dir='ltr'><strong><em>γυνὴ</em></strong></span> <span class='ocrx_word' id='word_1_348' title='bbox 1163 3936 1323 4014; x_wconf 78' lang='grc' dir='ltr'><strong><em>πολυτελής</em></strong></span> 
     </span>
     <span class='ocr_line' id='line_1_41' title="bbox 174 4019 1323 4111; baseline -0.001 -25"><span class='ocrx_word' id='word_1_349' title='bbox 174 4020 228 4087; x_wconf 76' lang='grc' dir='ltr'><strong><em>ἔστ’</em></strong></span> <span class='ocrx_word' id='word_1_350' title='bbox 253 4023 388 4108; x_wconf 78' lang='grc' dir='ltr'>ὀχληρόν,</span> <span class='ocrx_word' id='word_1_351' title='bbox 412 4020 477 4087; x_wconf 79' lang='grc' dir='ltr'><strong><em>οὐδ’</em></strong></span> <span class='ocrx_word' id='word_1_352' title='bbox 503 4024 537 4111; x_wconf 70' lang='grc' dir='ltr'>ἐᾷ</span> <span class='ocrx_word' id='word_1_353' title='bbox 561 4029 614 4106; x_wconf 75' lang='grc' dir='ltr'>ζῆν</span> <span class='ocrx_word' id='word_1_354' title='bbox 637 4026 689 4088; x_wconf 85' lang='grc' dir='ltr'>τὸν</span> <span class='ocrx_word' id='word_1_355' title='bbox 712 4020 835 4104; x_wconf 77' lang='grc' dir='ltr'>λαβόνθ’</span> <span class='ocrx_word' id='word_1_356' title='bbox 860 4025 901 4100; x_wconf 79' lang='grc' dir='ltr'>ὡς</span> <span class='ocrx_word' id='word_1_357' title='bbox 927 4022 1051 4107; x_wconf 78' lang='grc' dir='ltr'>βούλετ’.</span> <span class='ocrx_word' id='word_1_358' title='bbox 1097 4019 1157 4085; x_wconf 76' lang='grc' dir='ltr'>ἀλλ’</span> <span class='ocrx_word' id='word_1_359' title='bbox 1182 4023 1276 4085; x_wconf 69' lang='grc' dir='ltr'><strong><em>ἔνεστί</em></strong></span> <span class='ocrx_word' id='word_1_360' title='bbox 1297 4049 1323 4086; x_wconf 84' lang='grc' dir='ltr'>τι</span> 
     </span>
     <span class='ocr_line' id='line_1_42' title="bbox 173 4109 1323 4198; baseline -0.001 -21"><span class='ocrx_word' id='word_1_361' title='bbox 173 4113 292 4198; x_wconf 76' lang='grc' dir='ltr'><strong><em>ἀγαθὸν</em></strong></span> <span class='ocrx_word' id='word_1_362' title='bbox 315 4110 363 4176; x_wconf 79' lang='grc' dir='ltr'>ἀπ’</span> <span class='ocrx_word' id='word_1_363' title='bbox 388 4115 488 4195; x_wconf 79' lang='grc' dir='ltr'><strong><em>αὐτῆς,</em></strong></span> <span class='ocrx_word' id='word_1_364' title='bbox 510 4116 626 4189; x_wconf 76' lang='grc' dir='ltr'><strong><em>παῖδες·</em></strong></span> <span class='ocrx_word' id='word_1_365' title='bbox 651 4109 763 4177; x_wconf 75' lang='grc' dir='ltr'><strong><em>ἐλθόντ’</em></strong></span> <span class='ocrx_word' id='word_1_366' title='bbox 789 4115 831 4188; x_wconf 78' lang='grc' dir='ltr'>εἰς</span> <span class='ocrx_word' id='word_1_367' title='bbox 853 4116 945 4179; x_wconf 90' lang='grc' dir='ltr'><strong><em>νόσον</em></strong></span> <span class='ocrx_word' id='word_1_368' title='bbox 967 4111 990 4195; x_wconf 96' lang='lat'>†</span> <span class='ocrx_word' id='word_1_369' title='bbox 1013 4114 1064 4176; x_wconf 85' lang='grc' dir='ltr'>τὸν</span> <span class='ocrx_word' id='word_1_370' title='bbox 1088 4114 1190 4195; x_wconf 74' lang='grc' dir='ltr'><strong><em>ἔχοντα</em></strong></span> <span class='ocrx_word' id='word_1_371' title='bbox 1211 4115 1323 4194; x_wconf 82' lang='grc' dir='ltr'><strong><em>ταύτην</em></strong></span> 
     </span>
     <span class='ocr_line' id='line_1_43' title="bbox 173 4203 1320 4289; baseline 0 -22"><span class='ocrx_word' id='word_1_372' title='bbox 173 4205 373 4289; x_wconf 77' lang='grc' dir='ltr'><strong><em>ἐθεράπευσεν</em></strong></span> <span class='ocrx_word' id='word_1_373' title='bbox 384 4203 535 4284; x_wconf 74' lang='grc' dir='ltr'><strong><em>ἐπιμελῶς,</em></strong></span> <span class='ocrx_word' id='word_1_374' title='bbox 549 4203 705 4285; x_wconf 77' lang='grc' dir='ltr'><strong><em>ἀτυχοῦντι</em></strong></span> <span class='ocrx_word' id='word_1_375' title='bbox 714 4203 957 4287; x_wconf 76' lang='grc' dir='ltr'><strong><em>συμπαρέμεινεν,</em></strong></span> <span class='ocrx_word' id='word_1_376' title='bbox 970 4203 1165 4266; x_wconf 77' lang='grc' dir='ltr'><strong><em>ἀποθανόντα</em></strong></span> <span class='ocrx_word' id='word_1_377' title='bbox 1173 4227 1202 4265; x_wconf 88' lang='grc' dir='ltr'>τε</span> <span class='ocrx_word' id='word_1_378' title='bbox 1213 4203 1320 4282; x_wconf 75' lang='grc' dir='ltr'>ἔθαψε.</span> 
     </span>
    </p>

    <p class='ocr_par' dir='ltr' id='par_1_7' title="bbox 159 4288 1325 4559">
     <span class='ocr_line' id='line_1_44' title="bbox 264 4288 1325 4376; baseline 0 -20"><span class='ocrx_word' id='word_1_379' title='bbox 264 4290 347 4359; x_wconf 81' lang='grc'>667.</span> <span class='ocrx_word' id='word_1_380' title='bbox 371 4296 487 4356; x_wconf 83' lang='grc'>1166166</span> <span class='ocrx_word' id='word_1_381' title='bbox 510 4317 539 4374; x_wconf 92' lang='lat' dir='ltr'>p.</span> <span class='ocrx_word' id='word_1_382' title='bbox 556 4296 629 4370; x_wconf 87' lang='grc'>381,</span> <span class='ocrx_word' id='word_1_383' title='bbox 649 4298 690 4356; x_wconf 90' lang='grc'>23</span> <span class='ocrx_word' id='word_1_384' title='bbox 712 4291 844 4355; x_wconf 81' lang='lat' dir='ltr'>‘Referre</span> <span class='ocrx_word' id='word_1_385' title='bbox 864 4296 1013 4375; x_wconf 78' lang='lat' dir='ltr'>significat</span> <span class='ocrx_word' id='word_1_386' title='bbox 1030 4296 1161 4372; x_wconf 86' lang='lat' dir='ltr'>perferre</span> <span class='ocrx_word' id='word_1_387' title='bbox 1179 4288 1325 4376; x_wconf 76' lang='lat' dir='ltr'>(proferre</span> 
     </span>
     <span class='ocr_line' id='line_1_45' title="bbox 159 4378 1325 4467; baseline -0.001 -22"><span class='ocrx_word' id='word_1_388' title='bbox 159 4378 408 4467; x_wconf 80' lang='lat' dir='ltr'>Lachmannus),</span> <span class='ocrx_word' id='word_1_389' title='bbox 425 4387 565 4447; x_wconf 89' lang='lat' dir='ltr'>iudicare.</span> <span class='ocrx_word' id='word_1_390' title='bbox 646 4386 780 4446; x_wconf 87' lang='lat' dir='ltr'>Lucilius</span> <span class='ocrx_word' id='word_1_391' title='bbox 798 4385 848 4444; x_wconf 92' lang='lat' dir='ltr'>lib.</span> <span class='ocrx_word' id='word_1_392' title='bbox 863 4385 962 4446; x_wconf 81' lang='lat' dir='ltr'>XXVI</span> <span class='ocrx_word' id='word_1_393' title='bbox 981 4381 1085 4462; x_wconf 82' lang='lat' dir='ltr'>“quod</span> <span class='ocrx_word' id='word_1_394' title='bbox 1102 4385 1127 4445; x_wconf 92' lang='lat' dir='ltr'>is</span> <span class='ocrx_word' id='word_1_395' title='bbox 1142 4387 1325 4460; x_wconf 79' lang='lat' dir='ltr'>intellcpcbcr</span> 
     </span>
     <span class='ocr_line' id='line_1_46' title="bbox 176 4468 1324 4559; baseline 0.003 -25"><span class='ocrx_word' id='word_1_396' title='bbox 176 4472 369 4553; x_wconf 76' lang='lat' dir='ltr'>(intellepcbut</span> <span class='ocrx_word' id='word_1_397' title='bbox 389 4469 509 4559; x_wconf 90' lang='lat' dir='ltr'>Iunius)</span> <span class='ocrx_word' id='word_1_398' title='bbox 527 4494 623 4554; x_wconf 88' lang='lat' dir='ltr'>posse,</span> <span class='ocrx_word' id='word_1_399' title='bbox 642 4476 680 4536; x_wconf 88' lang='lat' dir='ltr'>ad</span> <span class='ocrx_word' id='word_1_400' title='bbox 699 4470 758 4559; x_wconf 86' lang='lat' dir='ltr'>(ita</span> <span class='ocrx_word' id='word_1_401' title='bbox 776 4477 806 4536; x_wconf 86' lang='lat' dir='ltr'>L</span> <span class='ocrx_word' id='word_1_402' title='bbox 824 4495 860 4536; x_wconf 88' lang='lat' dir='ltr'>m.</span> <span class='ocrx_word' id='word_1_403' title='bbox 878 4481 896 4536; x_wconf 90' lang='lat'><strong><em>1</em></strong></span> <span class='ocrx_word' id='word_1_404' title='bbox 920 4475 1001 4535; x_wconf 88' lang='lat' dir='ltr'>haud</span> <span class='ocrx_word' id='word_1_405' title='bbox 1021 4476 1048 4534; x_wconf 85' lang='lat' dir='ltr'>L</span> <span class='ocrx_word' id='word_1_406' title='bbox 1066 4495 1104 4536; x_wconf 87' lang='lat' dir='ltr'>m.</span> <span class='ocrx_word' id='word_1_407' title='bbox 1118 4468 1193 4558; x_wconf 78' lang='lat' dir='ltr'>2G)</span> <span class='ocrx_word' id='word_1_408' title='bbox 1213 4495 1324 4553; x_wconf 89' lang='lat' dir='ltr'>paucos</span> 
     </span>
    </p>
   </div>
   <div class='ocr_carea' id='block_1_5' title="bbox 0 0 1544 5010">
    <p class='ocr_par' dir='ltr' id='par_1_8' title="bbox 0 0 1544 5010">
     <span class='ocr_line' id='line_1_47' title="bbox 0 0 1544 5010; baseline 0 0"><span class='ocrx_word' id='word_1_409' title='bbox 0 0 1544 5010; x_wconf 95' lang='lat' dir='ltr'> </span> 
     </span>
    </p>
   </div>
  </div>
 </body>
</html>
