3060 5010
201 342 264 408 198
685 338 748 392 xvl
767 355 793 392 u.
813 342 873 393 sas.

197 509 306 589 ἐκάλει,
337 509 466 571 παιδίων
498 502 660 590 δείματαέ).
710 509 817 585 Itaque
850 527 885 567 er
918 509 1089 568 narratione
1119 510 1265 584 praetoris
1293 509 1348 568 ali·

198 603 282 662 cinus
304 601 355 660 uel
376 600 471 678 legati
494 599 608 659 dictum
630 600 710 678 regis
727 598 877 659 Thracum
900 600 1026 658 nouerat
1043 597 1175 658 Lucilius
1199 599 1278 675 quod
1297 599 1349 658 ille

198 693 310 752 iecerat
332 689 495 767 aliquando
517 690 549 748 in
572 707 707 750 sermone
730 687 905 748 cottidiano.
924 721 967 729 —
987 687 1072 757 Quod
1091 687 1199 748 dixisse
1218 688 1349 748 traditur

199 782 274 841 dnos
302 799 365 841 osse
391 779 599 839 tantummodo
627 780 745 853 uentos,
778 781 912 837 austrum
940 780 1031 855 atque
1061 773 1245 854 aquilonem,
1275 779 1349 838 haec

199 870 335 930 doctrina
366 869 521 947 popularis
549 870 632 929 extat
659 866 739 944 apud
764 867 956 928 Aristotelem
983 867 1068 945 polit.
1087 866 1106 926 δ
1123 886 1152 944 p.
1173 869 1292 927 129οα
1309 871 1348 928 13

200 959 323 1038 μάλιστα
346 955 379 1020 δέ
402 958 543 1019 δοκοῦσιν
565 949 641 1018 εἶναι
665 956 731 1034 δύο,
753 955 890 1036 καθάπερ
913 954 962 1017 έπλ
984 965 1044 1017 τῶν
1069 955 1246 1034 πνευμάτων
1273 953 1350 1037 λέγε-

200 1071 247 1109 ται
273 1047 309 1108 τὰ
337 1044 391 1125 μέν
418 1045 520 1127 βόρεια
547 1044 583 1106 τά
611 1042 643 1107 δέ
665 1044 763 1121 νότια,
790 1044 826 1105 td
849 1038 878 1105 d'
908 1042 981 1106 ἀλλα
1008 1044 1120 1106 τούτων
1147 1045 1350 1126 παρεκβάσεις,

200 1138 277 1199 οὕτω
304 1135 354 1196 καλ
380 1145 439 1197 τῶν
466 1141 621 1197 πολιτειῶν
648 1134 720 1213 δύο,
751 1135 845 1214 δῆμος
872 1133 922 1195 καλ
949 1131 1100 1216 ὀλιγαρχία
1126 1154 1222 1212 neque
1250 1139 1350 1196 tamen

200 1228 360 1306 quicquam
387 1226 447 1287 ista
474 1228 591 1286 facum
618 1224 656 1286 ad
679 1224 789 1285 Lucilii
816 1244 919 1286 uersus
946 1245 1044 1301 neque
1070 1226 1167 1303 magis
1196 1224 1275 1302 quod
1302 1244 1350 1302 ap.

200 1317 305 1377 Isidor.
329 1318 402 1394 orig.
421 1316 496 1375 XIII
516 1320 566 1390 11,
587 1317 627 1375 14
652 1335 687 1374 ex
710 1315 847 1375 omnibus
874 1317 972 1375 uentis
1001 1318 1102 1376 auster
1130 1317 1161 1375 et
1187 1316 1350 1392 septentrio

200 1407 367 1468 cardinales
395 1406 587 1484 appellantur
614 1424 710 1481 neque
737 1403 864 1481 deniqne
892 1424 968 1481 quae
996 1405 1132 1482 exposita
1157 1406 1352 1464 inueniuntur

202 1496 282 1574 apud
301 1495 399 1556 Strab.
419 1496 481 1572 lp.
503 1497 543 1555 29
568 1494 680 1554 similia
702 1494 776 1553 haec
800 1491 870 1554 Εἱσλ
893 1490 926 1553 δέ
948 1514 1025 1567 τινες
1044 1492 1078 1554 οῗ
1091 1510 1185 1571 φασιν
1202 1486 1278 1554 εἶναι
1296 1493 1352 1555 δύο

202 1585 271 1659 τοὺς
294 1583 493 1664 κυριωτάτους
514 1580 644 1662 ἀνέμους
666 1579 775 1663 βορέαν
797 1581 848 1642 καλ
870 1582 973 1661 νότον,
1002 1581 1071 1656 τοὺς
1094 1580 1127 1643 δέ
1149 1579 1256 1657 ἀλλους
1278 1581 1352 1643 κατά

201 1672 310 1754 μικράν
333 1672 461 1755 ἔγκλισιν
484 1669 652 1752 διαφέρειν,
680 1669 732 1732 τὸν
755 1668 809 1750 μέν
831 1669 890 1733 ἀπὸ
916 1676 1046 1752 θερινῶν
1073 1669 1226 1733 ἀνατολῶν
1252 1663 1352 1753 εὖρον,

201 1771 372 1846 χειμερινῶν
395 1758 428 1823 δέ
450 1759 632 1841 ἀπηλιώτην,
655 1760 770 1822 δύσεων
792 1757 824 1822 δέ
843 1766 974 1841 θερινῶν
995 1758 1049 1840 μέν
1068 1759 1206 1842 ζέφυρον,
1229 1784 1352 1842 χειμερι-

203 1862 265 1915 νῶν
288 1849 320 1913 δέ
343 1849 494 1933 ἀργέστην.
540 1854 601 1912 Τοῦ
624 1848 657 1913 δέ
679 1850 735 1912 δύο
757 1843 834 1911 εἶναι
857 1849 926 1924 τοὺς
948 1848 1078 1930 ἀνέμους
1100 1860 1256 1913 ποιοῦνται
1279 1851 1352 1931 μάρ-

204 1965 295 2023 τυρας
320 1941 518 2022 Θρασυάλκην
540 1961 569 2001 τε
592 1938 643 2002 καλ
665 1938 716 2001 τὸν
738 1939 867 2020 ποιητὴν
890 1938 982 2001 αάτδν
1005 1946 1044 2025 τῷ
1063 1940 1116 2003 τὸν
1138 1937 1192 2020 μέν
1210 1938 1353 2022 ἀργέστην

204 2037 244 2114 τῷ
268 2030 345 2116 νότῳ
367 2027 544 2113 προσνέμειν
567 2027 720 2111 ’ἀργεστᾶο
743 2027 879 2109 Νότοιο’,
905 2029 957 2092 τδν
985 2027 1016 2091 δέ
1045 2027 1174 2110 ζέφυρον
1201 2035 1240 2113 τῷ
1264 2028 1354 2114 βορέα

205 2118 325 2202 βορέης
347 2118 397 2181 καί
421 2117 556 2201 ζέφυρος,
579 2119 618 2181 τώ
641 2141 670 2181 τε
696 2115 858 2206 Θρῄκηθεν
880 2117 994 2198 ἀητον’.
1043 2117 1123 2199 Φησὶ
1145 2117 1178 2182 δέ
1202 2120 1353 2181 Ποσειδώ-

206 2233 270 2283 νιος
293 2207 407 2290 μηδένα
430 2209 524 2281 οὕτως
542 2206 782 2291 παραδεδωκέναι
800 2208 870 2282 τοὺς
887 2206 1017 2288 ἀνέμους
1035 2218 1095 2270 τῶν
1112 2209 1270 2290 γνωρίμων
1288 2207 1354 2289 περὶ

203 2307 294 2361 ταῦτα
317 2292 383 2361 οἷον
402 2293 582 2379 Ἀριστοτέλη
609 2295 779 2378 Τιμοσθένη
801 2298 901 2360 Βίωνα
924 2298 975 2359 τδν
997 2296 1176 2379 ἀστρολόγον
1199 2303 1257 2359 κτλ.
1295 2298 1353 2358 Sed

202 2393 263 2452 Ista
285 2389 477 2468 physicorum
493 2389 710 2449 'nonnullorum
734 2390 835 2466 opinio
854 2389 930 2449 nihil
949 2389 987 2449 ad
1006 2407 1109 2449 uersus
1128 2389 1250 2448 Lucilii:
1273 2389 1353 2466 apud

204 2479 381 2540 Strabonem
405 2481 485 2539 enim
508 2481 719 2557 comparantur
742 2479 846 2556 aquilo
865 2482 1025 2556 austerque
1044 2498 1112 2539 oum
1130 2478 1268 2540 omnibus
1285 2479 1353 2538 reli·

205 2572 272 2647 quis
295 2570 408 2646 uentis,
436 2569 467 2628 in
490 2570 536 2630 his
559 2567 652 2647 (lotys
674 2587 725 2627 rer
748 2568 786 2627 ab
809 2568 870 2628 illis
894 2567 992 2629 uentis
1015 2569 1142 2629 secernit
1164 2588 1223 2628 non
1247 2568 1354 2646 zephy-

204 2680 271 2719 rum
294 2679 398 2720 eurum
422 2659 507 2734 alios,
529 2659 579 2719 sed
605 2654 691 2719 ‘istos
714 2678 749 2718 er
772 2658 873 2718 nimbo
897 2654 1061 2733 austellos'‚
1089 2677 1182 2736 genus
1205 2657 1354 2735 quoddam

206 2752 383 2809 austrorum.
425 2747 573 2809 Accurete
596 2750 623 2808 si
644 2748 699 2806 ille
722 2747 814 2808 uerba
835 2750 906 2809 ιἐίοε
930 2765 964 2807 ea
985 2749 1083 2808 κλοιδο
1105 2749 1242 2808 amellos
1264 2750 1354 2809 inter·

204 2841 340 2916 pretatus
368 2839 451 2913 eris,.
468 2856 565 2915 neque
592 2837 710 2897 nubilos
740 2840 856 2898 austros
884 2837 1039 2915 intelleges
1067 2838 1119 2914 qui
1147 2854 1213 2896 cum
1239 2837 1355 2898 nebulis

206 2929 343 2988 feruntur
375 2930 406 2986 et
438 2929 603 2988 consenties
634 2945 750 2986 mecum
782 2927 931 2988 Lucilium
967 2930 1083 2986 uertere
1115 2925 1229 2987 Graeca
1264 2926 1356 2987 uerba

206 3015 311 3090 νότους
333 3013 483 3093 ἐκνεφίας,
506 3017 558 3093 qui
582 3017 694 3093 optime
713 3036 780 3076 cum
798 3018 878 3077 iusto
897 3035 932 3076 ac
950 3035 1022 3077 uero
1040 3018 1143 3076 austro
1162 3018 1252 3092 atque
1270 3016 1355 3093 equi·

207 3108 274 3167 lone
293 3105 522 3180 contenduntur,
543 3105 623 3182 quod
642 3106 679 3165 sb
700 3108 801 3166 austro
819 3106 971 3167 diuersum
989 3125 1083 3184 genus
1102 3108 1259 3166 uentorum
1278 3109 1355 3167 sunt.

202 3188 362 3272 Ἐὀινεφίας
389 3196 467 3254 enim
495 3198 620 3255 uocatur
647 3192 663 3256 δ
691 3192 723 3256 έκ
750 3192 862 3272 νέφους
883 3191 1009 3274 ’άνεμος,
1040 3197 1111 3255 conf
1126 3196 1253 3273 Hesych.
1272 3195 1354 3255 Suid.

207 3286 241 3345 Ε.
259 3285 299 3344 Μ.
318 3303 340 3344 s.
360 3303 388 3342 n.
408 3283 444 3343 de
473 3303 531 3360 quo
556 3281 708 3362 [Aristot]
736 3285 773 3345 de
800 3285 911 3345 mundo
934 3306 963 3363 p.
984 3277 1068 3345 394b
1089 3286 1129 3344 18
1167 3285 1199 3345 ολ
1224 3281 1256 3345 δὲ
1282 3282 1357 3344 κατά

206 3373 293 3454 ῥῆξιν
320 3369 432 3448 νέφους
459 3372 611 3453 γινόμενοι
640 3372 691 3434 καλ
722 3371 866 3435 ἀνάλυσιν
898 3382 951 3435 τοῦ
983 3374 1096 3454 πάχους
1127 3372 1201 3453 πρὸς
1232 3371 1357 3448 ἑαυτοὺς

280 3601 306 3666 1)
325 3597 367 3652 Ne
387 3597 553 3653 denomino
572 3597 686 3667 quidem
705 3596 847 3666 Dionysii,
868 3614 956 3667 quare
975 3598 1104 3653 additum
1123 3599 1162 3653 ait
1179 3597 1356 3668 inscriptioni

207 3668 273 3723 libri
297 3669 331 3723 de
355 3668 543 3737 sublimitate,
566 3669 651 3739 plane
675 3672 798 3724 constat:
825 3670 955 3724 additum
978 3687 1039 3725 esse
1062 3670 1169 3725 nomini
1193 3669 1313 3740 Longini
1339 3687 1357 3724 a

208 3740 344 3797 societate
362 3741 469 3812 ingenii
488 3741 572 3795 sicuti
587 3741 717 3795 Petronio
735 3756 837 3795 nomen
854 3741 970 3796 additur
984 3741 1096 3796 Afranii
1111 3759 1128 3795 a
1141 3741 1265 3796 librariis
1280 3741 1357 3796 coni-

208 3812 266 3867 ciet
284 3812 395 3882 aliquis.
425 3812 528 3867 Contra
545 3811 676 3866 librarios
695 3811 802 3867 Aurelii
816 3829 918 3868 nomen
932 3816 1037 3868 temero
1052 3813 1196 3868 addidisse
1211 3812 1357 3882 Propertio

207 3884 236 3938 in
252 3883 395 3939 codicibus
409 3884 534 3938 nondum
548 3883 770 3938 demonstratum
785 3887 840 3939 est:
855 3884 941 3939 immo
956 3884 1246 3954 commendatpoetae
1255 3902 1356 3939 nomen

208 3956 312 4026 duplex
331 3954 439 4009 Aurelii
458 3954 546 4023 Opilii
565 3955 742 4025 grammatici
761 3955 883 4010 nominis
901 3956 983 4010 ratio.
1022 3956 1142 4011 Oracula
1161 3957 1285 4012 uirorum
1309 3957 1358 4011 do-

209 4030 317 4082 ctorum
343 4027 393 4096 qui
415 4025 519 4080 librum
542 4026 577 4080 de
601 4026 671 4081 subl.
700 4027 783 4081 modo
810 4026 945 4082 Iuliorum
976 4027 1060 4082 modo
1083 4027 1246 4082 l'lauiorum
1275 4028 1358 4082 modo

208 4098 344 4153 Hadriani
364 4097 453 4152 aetati
471 4096 558 4151 tribui
577 4096 676 4154 iubent
694 4116 749 4152 non
768 4098 864 4170 magni
883 4098 957 4153 facio
977 4116 1041 4154 cum
1059 4103 1174 4170 propter
1193 4099 1356 4170 discrepan-

208 4170 278 4224 tiam
302 4173 369 4223 tum
385 4168 450 4224 ideo
474 4168 549 4238 quod
572 4170 655 4224 modo
678 4169 801 4224 uidimus
824 4173 998 4240 quantopere
1021 4171 1051 4224 in
1075 4170 1235 4226 Charitonis
1261 4174 1356 4226 aetate

208 4240 367 4294 definienda
386 4240 500 4294 criticus
519 4241 655 4296 errauerit
669 4241 874 4312 sagacissimus.
903 4241 1009 4296 'lamen
1024 4243 1048 4297 ai
1063 4242 1236 4312 Byzantinus
1251 4242 1355 4312 aliquis

208 4312 329 4380 Longini
347 4328 448 4367 nomen
466 4312 579 4366 addidit
597 4312 695 4379 titulo,
718 4311 743 4365 is
762 4315 791 4366 ct
809 4314 1061 4383 argumentationis
1081 4317 1109 4368 et
1128 4313 1228 4369 iudicii
1247 4315 1358 4371 ratione

208 4381 292 4452 longe
310 4384 424 4452 superat
437 4383 520 4437 huius
534 4383 638 4437 astatis
652 4383 811 4455 philologos
825 4387 854 4439 st
867 4383 1023 4454 theologos,
1042 4402 1161 4454 quornm
1176 4403 1262 4458 opera
1275 4389 1360 4454 quot·

210 4453 290 4508 annis
310 4453 367 4509 fere
385 4453 451 4509 libri
470 4455 563 4511 orbati
582 4470 646 4510 suos
665 4455 720 4511 sibi
739 4455 888 4510 inueniunt
906 4458 1008 4527 patres.
