3060 5010
225 350 268 415 70
668 347 706 402 ΠΙ
724 365 751 402 ιι.
773 351 921 403 144-146.

222 522 339 599 pestate
359 537 464 580 serena
482 517 582 577 media
600 520 685 577 nocte
704 516 874 595 peruenisse
899 515 1029 576 uidimus
1048 537 1076 576 ιι.
1098 518 1172 593 127,
1195 536 1214 576 a
1236 536 1297 595 quo
1320 536 1373 578 au·

224 613 305 671 ctcre
322 608 422 669 Plinio
440 609 502 668 nat.
520 607 589 668 hist.
608 607 655 666 111
676 609 715 667 71
737 608 805 667 sinu
822 606 978 667 recedente
995 606 1139 667 traiectus
1157 609 1203 668 est
1228 607 1266 681 ad
1286 605 1372 668 Oolu·

222 719 324 760 mnam
342 699 468 776 Regiam
488 695 510 757 (l
528 718 566 755 m.
586 718 614 774 p.
656 696 715 757 Sed
734 695 883 757 Lucilium
907 698 1001 755 altum
1026 696 1137 774 petisse
1155 696 1299 758 Palinuro
1318 699 1374 757 mi·

223 791 303 850 nime
326 791 372 847 est
394 785 548 864 probabile
570 786 637 847 ideo
661 786 734 863 quia
756 806 793 845 ne
817 786 1005 846 allineruae
1028 785 1147 862 quidem
1170 787 1373 863 promontorio

223 880 314 956 petut
341 878 437 938 altum
464 877 516 936 sed
544 878 631 936 anxie
657 879 693 936 ut
720 874 856 936 solebant
883 876 1001 953 antiqui
1028 876 1119 936 litora
1145 875 1253 937 radens
1283 877 1373 938 remis

223 968 395 1046 penetrauit
417 968 517 1026 sinum
540 965 742 1043 oppidumque
766 965 922 1025 Salernum
945 965 1055 1044 tetigit.
1102 963 1300 1026 statuendum
1328 969 1374 1026 est

224 1059 318 1137 igitur
339 1058 461 1134 poetam
483 1055 625 1116 Palinuro
648 1056 817 1133 profectum
839 1054 991 1115 Lucaniae
1014 1058 1044 1115 et
1066 1055 1254 1115 Bruttiorum
1283 1057 1374 1117 litora

223 1148 462 1225 praeteruectum
477 1165 539 1206 esse
558 1145 629 1205 dum
646 1146 817 1222 perueniret
834 1144 965 1204 medium
987 1144 1025 1205 ad
1048 1146 1147 1204 sinum
1160 1143 1373 1207 Vibonensem:

225 1256 313 1314 quem
335 1237 435 1295 locum
457 1234 606 1314 significat
624 1255 672 1294 uu.
694 1236 766 1294 107.
792 1234 864 1294 108.
910 1233 984 1295 Inde
1005 1235 1228 1310 praeteruectus
1251 1234 1374 1296 Hieram

224 1327 353 1387 insulam
372 1324 567 1385 Artemisium
585 1324 669 1384 uenit
688 1316 771 1405 (uide
789 1324 871 1384 adu.
888 1316 975 1406 104).
1012 1324 1057 1383 De
1075 1323 1195 1401 Liparis
1209 1324 1316 1385 Shubo
1330 1324 1374 1384 VI

224 1436 252 1494 p.
274 1417 337 1475 275
361 1412 417 1475 ελσλ
438 1407 465 1473 δ’
487 1411 559 1475 ἑπτά
579 1460 584 1471 .
601 1460 606 1470 .
623 1460 629 1471 .
649 1413 768 1494 μεγίστη
786 1407 815 1473 δ’
836 1407 855 1490 ἡ
875 1412 998 1494 Λιπάρα
1018 1412 1196 1492 ...ταύτης
1215 1409 1247 1474 dt
1266 1413 1373 1492 μεταξύ

223 1503 288 1576 πώς
314 1502 374 1565 ἔστι
401 1501 451 1563 καλ
479 1511 531 1581 τῆς
553 1503 691 1575 Σικελίας
718 1498 758 1580 ἣν
785 1509 843 1562 νῦν
871 1500 952 1582 λερὰν
974 1495 1140 1580 Ἡφαίστου
1167 1506 1290 1564 καλοῦσι
1314 1550 1320 1563 .
1340 1549 1373 1562 ..

224 1592 280 1674 ἔχει
304 1589 336 1653 δὲ
358 1590 511 1665 ἀναπνοὰς
535 1596 610 1672 τρεῖς
633 1582 678 1664 ὡς’
695 1588 734 1651 ἂν
756 1589 789 1652 ἐκ
816 1600 906 1671 τριῶν
933 1591 1096 1673 κρατήρων.
1124 1590 1156 1652 ἐκ
1183 1589 1215 1652 δὲ
1243 1600 1296 1653 τοῦ
1324 1614 1374 1671 με·

223 1683 326 1763 γίστου
353 1679 404 1742 καλ
427 1680 559 1763 μύδρους
587 1680 622 1741 αἱ
646 1680 754 1761 φλόγες
776 1677 979 1761 ἀναφέρουσιν
1070 1681 1222 1762 Πολύβιος
1251 1678 1283 1742 θλ
1315 1690 1374 1742 τῶν

225 1778 314 1853 τριῶν
336 1769 491 1853 κρατήρων
514 1768 566 1831 τὸν
589 1766 643 1849 μὲν
665 1767 893 1850 κατερρυηκλναι
916 1767 1011 1849 φησὶν
1035 1768 1068 1831 ἐκ
1096 1768 1218 1851 μόρους,
1245 1769 1315 1843 τοὺς
1342 1767 1375 1832 dt

225 1859 393 1940 συμμένειν,
416 1859 467 1922 τὸν
490 1856 522 1920 δὲ
546 1857 681 1970 μέχιστον
704 1858 736 1920 τὸ
759 1863 854 1940 χεῖλος
876 1857 951 1940 ἔχειν
974 1856 1129 1940 περιφερὲς
1149 1858 1185 1921 όν
1203 1858 1288 1922 πέντε
1307 1877 1374 1921 στα-

225 1951 298 2012 δίων
318 1997 324 2009 .
345 1997 351 2008 .
372 1997 378 2008 .
397 1947 451 2010 ἐὰν
474 1946 527 2028 μὲν
554 1971 612 2011 ουν
634 1949 720 2023 νότος
748 1947 837 2033 μέλλῃ
864 1954 965 2027 πνεῖν,
992 1946 1084 2029 ἀχλὺν
1112 1946 1260 2030 ὁμιχλώδη
1286 1972 1375 2011 κατα-

224 2045 341 2122 χεῖσθαι
440 2039 511 2101 ὅταν
539 2035 571 2099 δὲ
598 2036 718 2119 βορέας,
745 2037 858 2120 φλόγας
884 2037 1021 2120 καθαρὰς
1049 2035 1107 2099 ἀπὸ
1134 2047 1188 2100 τοῦ
1220 2037 1375 2120 λεχθέντος

225 2137 371 2211 κρατῆρος
397 2128 440 2202 εἰς
466 2128 547 2207 ὕψος
574 2126 742 2208 ἐξαίρεσθαι
769 2126 820 2189 καλ
846 2125 978 2208 βρόμους
1009 2125 1212 2207 ἐκπέμπεσθαι
1244 2128 1375 2207 μείζουςι

225 2221 297 2281 conf
329 2220 485 2296 praeterea
521 2218 654 2296 Thucyd.
673 2218 720 2277 111
739 2219 834 2294 88,3
868 2219 957 2279 schol.
985 2217 1124 2295 Apellen.
1152 2218 1247 2279 Rhod.
1265 2219 1313 2278 111
1332 2222 1372 2280 41

224 2308 269 2368 IV
289 2309 350 2368 761
376 2308 497 2368 Diodor.
516 2307 545 2363 V
565 2310 594 2384 7,
614 2308 632 2367 3
656 2307 734 2367 Plin.
753 2309 815 2369 nat.
834 2308 903 2368 hist.
921 2308 969 2367 111
989 2309 1039 2368 93.
1086 2306 1192 2368 Potuit
1212 2308 1286 2368 illuc
1307 2327 1375 2386 per·

226 2399 329 2458 uenire
351 2399 442 2475 poeta
464 2397 671 2458 tantummodo
694 2400 786 2457 uento
809 2416 827 2457 a
850 2398 1052 2475 septentrione
1074 2398 1174 2473 flante,
1197 2416 1257 2458 non
1275 2398 1375 2476 potuit

225 2489 336 2548 austro.
355 2487 554 2564 —Denique
578 2489 670 2547 etiam
691 2484 848 2548 Castorum
870 2487 1017 2566 igniculos
1040 2486 1230 2564 descripsisse
1254 2490 1375 2564 poetam

225 2579 393 2655 suspicetur
416 2578 526 2654 aliquis
549 2577 661 2636 circum
683 2578 757 2637 mali
780 2577 904 2656 fastigia
922 2577 1105 2638 exsultantes
1123 2580 1158 2637 ut
1176 2576 1325 2638 scintillae
1342 2579 1375 2636 in

226 2667 351 2728 candido
374 2668 453 2728 ferro
472 2659 614 2747 (Dorogr.
634 2664 683 2726 Gr.
702 2686 731 2743 p.
752 2667 814 2725 347
826 2657 868 2746 D)
892 2685 970 2743 quae
992 2667 1138 2727 miracula
1156 2666 1376 2744 descripserunt

227 2754 322 2816 Cinna
336 2756 415 2835 apud
428 2756 533 2817 Isidor.
547 2757 621 2835 orig.
631 2755 701 2815 XIX
717 2757 745 2832 2,
762 2757 802 2814 10
819 2751 930 2815 ‘lucida
943 2776 1012 2816 cum
1024 2757 1142 2835 fulgent
1156 2758 1212 2817 alti
1225 2756 1376 2817 carchesia

226 2842 310 2906 mali’
337 2845 471 2906 Catullus
494 2845 574 2920 apud
593 2845 669 2905 Non.
683 2865 712 2921 p.
729 2846 791 2904 546
816 2840 927 2905 ‘lucida
945 2864 1005 2922 qua
1023 2845 1210 2923 splendent*
1225 2847 1375 2906 carchesia

227 2930 311 2995 mali'
341 2936 395 2995 alii
423 2927 610 3016 (Wilekenus
628 2933 740 2994 Archiv
759 2935 779 2993 f.
798 2933 956 3011 Papymsf.
975 2936 1094 2996 I·1901
1115 2956 1143 3013 p.
1165 2937 1228 2996 269
1252 2935 1373 2996 Lucian.

225 3026 365 3103 nauig.9
394 3024 431 3084 de
457 3023 582 3084 merced.
606 3023 689 3083 cond
711 3027 727 3084 1
751 3022 869 3083 chenu
890 3020 924 3102 3)
957 3025 994 3085 de
1025 3024 1132 3101 quibus
1165 3024 1280 3085 Plinius
1312 3028 1373 3085 nat.

225 3114 294 3174 h'ut.
313 3113 345 3172 H
365 3115 426 3173 101
451 3113 588 3174 fabulosa
610 3115 715 3173 miscet
737 3113 824 3174 neris.

318 3194 400 3264 146.
423 3203 540 3262 Nonius
562 3222 591 3279 p.
616 3203 751 3278 206,14
785 3223 821 3262 ex
850 3205 1047 3281 grammatico
1075 3195 1223 3285 (Capro‘l)
1252 3197 1375 3263 ‘Forum

226 3293 342 3369 generis
361 3293 468 3351 neutri.
505 3291 664 3352 masculini
681 3291 814 3353 Lucilius
832 3293 883 3352 lib.
897 3293 944 3352 111
964 3287 1119 3354 “romanis
1134 3337 1141 3351 .
1157 3338 1162 3350 .
1178 3340 1184 3352 .
1199 3288 1372 3353 lucernis''.’

227 3378 379 3442 Charisius
402 3380 487 3441 GLI
509 3400 538 3458 p.
560 3383 610 3457 71,
630 3382 710 3442 29Κ
732 3401 768 3441 ex
791 3382 894 3442 eodem
918 3377 1079 3459 “quamuis
1099 3381 1301 3444 ...Lucilius
1324 3403 1374 3442 ne·

226 3472 377 3548 gotiorum
406 3470 504 3530 forum
533 3472 697 3532 masculine
727 3471 868 3532 extulerit
891 3471 968 3532 libro
993 3470 1053 3547 ΠΙ,
1084 3467 1190 3533 “forus
1210 3518 1216 3530 .
1233 3519 1238 3530 .
1255 3518 1261 3529 .
1280 3472 1374 3533 lucer·

226 3555 318 3620 nis''.'
356 3559 533 3620 Latinorum
554 3561 675 3621 uidetur
696 3561 770 3620 haec
792 3561 889 3622 forma
912 3580 983 3638 esse,
1006 3582 1066 3622 non
1088 3560 1196 3621 urbani
1222 3562 1375 3637 sermonis,

226 3669 286 3727 qua
308 3650 356 3710 usi
378 3652 449 3711 sunt
466 3648 648 3727 Pomponius
669 3651 747 3710 38ss
771 3650 931 3712 Sallustius
956 3652 1060 3712 histor.
1079 3653 1095 3713 I
1115 3652 1375 3712 114Maurenbr.:

226 3739 352 3817 denique
380 3743 463 3812 ferora
490 3739 641 3817 plebeium
667 3758 723 3817 pro
749 3741 849 3814 forum
875 3740 1064 3803 Ptolemaeus
1091 3740 1183 3803 habet
1210 3744 1242 3802 in
1271 3743 1374 3803 multis

226 3828 405 3907 oppidorum
441 3829 610 3890 nominibus
647 3829 743 3890 ueluti
783 3827 877 3910 φόρος
913 3832 1050 3910 Βιβαλῶν
1067 3832 1100 3892 Π
1120 3833 1153 3908 6,
1176 3833 1217 3891 42
1256 3833 1374 3892 similia.

226 3919 369 3998 Aguntur
386 3919 450 3979 ludi
468 3921 558 3979 noctu
577 3938 659 3979 more
676 3920 837 3979 maiorum:
856 3921 927 3980 conf
942 3923 1011 3982 acta
1026 3921 1165 3981 ludorum
1179 3921 1376 3983 saecularium

226 4028 254 4066 u.
277 4011 340 4069 100
359 4000 497 4089 (Ephem.
517 4009 609 4087 epigr.
628 4008 705 4068 VIH
726 4028 755 4085 p.
776 4009 849 4069 231.
871 4001 949 4090 266)
970 4006 1104 4088 ‘ludique
1122 4014 1213 4071 noctu
1231 4010 1375 4072 sacrificio

227 4098 360 4157 conlecto
388 4102 458 4158 sunt
487 4097 637 4159 commissi
663 4099 694 4157 in
723 4116 830 4158 scaena
858 4098 928 4175 quoi
954 4099 1107 4160 theatrum
1134 4100 1284 4160 adiectum
1315 4118 1375 4159 non

226 4186 286 4245 fuit
308 4186 400 4246 nullia
423 4188 529 4263 positis
552 4181 715 4247 sedilibus’r
738 4189 863 4247 ornatur
885 4189 984 4248 iorum
1008 4187 1045 4248 ab
1068 4189 1214 4249 aedilibus
1233 4183 1312 4269 (Liu.
1331 4187 1374 4248 IX

228 4275 280 4348 40,
301 4266 357 4355 16)
383 4270 487 4354 ‘signis
506 4279 537 4336 et
554 4271 729 4337 luminibus’
750 4268 824 4359 (cie.
844 4277 959 4338 donat
979 4278 1057 4338 deor.
1076 4278 1093 4337 I
1113 4281 1140 4354 9,
1161 4280 1216 4338 22:
1239 4279 1271 4336 in
1289 4276 1373 4336 Verr.

226 4366 283 4423 act.
303 4363 334 4422 H
356 4363 406 4423 lib.
426 4365 442 4423 I
462 4367 522 4425 141
554 4361 644 4425 ‘ludis
671 4368 744 4443 ipsis
772 4366 927 4443 Romanis,
959 4368 1024 4427 foro
1052 4358 1185 4447 ornato’)
1216 4367 1299 4428 cuius
1331 4368 1376 4426 rai

226 4446 432 4514 testimonium
454 4454 563 4515 Lucilii
587 4459 632 4515 est
653 4473 756 4516 uersus
784 4455 1028 4517 uetustissimum.
1075 4455 1224 4518 Tiridates
1246 4456 1374 4517 Parthus
