3060 5010
233 353 298 423 100
663 350 715 412 Vn
731 374 758 414 u.
778 356 928 416 666-966.

229 529 325 587 torem
347 527 479 604 aliquem
501 526 666 604 improbius
688 530 835 589 tractarat
857 549 946 605 quem
970 528 1155 604 oxpilauerat
1183 527 1272 590 sicuti
1295 527 1375 590 Alci-

230 618 352 693 phronis
375 609 437 699 (ΠΙ
456 610 513 698 50)
536 620 727 695 conqueritur
750 621 901 695 parasitus
924 617 980 679 οὐκ
998 614 1138 697 ἀνέχομαι
1156 614 1235 699 ὁρῶν
1253 619 1344 692 Ζευξί
1365 656 1378 664 -

230 726 292 784 erqo
323 705 379 785 τὴν
410 704 597 788 ἱππόπορνον
629 704 752 786 ἀπηνῶς
784 712 825 792 τῷ
857 708 997 792 μειρακίῳ
1029 705 1191 789 χρωμένην.
1247 707 1292 769 Οὐ
1323 706 1380 789 γὰρ

231 795 397 857 donaverat
424 794 466 869 εἰς
493 794 588 874 αὐτὴν
614 797 736 878 χρυσίον
763 796 857 876 μόνον
884 796 934 859 καὶ
961 794 1118 878 ἀργύριον,
1150 790 1209 856 ἀλλ’
1239 795 1298 877 ἤδη
1329 796 1380 859 καὶ

230 885 383 957 συνοικίας
405 883 455 946 καὶ
477 882 587 967 ἀγρούς
609 888 667 946 κτλ.
704 886 817 963 Lepide
840 887 962 963 aliquod
986 886 1119 962 Phrynes
1142 886 1256 947 dictum
1278 907 1379 947 narra-

230 978 317 1035 uerat
349 974 482 1035 Lucilius
512 976 601 1035 sicuti
633 976 760 1036 Machon
792 996 839 1053 66.
867 976 975 1036 Athen.
995 976 1069 1035 XIII
1092 997 1120 1053 p.
1141 975 1279 1036 583BC:
1312 978 1383 1037 conf

231 1065 378 1125 Timocles
408 1057 500 1146 (OAF
518 1064 550 1123 11
573 1086 601 1142 p.
622 1065 695 1140 462,
716 1066 756 1125 93
767 1057 818 1147 Κ).
871 1067 929 1125 Vbi
950 1065 1131 1142 particulam
1158 1069 1292 1125 secutum
1319 1086 1381 1126 esse

229 1154 554 1231 plusquamperfectum
581 1154 703 1213 uidetur
729 1154 967 1232 narrabaturque
995 1154 1196 1232 apopthegma
1224 1155 1304 1231 quod
1328 1157 1379 1214 ad-

229 1244 331 1304 bibere
353 1243 470 1304 solebat
491 1246 632 1303 meretrix
654 1243 837 1304 amatoribus
861 1243 986 1321 direptis
1009 1243 1097 1303 ualde
1121 1247 1151 1303 66
1174 1246 1320 1322 expilatis.

320 1325 402 1395 264.
425 1333 542 1393 Nonius
565 1335 726 1410 691615
757 1329 966 1410 ‘Desquamat‚
993 1334 1126 1410 squamis
1154 1335 1292 1410 expoliat.
1319 1381 1378 1393 ...

230 1423 363 1483 Lucilius
386 1424 557 1500 satyrarum
579 1423 630 1482 lib.
650 1423 710 1482 VH
734 1418 846 1483 “sodor
868 1425 1012 1483 subbctlor
1027 1470 1033 1482 .
1049 1470 1055 1480 .
1071 1470 1076 1480 .
1093 1424 1204 1498 6661166
1224 1418 1377 1502 pingor’'.’

229 1511 328 1588 Loqui
359 1515 490 1572 scortum
519 1512 642 1588 aliquod
670 1514 766 1572 ueluti
793 1513 933 1590 Phrynen
965 1513 1095 1573 nobilem
1125 1512 1211 1572 illam
1244 1517 1378 1591 apparet,

231 1621 307 1679 quae
325 1620 434 1681 magno
453 1605 532 1662 sture
551 1602 804 1679 pulchmtudinem
822 1604 853 1662 et
871 1602 1035 1662 munditias
1054 1603 1185 1678 corporis
1204 1602 1380 1678 profiteatur

231 1692 321 1750 sicuti
343 1691 446 1751 Plauti
469 1691 685 1768 Adelphasium
710 1691 799 1751 Poen.
820 1694 883 1752 219
914 1687 961 1752 ‘ex
987 1692 1136 1752 industria
1164 1692 1269 1751 ambae
1295 1712 1379 1751 num·

232 1799 322 1856 quam
345 1799 549 1840 concessamus
572 1781 669 1840 lauari
693 1784 747 1841 666
768 1782 872 1841 fricari
895 1783 949 1841 aut
971 1783 1081 1859 tergeri
1100 1783 1153 1840 aut
1171 1784 1272 1841 ornari
1289 1783 1379 1858 poliri

230 1870 356 1946 expoliri
378 1871 464 1948 pingi
486 1870 572 1948 fingi:
600 1875 631 1929 66
653 1889 713 1929 666
735 1870 824 1930 binae
847 1871 973 1948 singulis
997 1889 1073 1948 quac
1096 1870 1185 1930 datae
1214 1870 1299 1930 nobis
1327 1890 1379 1930 an·

230 1959 318 2018 cillae
341 1977 392 2018 666
411 1977 465 2018 666
483 1959 614 2019 1666666
632 1961 758 2020 eluendo
777 1980 899 2037 operam
917 1955 1084 2020 dederunt’.
1121 1960 1234 2019 Iisdem
1253 1957 1378 2020 Ouidius

230 2048 316 2108 docet
338 2048 453 2125 puellas
477 2051 532 2107 art.
547 2068 604 2108 am.
619 2049 666 2109 III
682 2051 744 2109 193
756 2068 836 2127 seqq.
862 2045 964 2126 ‘quam
983 2068 1076 2127 66666
1096 2050 1238 2110 admonui
1255 2070 1292 2109 66
1310 2053 1379 2110 trux

167 2206 171 2212 ,
230 2156 319 2215 caper
340 2138 399 2198 iret
420 2139 453 2196 in
476 2139 540 2198 alas
562 2158 639 2198 neue
662 2140 760 2199 forent
783 2140 865 2200 duris
888 2157 994 2216 aspera
1017 2159 1104 2199 crura
1127 2139 1205 2216 pilis.
1243 2139 1302 2199 Sed
1319 2159 1378 2199 non

231 2226 380 2288 Caucasea
403 2227 493 2287 doceo
516 2228 552 2288 de
575 2248 648 2305 rupe
671 2228 946 2306 puellas...de
968 2230 995 2289 si
1018 2230 1201 2306 praecipiam
1223 2248 1260 2288 ne
1283 2229 1380 2289 fuscet

229 2319 340 2377 inertia
366 2317 469 2377 dentes
498 2336 609 2395 oraque
637 2323 774 2396 suscepta
801 2337 888 2378 mane
921 2320 1062 2378 leuentur
1093 2316 1194 2395 aqua?
1230 2317 1320 2379 Scitis
1348 2322 1379 2378 et

228 2407 351 2466 inducta
374 2406 532 2466 candorem
557 2426 697 2484 quaerere
720 2411 815 2468 oreta:
838 2409 983 2486 sanguine
1006 2426 1083 2485 quae
1107 2427 1177 2467 uero
1199 2427 1259 2468 non
1282 2408 1378 2484 rubet,

230 2499 294 2556 arte
317 2496 411 2556 rubet.
457 2497 532 2557 Arte
555 2499 708 2574 supercilii
731 2497 858 2558 confinIa
885 2498 966 2557 nuda
988 2497 1110 2574 repletis
1137 2516 1290 2575 paruaque
1318 2499 1378 2556 sin-

229 2604 312 2646 ceras
331 2587 414 2646 uelat
432 2588 518 2646 aluta
535 2606 635 2666 genas.
667 2587 730 2648 Nec
748 2587 844 2664 pudor
862 2589 908 2646 est
925 2587 1026 2647 oculos
1041 2589 1125 2646 tenui
1139 2588 1257 2666 signare
1271 2587 1379 2646 fauilla

229 2676 277 2735 uel
304 2695 397 2753 prope
424 2678 455 2736 te
483 2679 568 2751 nato,
598 2677 695 2737 lucide
723 2675 837 2754 Cydne,
870 2673 976 2737 croco’.
1026 2676 1126 2735 Verba
1153 2677 1272 2754 singula
1298 2680 1378 2736 recte

230 2765 386 2843 intelleges
410 2768 592 2843 comparatis
614 2767 713 2827 uerbis
733 2766 881 2843 Scipionis
900 2766 1063 2826 Aemiliani
1081 2764 1377 2843 ap.Gell.V112‚5

229 2845 335 2935 (sold
353 2875 381 2932 p.
403 2847 522 2937 18111)
551 2850 641 2915 ‘Nam
665 2857 716 2932 qui
739 2856 847 2916 cotidie
871 2858 1072 2934 unguentatus
1096 2855 1254 2916 aduersum
1276 2874 1378 2932 specu-

228 2944 292 3002 lum
314 2948 446 3013 oroetm,
475 2947 560 3004 cuins
583 2947 741 3022 supercilia
763 2947 923 3015 roduntur,
953 2947 1005 3022 qui
1031 2945 1125 3006 barba
1147 2946 1234 3004 uulsa
1261 2945 1377 3005 semiui-

228 3033 342 3109 busque
368 3035 519 3092 subactus
545 3031 689 3094 ambulet'
710 3054 733 3094 e.
753 3056 780 3111 q.
800 3054 822 3095 6.
872 3034 921 3094 Ad
943 3038 1079 3110 pumicor
1105 3035 1197 3094 Plinii
1223 3038 1284 3094 nat.
1308 3035 1377 3095 hist.

229 3121 356 3180 XXXVI
376 3125 439 3181 154
463 3122 569 3182 attulit
591 3123 705 3184 Dousa:
729 3143 881 3202 compares
905 3125 996 3184 etiam
1014 3124 1163 3184 11661111
1184 3123 1248 3184 150
1272 3120 1377 3184 ‘tortos

228 3213 261 3270 in
279 3210 403 3270 fluctum
421 3229 531 3288 ponere
550 3214 645 3273 crines
664 3214 822 3273 66666616
840 3232 980 3275 reuocare
998 3234 1097 3275 comas
1116 3215 1147 3273 et
1160 3215 1271 3273 uertice
1286 3213 1376 3273 denso

229 3300 341 3379 fingere
431 3301 657 3380 pumicibusque
680 3305 762 3364 cauis
792 3304 945 3363 horrentia
972 3302 1105 3364 membra
1132 3298 1247 3378 polire'.
1293 3302 1377 3363 Idem

228 3390 289 3451 illis
312 3410 334 3451 s.
354 3409 376 3451 s.
395 3391 496 3451 Plauti
523 3394 554 3451 66
582 3391 710 3455 Senecae
737 3387 884 3475 (controu.
903 3392 919 3452 I
937 3394 1029 3472 praef.
1050 3385 1106 3474 10)
1133 3392 1205 3453 locis
1233 3392 1378 3453 adductus

229 3480 349 3557 scripsit
367 3483 509 3555 ecpolior:
527 3502 583 3561 ego
602 3483 731 3543 arbitror
748 3483 936 3545 scribendum
956 3485 1009 3542 aut
1027 3477 1157 3562 66<666>
1174 3483 1256 3557 pilos
1269 3485 1378 3557 pirgos

244 3565 853 3655 6666666(1166661161111116997),
880 3592 949 3632 cum
977 3574 1069 3647 ecprilo
1097 3572 1197 3645 apdo
1221 3574 1256 3631 ut
1282 3573 1377 3647 depilo

245 3655 511 3734 1166616611127,
536 3654 570 3742 1)
598 3664 677 3722 recte
705 3662 745 3721 sit
771 3662 884 3721 factum
912 3666 966 3721 aut
995 3661 1074 3738 quod
1101 3663 1236 3739 praestat
1267 3663 1377 3736 ecpttor

229 3741 410 3826 <cc>piopor
434 3769 502 3808 cum
528 3748 585 3810 hoc
612 3751 703 3810 uerbo
729 3754 833 3811 ututm
854 3751 1003 3810 Martialis
1023 3750 1082 3809 VH
1101 3751 1143 3810 83
1173 3745 1377 3829 ‘expingitque

229 3832 333 3914 genas'
357 3837 431 3897 VIII
451 3840 541 3913 52,ss
567 3834 771 3918 ‘expingitque
798 3836 916 3899 cutem’.
963 3840 1112 3910 Quattuor
1138 3841 1232 3918 igitur
1258 3859 1375 3917 compo·

229 3930 341 3985 nuntur
363 3931 523 3987 commata:
551 3928 697 3989 raduntur
720 3931 887 4005 supercilia,
914 3929 1121 3989 subuelluntur
1148 3930 1273 4005 femora3
1299 3932 1375 3989 cutis

229 4015 433 4094 destringitur,
460 4017 564 4077 eadem
586 4021 768 4096 pumicatur3
796 4019 898 4096 capilli
921 4021 1091 4096 comuntur;
1118 4020 1175 4096 pili
1199 4019 1376 4093 euelluntur‚

228 4107 399 4184 expingitur
423 4106 522 4166 facies.

320 4187 668 4274 266116666691,
693 4200 734 4256 24
763 4193 876 4258 ‘Curios
903 4200 949 4258 est
975 4200 1109 4258 uetustas
1136 4199 1185 4257 uel
1210 4199 1375 4277 putrilag03

229 4282 307 4341 unde
343 4286 489 4343 cariosum
526 4289 641 4346 ueteres
677 4286 822 4347 dixerunt.
876 4287 1009 4348 Lucilius
1045 4291 1215 4364 satyrarum
1246 4287 1297 4346 lib.
1317 4286 1376 4346 VH

230 4366 291 4429 “ne
310 4419 316 4430 .
333 4420 338 4431 .
355 4420 360 4431 .
380 4371 635 4447 uermiculiquc’.'’
684 4375 774 4435 Dedit
795 4377 1002 4436 Lachmannus
1025 4378 1179 4436 uermiculi
1204 4379 1268 4450 qut,
1296 4379 1375 4436 recte

228 4461 341 4535 opinor.
376 4463 422 4523 De
445 4462 594 4523 uermibus
617 4466 649 4522 in
672 4484 744 4523 aure
766 4469 845 4525 natis
864 4469 926 4543 egit
945 4465 1047 4524 661666
1066 4465 1109 4524 111
1130 4468 1158 4542 7,
1178 4465 1196 4524 5
1222 4461 1286 4525 ‘nbi
1304 4485 1374 4525 uero
