3030 5002
632 336 690 394 Iu.
711 341 825 395 18-11.
1282 337 1302 405 9

246 497 302 567 13.
326 504 442 566 Nonius
460 524 488 581 p.
510 506 583 579 540,
599 506 640 565 25
661 500 851 581 ‘Amfytcpuc
873 507 972 566 uestes
992 507 1135 567 dicuntur
1151 508 1303 585 utrimque

153 596 296 657 habentes
324 595 422 654 uillos.
472 592 605 654 Lucilius
633 597 804 671 satyrarum
827 595 913 654 1th
941 591 1061 671 “psilae
1089 598 1179 673 atque
1209 599 1303 673 amsp-

153 691 240 760 upa:
263 729 269 742 .
290 730 295 741 .
315 730 323 744 .
346 680 496 744 molles''.'
552 683 657 744 Cetera
688 684 757 743 uide
789 683 826 743 ad
858 684 909 742 lib.
929 684 973 743 VI
995 706 1023 743 u.
1050 686 1122 745 252.
1172 686 1303 746 Isidorus

154 777 227 854 orig.
246 773 317 833 XIX
336 776 423 848 26,δ
448 769 543 847 ‘Sepla
566 776 670 850 tapeta
693 794 728 833 ex
751 794 810 833 uns
832 777 919 851 parte
941 774 1051 836 uillosa
1074 778 1159 851 quasi
1185 778 1302 852 simpla.

153 864 339 941 Amphitaps
371 882 407 923 ex
438 865 565 941 chaque
597 866 683 940 parto
716 863 824 923 uillosa
856 865 967 940 tapete.
1020 864 1154 925 Lucilius
1187 860 1304 940 εἐἰρίαο

154 958 245 1031 atque
273 953 466 1030 amphitapae
490 998 497 1011 .
517 999 523 1011 .
545 999 550 1010 .
574 948 724 1013 molles''.’
776 944 872 1034 (Suet.
891 975 919 1030 p.
940 954 1013 1014 270.
1034 947 1302 1035 454R01ffersoh).

154 1043 318 1120 Postquam
349 1044 490 1120 togarum
517 1045 548 1102 et
578 1043 748 1103 tunicarum
780 1045 985 1120 sumptuosam
1017 1045 1203 1121 uituperauit
1232 1044 1304 1105 deus

153 1134 313 1207 luxuriem,
348 1132 500 1210 stragulae
532 1132 625 1192 uestis
657 1150 750 1191 nouas
782 1134 880 1208 carpit
911 1131 1046 1192 delicias:
1083 1135 1153 1192 conf
1181 1132 1303 1194 Diodor.

154 1221 296 1282 XXXVII
316 1223 345 1295 3,
366 1222 384 1280 3
409 1219 456 1282 διδ
479 1218 530 1280 καλ
552 1219 681 1282 δείπνων
707 1220 929 1282 πολυδαπάναν
956 1219 1135 1300 παραθέσεις
1162 1219 1304 1285 ἐπεπόλα-

155 1329 211 1372 σαν
234 1308 284 1371 καί
307 1310 410 1390 μύρων
432 1307 669 1387 θαυμαζομένων
691 1309 813 1372 εὐωδίαι
840 1308 890 1370 καί
917 1319 1071 1389 στρωμνῆς
1098 1308 1228 1390 ἀνθινῆς
1255 1309 1305 1371 καί

155 1398 392 1482 μεγαλοπλοάτου
414 1399 600 1480 παρασκευαί
616 1400 781 1479 τρικλίνων,
805 1397 854 1459 καί
873 1398 1032 1477 ἐλέφαντος
1049 1398 1100 1460 καί
1118 1397 1303 1481 ἀργύρου...

154 1489 337 1551 κατασκευαί.
390 1490 475 1550 Villis
502 1488 541 1549 sd
561 1490 660 1564 μελίαι
687 1492 718 1549 et
746 1490 784 1549 ad
816 1491 1003 1564 ampullarius
1034 1491 1178 1567 pertinet:
1211 1510 1304 1568 quare

154 1580 344 1641 Lachmannc
368 1598 427 1638 non
451 1578 694 1658 distinguendum
717 1584 782 1639 erat
803 1581 872 1655 post
893 1579 1002 1656 psilae:
1030 1579 1086 1639 hae
1113 1581 1210 1640 altera
1237 1582 1303 1640 tan·

44 1717 48 1724 .
154 1674 219 1731 tum
246 1671 332 1745 parte
359 1668 485 1728 uillosae
513 1670 599 1728 erant
624 1671 701 1729 teste
728 1669 856 1741 Isidoro,
889 1671 961 1745 quia
988 1667 1084 1729 altera
1112 1673 1166 1729 aut
1192 1671 1303 1730 terram

155 1761 208 1819 aut
229 1758 338 1818 lectum
361 1756 550 1835 premebant,
575 1758 646 1818 illae
673 1762 800 1835 utraque
824 1760 922 1833 parte:
946 1759 1017 1819 conf
1037 1758 1127 1820 schol.
1150 1757 1304 1835 Aristoph.

154 1849 243 1925 Vesp.
264 1849 326 1907 676
351 1845 404 1919 τὰς
426 1844 518 1923 ψιλὰς
540 1843 590 1906 καί
613 1844 655 1924 μὴ
678 1845 827 1925 μαλλωτάς
851 1846 978 1918 δοίπιδας
1001 1844 1117 1927 λέγουσι
1136 1849 1209 1908 ΡοΠ.
1225 1848 1302 1910 Vls

155 1936 331 2017 ἀμφίταποι·
359 1933 414 1997 εἰσί
438 1933 470 1997 δὲ
493 1936 525 1996 σί
544 1934 574 2007 ἐξ
597 1933 735 2016 ἑκατέραν
759 1937 871 2014 δασεῖς,
899 1933 940 2009 ὡς
962 1936 1087 2014 τάπητες
1110 1937 1142 1998 σί
1161 1935 1194 1998 έκ
1215 1935 1304 1998 θατέ-

155 2049 218 2108 ρου.
263 2027 291 2086 Χ
310 2028 351 2087 38
376 2023 492 2087 ἕπε’σθω
516 2021 547 2086 δέ
570 2035 606 2109 τῇ
629 2026 716 2110 κλίνη
738 2031 847 2102 τυλεῖα,
870 2024 1030 2102 κνέφαλλα,
1054 2025 1186 2101 δάπιδες,
1210 2026 1304 2104 τάπη-

155 2138 215 2194 τες,
251 2113 467 2194 ἀμφιτσίπητες·
505 2115 631 2191 Δίφιλος
662 2123 738 2195 γοῦν
771 2132 864 2193 φησιν
896 2113 929 2176 έν
961 2115 1134 2200 Κιθαρῳδῷ
1161 2109 1253 2196 (GAF
1274 2116 1305 2176 Π

155 2228 184 2284 ρ.
204 2207 278 2282 558,
298 2198 401 2287 51Κ)·
425 2203 614 2282 έξανίσταμαι
635 2203 687 2265 τὸν
710 2202 902 2283 ἀμφιτάπητα
925 2201 1109 2283 συστορέσας.
1141 2205 1304 2283 Vtriusque

155 2296 248 2358 uestis
277 2296 374 2372 qualis
401 2295 493 2354 fuerit
525 2312 596 2355 usus
624 2293 784 2355 Clearchus
814 2296 935 2355 enarrat
960 2294 1069 2354 Athen.
1089 2294 1133 2353 VI
1155 2315 1183 2372 p.
1204 2295 1304 2355 2552

155 2381 344 2446 κατέκειτο..
361 2380 430 2444 ‚sat
452 2381 659 2464 ἀργυρόποδος
676 2383 779 2460 κλίνης
797 2381 1023 2463 ὑπεστρωμένης
1042 2383 1197 2468 Σαρδιανῇ
1216 2388 1304 2461 ψιλο-

156 2473 276 2535 τάπιδι.
293 2521 300 2533 .
316 2469 478 2552 ,ἐπέβλητο
497 2465 525 2532 δ’
546 2470 626 2555 αὐτῷ
640 2482 819 2551 πορφυροῦν
837 2470 1010 2550 ἀμφίταπον
1028 2469 1178 2558 ἀμοργίνῳ
1193 2473 1305 2550 καλύμ-

157 2586 225 2643 ματι
256 2561 515 2643 περιειλημμένον,
550 2562 624 2623 item
659 2561 831 2623 callixenus
867 2562 947 2639 apud
979 2563 1087 2622 Athen.
1106 2563 1134 2619 V
1157 2584 1185 2638 p.
1207 2564 1306 2622 197A

156 2651 265 2715 ἔκειντο
297 2649 329 2713 δὲ
361 2655 459 2712 κλῖναι
489 2657 600 2733 χρυσαῖ
626 2651 825 2732 σφιγγόποδες
845 2699 851 2711 .
872 2699 879 2712 .
900 2651 1045 2723 ,ταύταις
1077 2643 1105 2711 δ’
1139 2648 1305 2730 ἀμφίταποι

158 2741 311 2822 ἁλουργεῖς
328 2739 514 2821 ὑπέστρωντο
530 2788 537 2803 .
553 2789 559 2801 .
575 2787 581 2800 .
595 2739 647 2801 καλ
664 2741 884 2822 περιστρώματα
901 2741 1041 2800 ποικίλα.
1057 2787 1063 2799 .
1080 2787 1086 2800 .
1101 2737 1187 2819 ἐπῆν.
1219 2739 1306 2818 ψιλαί

158 2829 189 2892 δὲ
212 2828 357 2910 Περσικαί
379 2829 434 2908 τὴν
456 2827 515 2890 ἀνὰ
537 2827 627 2909 μέσον
650 2839 709 2890 τῶν
730 2832 833 2891 ποδῶν
850 2830 947 2910 χώραν
965 2827 1129 2890 ἐκάλυπτον
1148 2822 1304 2912 (Septuag.

156 2922 212 2983 Ios.
232 2920 292 2980 VH
310 2913 376 3002 21).
413 2919 544 2981 Isidorus
568 2940 634 2980 cum
658 2920 800 2981 scriberet
821 2919 914 2994 siplae
934 2920 1083 2981 mendosis
1102 2919 1242 2996 deceptus
1260 2923 1306 2979 est

157 3009 387 3088 exemplaribus:
412 3009 603 3087 amphitapae
626 3010 723 3070 forma
743 3009 853 3070 Latina
875 3011 959 3069 extat
981 3012 1072 3070 etiarn
1091 3008 1159 3087 Diq.
1178 3008 1306 3068 XXXIV

159 3103 189 3175 2,
208 3101 260 3176 23,
280 3102 313 3159 23
337 3119 425 3177 quam
449 3100 504 3158 hoc
527 3099 592 3159 loco
610 3099 755 3175 praetulit
772 3103 895 3176 propter
907 3099 1006 3174 μελίαι
1024 3099 1152 3160 similem
1170 3098 1306 3174 formam,

157 3209 223 3249 cum
247 3190 321 3249 alias
345 3188 487 3248 scriberet
509 3190 699 3263 emphitcpoc.

249 3270 306 3340 14.
324 3278 441 3339 Nonius
457 3298 485 3355 p.
501 3279 575 3352 521,
591 3280 631 3338 29
653 3274 742 3338 ‘Mira
755 3281 786 3338 et
799 3279 951 3353 miracula,
966 3281 1081 3339 neuros
1095 3297 1150 3354 pro
1165 3279 1306 3338 monstris

157 3370 206 3428 nel
228 3367 382 3430 horrendis
405 3368 563 3444 ponebant.
602 3367 735 3428 Lucilius
758 3370 929 3445 satyrarum
952 3367 1037 3427 lib.I
1062 3363 1231 3428 “miracula
1248 3369 1307 3426 ciet

158 3451 356 3532 1οίοῐυκίαο”.’
393 3457 514 3518 Rectius
537 3456 686 3534 prioribus
709 3458 821 3518 criticis
845 3456 1044 3518 Stowasserus
1068 3458 1146 3517 arch.
1168 3457 1305 3534 lexicogr.

158 3546 364 3606 Lat.11884
388 3567 416 3623 p.
439 3548 503 3606 120
526 3548 668 3620 elefantus
691 3566 764 3623 quos
787 3545 978 3606 librariorum
1000 3548 1111 3606 inertia
1135 3547 1307 3622 procrearit,

159 3637 280 3710 deleuit
304 3638 335 3695 et
357 3635 523 3695 subiectum
546 3635 668 3696 latitare
691 3638 723 3695 iu
741 3636 888 3696 uocabulo
907 3638 1047 3712 corrupto
1066 3635 1229 3695 arbitratus
1248 3638 1306 3694 est:

160 3725 237 3801 quod
264 3724 399 3785 restituit
425 3724 602 3802 τελεφάντης
629 3725 768 3785 uocabuli
794 3725 971 3804 ἱεροφάντης
999 3725 1095 3789 simile
1128 3723 1307 3784 uocabulum

161 3818 240 3875 emet
267 3816 456 3875 auctoritate.
501 3813 612 3892 Agitur
639 3817 665 3874 si
691 3816 771 3875 recte
799 3816 970 3890 scripsimus
998 3814 1034 3874 de
1059 3813 1207 3873 culcitarii
1234 3814 1306 3872 arti-

160 3904 226 3966 bus:
248 3906 339 3980 pocta
362 3903 450 3965 deum
472 3903 629 3965 induxerat
650 3905 822 3980 loquentem
845 3904 881 3964 de
902 3904 1027 3965 triclinii
1050 3901 1307 3978 sumptuosissimo

161 3998 308 4071 apparatu
331 3995 363 4052 in
390 4012 449 4070 quo
476 3996 563 4054 erant
590 3994 716 4053 orsscitae
745 3993 828 4054 τύλαι
854 3995 1101 4070 pretiosissimae:
1129 3991 1199 4051 conf
1218 3991 1307 4050 Blue·

160 4103 278 4144 mnerus
298 4083 337 4143 ad
360 4081 445 4142 edict.
465 4082 591 4143 Dioclet.
611 4083 740 4143 XXVIII
755 4085 805 4142 46.
843 4083 1060 4160 Imperatorum
1084 4082 1183 4142 aetate
1205 4099 1307 4140 cume

160 4177 294 4232 ueterum
321 4171 406 4231 libris
433 4191 492 4231 non
521 4191 555 4231 er
585 4190 719 4232 sermone
751 4172 915 4232 cottidiano
947 4173 1099 4247 sumptum
1130 4170 1308 4230 uocabulum

159 4261 383 4339 rdlqvhabeat
395 4261 572 4338 productam
587 4254 636 4342 (A.
647 4261 680 4320 P.
694 4262 737 4320 XI
754 4264 804 4336 14,
820 4264 847 4320 2.
873 4262 946 4335 315,
963 4254 1005 4342 1),
1027 4280 1103 4336 quae
1121 4261 1212 4320 fuerit
1231 4261 1308 4318 snti-

161 4350 261 4427 quitus
288 4352 380 4411 hnius
407 4351 548 4411 uocabuli
577 4352 730 4427 quantitas
762 4370 822 4411 non
854 4353 989 4411 mustene
1021 4350 1148 4410 uidetur.
1198 4348 1309 4409 Lucilii

161 4444 293 4519 tempore
317 4439 467 4500 Nicander
487 4442 607 4518 scripsit
624 4442 699 4502 ther.
721 4442 783 4501 178
804 4432 852 4501 οία
870 4439 961 4519 ιύλοι,
984 4431 1064 4499 τὸδ’
1090 4438 1224 4519 ἔνερθενε
1249 4457 1309 4516 quo
