3060 5010
218 329 288 430 178¹
657 358 720 418 xlv
739 380 766 416 u.
785 362 936 417 ers-ste.

216 538 300 609 sunt,
333 533 479 611 quidquid
510 534 590 593 inter
621 552 688 594 ossa
711 535 742 593 et
769 535 866 593 cutem
894 534 953 606 est,
985 531 1062 592 ande
1089 523 1181 591 etiam
1208 531 1367 592 uisceratio

217 624 329 684 dicitur
360 625 395 683 ut
426 623 554 684 diximus
587 642 678 700 supra
705 615 758 704 (ad
785 622 801 681 I
826 624 886 680 211
918 617 1098 682 ‘uIseera.
1114 622 1285 697 qququid
1312 621 1367 682 sub

215 715 295 773 corio
315 716 368 788 est,
387 714 447 773 ut
438 734 471 772 m
485 713 603 773 Albano
618 713 735 772 Latinis
753 712 914 772 uisceratio
933 709 1074 788 dabatur,
1091 710 1183 770 idest
1200 703 1310 791 oar'o’);
1329 712 1365 769 ad

214 803 261 861 IH
276 798 369 862 622
372 805 486 863 uiscera
504 805 623 879 proprie
641 820 744 862 earnes
762 796 854 863 sunt'.
887 801 984 860 Plaut
1001 801 1063 859 Mil
1081 803 1141 859 711
1164 795 1369 860 Sacrificant:

215 891 301 952 dant
317 893 386 952 inde
413 895 530 970 partem
557 892 632 950 mihi
659 891 801 951 maiorem
830 909 920 966 quam
948 890 1018 949 sibi.
1047 889 1198 950 abducunt
1225 888 1263 948 ad
1289 895 1367 965 extu,

215 989 262 1041 me
296 981 334 1041 ad
361 1000 392 1042 se
421 981 459 1040 ad
486 981 659 1058 prandium,
691 981 729 1040 ad
761 1000 864 1040 cenam
895 976 1015 1038 uocant'
1045 979 1137 1039 Stich.
1164 974 1265 1039 251
1267 981 1367 1039 iamne

215 1074 283 1131 exta
302 1074 386 1132 cocta
404 1069 494 1130 sunt?
514 1073 587 1148 quot
604 1072 720 1149 agnisi
706 1064 851 1130 i'ecerat‘l
889 1069 1032 1146 Itaque
1009 1087 1071 1128 s1ou
1073 1069 1181 1146 tapud
1195 1068 1366 1129 Lucretium

214 1162 233 1219 l.
246 1181 268 1221 s.
279 1181 300 1221 s.
316 1163 414 1221 uisam
433 1164 463 1220 et
481 1163 596 1221 macera
614 1160 780 1238 promiscue
799 1160 871 1237 poni
889 1160 944 1218 boc
963 1160 1028 1218 loeo
1048 1158 1184 1219 arbitror.
1222 1159 1366 1235 Epulanti

214 1251 305 1311 militi
340 1241 528 1328 superuenit'
542 1249 656 1328 Scipio,
685 1249 765 1309 unde
795 1249 900 1325 epulae
937 1251 1000 1308 tam
1030 1250 1147 1325 opimae
1178 1249 1366 1324 proueniant

214 1343 389 1419 interrogat.
437 1339 637 1418 Conqueritur
662 1339 715 1399 ille
743 1339 779 1398 de
807 1337 982 1414 disciplinae
1005 1338 1128 1397 duritie:
1158 1337 1228 1396 diuo
1252 1338 1363 1398 nullam

213 1430 278 1489 fieri
305 1430 477 1507 prosioiem.¹
522 1430 600 1488 Tum
627 1432 795 1507 interrogat
825 1428 925 1505 Scipio
962 1421 1042 1487 ‘idne
1075 1447 1163 1505 aegre
1198 1421 1257 1509 (ita
1287 1431 1365 1488 reete

213 1519 237 1577 I.
251 1519 369 1579 Dousa:
392 1521 473 1593 capri
496 1510 585 1598 codd)
609 1521 655 1577 est
677 1519 783 1598 magis,
806 1536 844 1576 an
867 1516 946 1593 quod
965 1536 1041 1594 pane
1060 1520 1091 1576 et
1108 1518 1221 1576 uiscera
1240 1513 1363 1595 priuoi’

214 1609 385 1684 Respondet
411 1608 498 1667 miles
527 1602 619 1683 ‘quod
650 1610 751 1667 uiscus
783 1606 935 1666 comedere
963 1625 1147 1666 concesseras
1179 1607 1276 1666 edicto
1304 1611 1366 1682 tuo,

212 1697 268 1756 hoc
305 1700 362 1758 est:
400 1716 505 1774 nempe
542 1697 622 1756 istud
660 1716 719 1757 nou
756 1697 816 1756 fuit
851 1697 1067 1773 haruspicinae
1117 1694 1241 1755 Viscera
1272 1696 1366 1774 igitur

214 1786 287 1845 haec
311 1788 393 1864 legit'
385 1805 447 1846 nna
470 1787 576 1846 saltem
599 1787 677 1864 largi
700 1786 812 1845 nob1s
804 1806 822 1843 1
843 1799 871 1844 e.
886 1786 1013 1845 concede
1031 1804 1085 1845 nos
1104 1785 1220 1845 babere.
1255 1779 1365 1866 [Plut]

214 1876 404 1988 apopthegm.
423 1875 501 1952 Soip.
516 1875 586 1936 min.
605 1877 643 1934 16
663 1868 819 1954 πρὸσέταξε
834 1871 910 1935 δὲ..
927 1870 1125 1935 decumbit
1139 1871 1366 1953 κατακειμένους

212 1961 302 2045 ἄρτον
330 1961 350 2043 η
378 1964 486 2025 πολτὸν
515 1961 614 2037 ἁπλῶς
642 1962 692 2024 καὶ
720 1962 807 2044 κρέας
838 1960 929 2025 ὀπτὸν
957 1960 976 2043 ἢ
1004 1961 1183 2042 testa-
1211 1965 1302 2042 largi,
1331 1968 1366 2023 ut

213 2052 302 2132 Verg
330 2054 403 2113 Aen
425 2055 451 2113 X
478 2050 589 2115 493‘
592 2057 727 2131 quisquis
766 2055 859 2113 honos
891 2054 1013 2128 tumuli,
1050 2053 1196 2131 quidquid
1232 2055 1365 2114 solamen

212 2143 371 2219 humandi,
398 2139 532 2222 largior’.
578 2144 677 2203 Aliter
703 2144 739 2203 de
767 2144 822 2203 hoc
849 2144 915 2202 loeo
942 2142 1058 2203 iudicat
1087 2143 1223 2203 Haustus
1247 2145 1317 2203 Rev.
1337 2143 1364 2203 d.

213 2231 286 2310 phil.
306 2232 359 2291 XX
382 2234 465 2293 1896
491 2254 519 2310 p.
535 2234 575 2292 65
605 2234 655 2309 qui
688 2235 739 2292 boc
771 2236 812 2292 est
842 2234 1059 2309 interpretatur
1089 2234 1141 2291 boc
1173 2235 1230 2292 edit
1259 2233 1365 2313 etita

212 2322 317 2382 scribit
350 2319 431 2382 ‘idne
464 2324 545 2401 aegri
578 2326 623 2383 est
650 2324 759 2401 magis,
792 2338 835 2382 an‘
859 2322 937 2398 quod
965 2341 1042 2398 pane
1069 2326 1100 2381 et
1126 2325 1240 2381 uiscera
1268 2323 1364 2399 prino,

212 2411 292 2488 quod
323 2415 422 2471 uiscus
452 2412 574 2472 dederas
603 2408 798 2488 tuquideml’
831 2407 898 2471 ‘hoo
928 2416 986 2487 est,
1016 2413 1131 2471 uiscera
1158 2407 1258 2490 largi,
1285 2411 1364 2488 qnod

213 2501 394 2561 medicorum
418 2501 544 2562 duorum
568 2520 631 2562 esse
654 2502 837 2577 colloquium
860 2503 1036 2578 suspicatur.

302 2583 386 2653 476.
408 2591 524 2652 Nonius
547 2611 576 2668 p.
594 2593 647 2666 17,
669 2593 709 2650 24
734 2586 912 2652 ‘Gradarius
939 2594 985 2652 est
1011 2591 1097 2651 molli
1124 2589 1219 2669 gradu
1248 2593 1278 2650 et
1301 2593 1363 2651 sine

212 2684 420 2756 succussatura
442 2684 548 2741 nitens.
590 2679 722 2740 Lucilius
746 2684 917 2758 satyr-amm
939 2680 989 2739 lib.
1005 2680 1093 2739 XIIII
1118 2676 1205 2757 “ipse
1224 2699 1293 2740 ecus
1313 2726 1363 2740 ...

212 2773 345 2847 nptiarus
378 2766 516 2829 sdeffl?
568 2770 623 2829 Rei
650 2772 796 2846 equestris
823 2769 1037 2847 peritissimum
1065 2770 1157 2828 fuisse
1185 2772 1305 2845 poetam
1333 2774 1364 2828 et

211 2861 300 2941 multi
330 2878 434 2920 uersus
465 2859 600 2919 iudicant
632 2852 697 2940 (lib.
716 2859 791 2918 VIII
812 2879 841 2918 u.
862 2861 1036 2919 313-316
1062 2858 1116 2917 XV
1145 2880 1172 2917 u.
1194 2860 1257 2919 506
1282 2877 1363 2936 seqq.

212 2941 280 3030 alii)
312 2952 343 3008 et
374 2949 447 3008 artis
478 2947 625 3008 uocabula
655 2968 731 3024 quoe
761 2950 872 3027 passim
903 2953 1037 3026 usurpat.
1087 2948 1153 3008 Hoc
1183 2949 1248 3008 loeo
1279 2967 1362 3008 ecum

211 3038 406 3115 Hispanicum
435 3038 561 3097 describi
589 3040 755 3114 suspicetur
787 3039 910 3114 aliquis:
943 3039 1012 3098 uide
1044 3057 1120 3115 quae
1153 3037 1363 3097 adnotauimus

213 3127 252 3186 ad
271 3127 322 3186 lib.
337 3126 412 3186 VIII
431 3147 457 3185 ιι.
474 3128 546 3187 313.
567 3159 608 3168 -
629 3125 807 3187 Gradarium
827 3127 994 3205 appellauit
1013 3128 1124 3188 Seneca
1143 3127 1228 3204 epist.
1249 3129 1301 3202 40,
1322 3131 1359 3187 11

212 3214 382 3276 (liceronem
411 3220 572 3290 oratorem,
601 3219 653 3292 qui
680 3235 740 3276 non
767 3236 871 3278 cursor
897 3218 990 3277 fuerit
1018 3217 1125 3295 rapida
1155 3221 1185 3276 et
1211 3216 1363 3277 salebrosa

170 3345 179 3365 .
212 3307 356 3382 oratione,
384 3305 435 3365 sed
462 3304 546 3365 molli
577 3310 609 3365 et
635 3305 738 3366 sedato
766 3325 868 3385 gressu
891 3305 984 3366 uerba
1006 3307 1138 3367 uoluerit
1160 3306 1295 3383 proferri.
1318 3337 1362 3367 —,

211 3397 341 3471 optimus
378 3397 493 3454 uector:
530 3393 568 3454 ad
605 3395 801 3472 equitandum
835 3415 901 3456 ecus
934 3396 1120 3473 aptissimus,
1157 3415 1246 3471 quem
1283 3395 1362 3455 ealce

211 3477 302 3563 (uide
322 3503 351 3542 u.
372 3477 450 3566 477)
479 3485 608 3563 fatigare
636 3504 797 3562 opusnon
827 3485 874 3544 sit.
920 3483 1045 3544 Tradita
1071 3504 1131 3544 non
1159 3501 1276 3544 necesse
1305 3485 1363 3543 erit

210 3575 328 3632 mutare
351 3573 376 3632 si
400 3573 516 3653 legetur
539 3570 709 3653 ‘gradatim
732 3575 872 3651 optimae,
895 3571 1005 3634 uictor'
1114 3576 1213 3634 tamen
1243 3592 1361 3634 sensum

212 3661 329 3722 finitum
352 3681 415 3722 esse
438 3682 504 3723 eum
528 3682 617 3723 uersu
640 3663 832 3742 probabilius.

301 3744 384 3815 478.
395 3752 565 3814 Priscianus
576 3752 627 3813 GL
637 3755 667 3812 II
676 3753 867 3831 possset<
878 3749 1014 3813 ‘Lacesso
1025 3752 1171 3813 lacessiui.
1186 3755 1229 3812 sie
1239 3752 1360 3811 Probus.

210 3844 241 3900 et
255 3841 373 3901 uidetur
387 3842 459 3902 mihi
475 3844 581 3903 melius
596 3843 705 3904 dicere:
719 3845 912 3921 participium
927 3845 1004 3902 enim
1025 3845 1178 3918 passiuum
1197 3842 1361 3902 lacessitus.

211 3929 307 4010 Caper
330 3936 430 3992 tamen
452 3932 558 3993 lacessi
585 3931 659 3991 dicit
687 3950 763 4007 esse,
790 3936 826 3991 ut
848 3932 967 4006 lacessi,
996 3935 1026 3991 et
1053 3932 1167 4008 profert
1195 3932 1359 4009 exemplum

210 4019 329 4098 Lucilii
359 4041 417 4099 quo
448 4039 519 4081 usus
549 4025 594 4080 est
623 4022 654 4079 in
686 4021 773 4080 XIIII
802 4017 885 4080 ‘num
915 4013 984 4102 (cod
1015 4019 1041 4080 G
1070 4013 1156 4101 com)
1191 4025 1279 4080 uetus
1308 4021 1361 4080 ille

213 4108 284 4169 Cato
316 4111 466 4172 lacessisse
499 4112 644 4185 appellari
677 4112 755 4188 qaod
773 4164 775 4168 .
791 4113 927 4171 conscius
953 4156 959 4167 .
981 4157 985 4168 .
1007 4148 1013 4168 .-
1039 4107 1116 4170 sibi’.
1175 4109 1226 4169 sed
1262 4113 1362 4187 potest

212 4194 375 4258 ‘lacessisse
394 4220 447 4277 per
465 4218 627 4276 syncopam
646 4218 709 4260 esse
723 4200 874 4276 prolatum
890 4195 969 4259 “ui'’
985 4200 1127 4276 syllabae,
1146 4202 1182 4258 ut
1195 4193 1360 4276 “cupisse'’

212 4283 369 4363 ‘'petisse’'
401 4288 527 4349 dicimus
556 4309 611 4365 pro
642 4284 837 4366 “eupiuisse”
870 4284 1082 4366 “petiuisse’7
1136 4288 1181 4348 De
1211 4288 1361 4349 infinitiuo

202 4376 363 4435 ·uerissime
382 4377 551 4438 Priscianus
570 4383 674 4438 eontra
698 4377 827 4455 Capram
850 4379 966 4439 iudIeat
988 4381 1041 4455 qui
1061 4379 1228 4437 inlinitiuus
1252 4381 1361 4438 omisso

210 4466 381 4525 accusatiuo
404 4467 513 4543 pendet
534 4487 552 4526 a
570 4470 702 4527 conamus
714 4469 776 4527 siba·
795 4473 858 4527 erat
880 4472 914 4526 ut
932 4468 998 4528 Ter.
1018 4467 1145 4545 Adelph.
1166 4469 1229 4526 348
1249 4466 1361 4526 Matius
