3036 5004
558 382 634 440 xxx
652 403 680 440 u.
701 387 886 441 mcc-rose.
1233 381 1299 452 339

146 555 329 630 comparatis
361 555 515 615 uocabulis
548 552 656 634 βλέννοι
688 552 810 635 βλέννος
842 554 1024 635 βλεννώδηςε
1061 558 1190 616 testatur
1220 557 1300 617 idem
1352 582 1359 597 ·

147 642 313 719 Hesychius
344 662 366 703 s.
381 663 411 702 u.
443 641 544 723 βλὲνα·
578 643 663 722 μύξα.
709 645 741 705 ολ
770 640 802 705 δὲ
835 642 885 704 διὰ
916 653 969 705 τοῦ
1001 665 1023 703 ιι
1055 641 1148 704 ιιλὲνα
1175 649 1205 705 et
1232 665 1254 706 s.
1270 666 1299 705 n.

146 729 281 810 ιιλένναι·
314 732 411 809 μύξαι.
462 733 568 810 Itaque
599 736 709 794 rectius
744 735 803 794 erit
834 753 952 794 seruare
984 733 1071 811 apud'
1097 732 1248 795 Lucilium
1279 756 1299 813 p
1400 729 1404 734 ⁴

147 822 283 882 litteram
314 822 466 882 traditam.
522 822 670 900 Quicquid
706 826 807 902 inepte
839 824 1040 900 deblaterant,
1077 824 1213 901 stupidus
1248 825 1300 885 illo

149 913 323 972 assentitur:
347 913 637 972 coruncanum
671 907 830 991 ‘quidquid
857 914 974 988 dicunt,
1002 913 1106 989 laud03
1128 914 1160 973 id
1182 933 1300 974 rursum

148 1001 174 1061 si
198 1004 318 1079 negant,
341 1001 431 1060 laudo
454 1003 485 1061 id
509 1021 641 1079 quoque;
664 1007 755 1080 negat
774 1005 850 1079 quis,
873 1023 962 1082 nego:
986 1005 1038 1078 ait,
1061 1005 1126 1063 aio:
1150 1007 1300 1080 postremo

148 1091 296 1168 imperaui
333 1094 450 1169 egomet
485 1091 561 1150 mihi
596 1094 698 1152 omnia
733 1089 906 1167 adsentari’,
943 1093 962 1151 i.
985 1110 1010 1151 e.
1040 1093 1121 1169 quod
1152 1092 1301 1153 Diodorus

148 1181 277 1240 comicus
311 1179 396 1240 CAV
419 1180 450 1240 11
477 1201 505 1258 p.
525 1183 605 1257 421,
629 1181 713 1241 scK
745 1182 819 1242 dicit
855 1201 918 1244 esse
954 1184 1103 1259 parasitos
1136 1180 1201 1261 οὐχλ
1232 1181 1302 1254 τοὺς

148 1268 353 1350 χαριεστάτους
368 1317 375 1328 .
391 1317 397 1328 .
413 1317 419 1329 .
433 1268 504 1343 τοὺς
518 1267 549 1330 dt
563 1269 735 1331 κολακεύειν
750 1268 935 1350 δυναμένους
949 1270 999 1331 καλ
1013 1264 1095 1331 πάντ’
1107 1269 1247 1332 ἐπαινεῖν.
1257 1303 1302 1313 -

148 1359 307 1419 Rusticum
338 1361 370 1418 in
403 1379 475 1420 cena
504 1359 660 1420 Vulteium
696 1361 815 1420 Menam
851 1361 970 1421 induxit
1001 1361 1145 1421 Horatius
1177 1363 1263 1438 epist.
1287 1360 1303 1420 l

195 1442 208 1531 (
243 1530 350 1599 1064.
386 1539 502 1599 Nonius
538 1560 567 1616 p.
588 1541 666 1614 298,
686 1541 725 1599 31
766 1535 938 1614 ‘Excutere,
981 1541 1144 1614 excludere,
1180 1539 1301 1599 deicere.

151 1676 156 1687 .
173 1675 180 1686 .
196 1675 202 1686 .
221 1627 355 1687 Lucilius
369 1628 421 1687 lib.
435 1628 517 1687 XXX
536 1623 625 1705 “ipso
698 1624 928 1689 excutiemus''.'
965 1628 1023 1700 Qui
1041 1628 1152 1688 dicitur
1164 1629 1301 1689 dominus

149 1718 270 1777 uidetur
301 1735 365 1777 esse
397 1717 530 1777 conuiuii
563 1718 712 1778 exhibitor
740 1720 830 1778 sicuti
861 1719 912 1778 lib.
926 1718 971 1776 VI
989 1739 1017 1777 u.
1034 1720 1112 1778 241:
1144 1718 1303 1778 excanduit

149 1808 279 1866 conuiua
306 1808 337 1866 et
364 1826 430 1866 eum
458 1810 511 1884 qui
537 1810 671 1884 proxime
699 1808 824 1868 accubat
850 1809 990 1868 hortatur
1017 1812 1051 1867 ut
1078 1826 1179 1867 secum
1200 1826 1302 1868 omnes

149 1897 223 1957 istos
246 1915 330 1974 reges
354 1914 415 1956 una
437 1915 505 1956 cum
527 1896 648 1956 domino
672 1895 723 1971 λὰξ
747 1897 820 1958 ιιοδλ
840 1898 930 1958 eiciat
952 1917 968 1956 e
991 1898 1132 1958 triclinio.

242 1977 347 2044 1065.
367 1985 482 2047 Nonius
500 2007 529 2064 p.
547 1989 619 2063 117,
639 1988 680 2046 33
696 1982 838 2058 ‘Gemiac
857 1989 962 2066 gulosi.
999 1987 1133 2047 Lucilius
1151 1987 1202 2046 lib.
1220 1987 1302 2046 XXX

151 2071 228 2137 “illo
252 2075 324 2151 qnid
345 2074 400 2134 liat
421 2076 514 2136 lamia
536 2079 567 2136 ct
580 2079 655 2150 pitto
673 2078 832 2136 isiodostcs
851 2078 931 2154 quod
950 2079 1077 2137 ueniunt
1092 2079 1204 2153 genum
1222 2077 1303 2137 illias

151 2165 270 2224 notulae
297 2165 440 2240 inprobae
467 2161 633 2242 ineptse''.'
680 2167 841 2227 Lomiost
870 2167 951 2229 Broc
974 2167 1091 2244 scripsi:
1115 2167 1172 2226 ΑΡ
1190 2167 1219 2223 V
1239 2168 1301 2226 206

151 2254 184 2313 αἱ
210 2253 323 2330 Σάμιαι
351 2251 443 2313 Βιιιὼ
471 2253 521 2314 καλ
545 2253 681 2314 Νάννιον
708 2255 751 2328 εἰς
770 2249 947 2334 Ἀφροδίτης
974 2266 1082 2331 φοιτᾶν
1110 2261 1172 2327 τοῖς
1199 2253 1302 2328 αὐτοῖς

151 2340 207 2402 οὐκ
238 2338 374 2401 ἐθέλουσι
406 2340 509 2420 νόμοις
536 2341 668 2404 Kaibelii
696 2342 837 2404 1181232
866 2341 957 2404 Burri)
989 2342 1039 2404 ιιαλ
1071 2345 1195 2419 Φαινλς,
1228 2344 1301 2422 φίλη

145 2424 270 2509 Ἡμέρη,
288 2431 322 2490 αι’
338 2428 491 2511 ξυνέριθοι
509 2431 543 2492 αἱ
558 2431 691 2513 πενιχραλ
707 2438 806 2513 γραῖαι
825 2427 891 2517 τῇδ’
907 2431 1069 2512 ἐκλίθημεν
1083 2430 1160 2512 ὁμοῦ
1175 2426 1302 2515 (1136).

151 2521 324 2596 οονοολονολοο
347 2519 599 2605 8οα113οο,,ιοο1ο
627 2525 741 2599 opinor,
770 2524 888 2583 etiamsi
910 2523 1070 2582 ιὀἰοιλονιλοο
1091 2525 1111 2582 i.
1131 2542 1155 2581 e.
1179 2524 1303 2583 uiscah's

152 2609 290 2670 dentibus
317 2610 372 2668 alii
399 2609 594 2670 defenderunt
621 2612 701 2689 quod
728 2612 848 2672 uidetur
875 2613 963 2672 nimis
994 2612 1152 2673 artificiose
1181 2612 1302 2671 dictum.

152 2699 262 2760 Catuli.
279 2699 419 2758 XXH13
449 2695 564 2760 ‘uerum
591 2704 637 2761 est
664 2705 695 2762 et
722 2705 808 2778 pater
835 2704 866 2762 et
892 2720 1021 2763 nouerca
1051 2721 1176 2778 quorum
1200 2701 1303 2761 dentes

152 2791 201 2849 uel
224 2790 337 2850 silicem
360 2809 488 2850 comesse
511 2786 655 2866 possunt'.
702 2791 793 2851 Recte
821 2791 926 2851 deinde
954 2794 1139 2868 transposuit
1169 2790 1304 2870 Scaliger

153 2879 330 2956 scripsitque
361 2880 429 2938 ellac
458 2882 591 2954 ymnius:
629 2881 808 2959 archetypus
839 2882 946 2942 habuit
981 2882 1026 2941 illi
1059 2883 1178 2956 pumice
1214 2899 1305 2957 supra

153 2971 265 3045 scripto
289 2987 332 3044 ac,
354 2969 522 3029 masculina
547 2969 644 3030 torma
673 2974 746 3030 nata
776 2974 842 3030 eret
864 2991 879 3030 e
902 2972 1050 3030 lemmate.
1096 2970 1223 3030 Restant
1245 2971 1304 3030 tria

153 3059 287 3136 epitheta
320 3058 422 3134 qualia
453 3058 595 3137 leguntur
625 3079 672 3137 ap.
697 3059 756 3119 (iic.
776 3061 814 3120 ad
841 3058 905 3119 Att.
924 3060 968 3119 IX
988 3062 1081 3136 10,2
1115 3060 1190 3120 med.
1215 3055 1305 3120 ‘sicut

154 3145 186 3208 ἐν
204 3152 265 3219 τοῖς
283 3144 431 3227 ἐρωτικοῖς
450 3147 622 3208 alienantur
638 3148 809 3209 immundae
827 3149 958 3210 insulsae
975 3145 1152 3209 indecorae’.
1186 3153 1305 3225 pumice

154 3239 282 3297 formam
313 3240 463 3297 testantur
492 3240 622 3299 tesserae
654 3238 782 3299 lusoriae
815 3239 912 3298 editae
951 3239 989 3299 ab
1020 3238 1170 3299 Huclseno
1202 3240 1303 3299 Itoem

154 3327 273 3386 Mitteil.
292 3326 336 3386 XI
356 3328 440 3387 1896
465 3347 493 3404 p.
509 3329 588 3403 230,
617 3327 766 3388 Ciceronis
794 3328 868 3388 codd
894 3330 926 3387 in
954 3347 1042 3389 uersu
1069 3328 1180 3388 Lucilii
1201 3330 1304 3389 incert.

154 3436 183 3475 u.
204 3418 305 3491 1237,
332 3416 477 3493 Apuleius
510 3417 545 3477 de
577 3436 655 3496 mag.
676 3419 732 3477 57:
757 3422 872 3493 ymnius
897 3418 1068 3479 Muellerus.
1118 3418 1305 3479 Vocabulum

155 3526 190 3565 ex
221 3505 402 3566 Vmbrorum
440 3507 545 3586 lingus
583 3508 710 3583 petitum
747 3526 809 3568 esse
850 3510 959 3568 statuit
1000 3508 1198 3569 Buechelerus
1228 3509 1304 3568 Mus.

154 3595 248 3655 Rhen.
271 3595 414 3655 XXXVII
439 3596 523 3654 1882
552 3617 581 3674 p.
606 3597 683 3656 523:
716 3598 870 3675 proprium
900 3601 945 3658 est
967 3597 1091 3671 Lucilii,
1123 3618 1139 3658 e
1171 3616 1305 3657 sermone

155 3687 300 3744 castrensi
330 3687 466 3760 petitum.
513 3686 548 3744 ln
579 3686 691 3746 tabulis
721 3686 858 3764 Iguuinis
890 3687 979 3746 VIA
999 3689 1040 3746 58
1068 3689 1095 3747 si
1124 3690 1223 3763 gomis
1252 3688 1311 3760 tris

156 3772 221 3832 ln
246 3776 263 3833 7
295 3776 356 3847 trcf
386 3777 433 3849 ss'f
459 3776 579 3849 bumios
610 3775 778 3855 significare
814 3776 935 3836 uidetur
966 3782 1023 3838 tres
1053 3794 1121 3836 succ
1149 3777 1304 3851 procidus,

156 3865 310 3923 seruatum
351 3881 413 3923 esse
454 3866 626 3925 etiamnunc
664 3865 843 3925 uocabulum
878 3866 1068 3925 Lucilianum
1105 3867 1194 3925 sicuti
1230 3865 1306 3924 illud

155 3953 286 4027 ολοοιοοίι
308 3951 359 4010 111).
373 3952 445 4011 XVl
463 3973 491 4012 u.
507 3955 571 4012 528
595 3956 626 4012 in
650 3954 754 4032 lingua
772 3955 947 4033 Hispanica,
971 3955 1023 4014 ubi
1039 3956 1139 4028 comio
1157 3954 1307 4032 significat

155 4041 325 4101 helluonem
348 4042 396 4101 uel
418 4042 607 4118 manducem,
629 4044 779 4103 intellexit
801 4045 969 4104 Fridericus
992 4044 1112 4103 Dicnius
1136 4044 1305 4123 Etymolog.

156 4130 371 4190 Woerterbucb
396 4130 423 4190 d.
442 4150 515 4191 rom.
535 4132 600 4209 Spr.
625 4124 675 4214 (ed
694 4133 721 4189 V
745 4134 866 4192 Bonuae
892 4125 992 4215 1887)
1015 4154 1043 4210 p.
1060 4134 1133 4192 456.
1179 4132 1307 4194 Dubitat

156 4224 245 4298 poeta
281 4238 371 4281 censo
407 4221 543 4282 sordidae
580 4223 722 4283 interesse
759 4241 817 4298 quo
854 4224 973 4281 uocarit
1003 4222 1139 4283 dominus
1173 4222 1306 4282 conuiuii

156 4313 255 4370 scorta
282 4309 340 4371 duo
367 4310 474 4387 putide
502 4314 533 4370 et
560 4311 707 4371 obsoleta:
734 4311 929 4371 Volumniam
957 4310 1118 4389 Cytherida
1149 4313 1306 4388 pulchram

157 4403 188 4459 et
210 4401 338 4460 facetum
357 4404 481 4460 uocarat
499 4401 688 4477 Eutrapelus,
712 4402 795 4461 cuius
814 4402 953 4461 conuiuio
972 4421 1002 4461 se
1020 4402 1191 4461 interfuisse
1209 4401 1307 4477 lepide

157 4492 262 4550 narrat
282 4491 323 4548 Μ.
342 4490 460 4551 Tullius
482 4492 568 4567 epist.
583 4491 625 4549 IX
645 4492 696 4550 26.

1040 4590 1093 4645 22’
