3060 5010
587 349 690 404 nxvn
708 367 735 403 u.
756 352 904 403 oss-ear.
955 383 960 397 ι
1257 349 1321 414 251

174 537 284 595 ponere
316 519 485 580 Muellerus.
531 519 573 579 At
599 519 731 593 facilius,
764 519 883 595 opinor,
916 524 942 578 et
973 519 1071 578 omitti
1103 520 1203 594 potuit
1235 538 1326 595 qnam

175 608 245 668 addi
269 629 287 669 a
308 608 438 668 librario.
481 608 671 671 (lonsooiauit
693 609 826 668 Lucilius
849 609 946 669 iocose
970 608 1043 668 duos
1067 607 1214 668 ablatiuos
1232 610 1326 668 salute

176 703 201 757 et
224 700 358 758 uorsibus
385 700 490 774 quibus
511 703 621 774 polest:
647 698 727 775 quod
750 697 835 758 addit
862 698 964 758 eodem
988 716 1075 757 sensu
1098 717 1157 774 quo
1180 697 1325 758 Horatius

174 807 263 848 carm
278 787 322 848 IV
338 789 367 864 8,
385 793 422 849 11
448 783 592 849 ‘carmina
610 806 765 866 possumus
784 783 915 848 donare’.
954 787 1119 864 Scripserat
1137 787 1213 848 libro
1227 788 1326 846 XXVI

174 899 202 937 u.
219 879 284 938 594
312 896 375 938 sese
404 878 512 939 Siculis
541 878 709 939 Tarentinis
734 876 922 939 Consentinis
946 877 1086 938 scribere:
1117 880 1148 936 at
1170 877 1226 937 hoc
1249 876 1325 936 libro

175 967 336 1027 secundum
373 968 557 1029 Lachmanui
593 968 750 1028 lectionem
786 971 941 1044 tamquam
978 966 1108 1026 medicus
1144 966 1326 1043 reipublicae

175 1077 204 1134 p.
219 1058 253 1116 R.
273 1059 442 1136 aegrotanti
465 1058 624 1135 pollicetur
647 1057 782 1119 salutem.
829 1055 995 1127 Quaesiisse
1025 1056 1166 1116 nimirum
1189 1056 1326 1115 nonnulli

175 1146 316 1206 uidentur
347 1148 480 1207 hominos
517 1147 608 1207 simili
644 1147 732 1207 modo
769 1151 860 1223 atque
892 1146 1031 1206 Pallados
1063 1146 1121 1204 AP
1140 1146 1183 1205 XI
1203 1148 1263 1205 291
1299 1145 1329 1205 τί

176 1232 331 1313 ὠφέλησας
350 1235 404 1314 τὴν
422 1234 510 1297 πόλιν
529 1236 646 1316 στίχους
663 1236 801 1317 γράφων,
826 1236 869 1297 At
882 1237 1027 1323 Horatius
1042 1254 1128 1296 serm.
1142 1236 1158 1294 I
1174 1237 1325 1311 4‚1seqq.

176 1327 355 1386 comicorum
383 1326 554 1386 Atticorum
586 1329 720 1386 ueterum
752 1326 880 1386 similem
910 1345 972 1386 esse
999 1330 1120 1403 poetam
1143 1326 1252 1385 statuit
1275 1325 1325 1402 qui

176 1417 253 1475 tales
276 1419 486 1494 conscripserit
507 1436 624 1477 uersus:
648 1417 737 1477 sicuti
764 1415 916 1493 Aristoph.
940 1415 1129 1492 Vesp.1043
1159 1434 1221 1475 sese
1251 1414 1328 1473 dixit

175 1501 362 1583 ἀλεξίκακον,
399 1515 451 1584 τῆς
483 1504 578 1585 χώρας
609 1505 695 1583 τῆσδε
727 1503 897 1584 καθαρτήν,
928 1505 1021 1565 Ranis
1055 1505 1117 1564 686
1150 1504 1327 1582 pronuntiat

174 1592 226 1654 τὸν
258 1593 339 1675 ἱερὸν
370 1594 459 1675 χορὸν
492 1594 608 1657 δίκαιόν
640 1592 699 1655 ἔστι
730 1592 839 1676 χρηστὰ
858 1599 903 1680 γτῇ
930 1593 1012 1654 πόλει
1040 1593 1254 1672 ξυμπαραινεῖν
1276 1591 1327 1653 καὶ

176 1683 325 1744 διδάσκειν
357 1688 431 1762 art,
463 1687 543 1745 ciues
575 1704 643 1744 suos
676 1685 847 1761 adloquitur
878 1684 1074 1746 Archilochus
1107 1685 1213 1762 fragm.
1239 1684 1325 1743 5013.

174 1773 257 1833 Haec
275 1793 330 1853 ego
350 1775 498 1851 quondam
516 1774 741 1834 Lachmannum
759 1776 878 1835 secutus
892 1775 1016 1850 exposui
1029 1773 1088 1832 ind.
1103 1772 1170 1833 lect
1185 1773 1324 1835 Rostoeh.

176 1858 292 1943 1888l9
317 1884 345 1940 p.
363 1868 418 1924 12:
445 1884 524 1925 nuno
551 1867 582 1924 et
605 1864 707 1924 Plauti
735 1883 823 1926 uersu
846 1864 900 1923 illo
923 1865 1034 1924 rectius
1057 1883 1105 1923 me
1127 1865 1173 1923 uti
1196 1862 1327 1922 arbitror

176 1953 201 2013 si
224 1955 357 2014 statuero
380 1956 485 2031 ntique
509 1974 598 2014 unam
622 1972 780 2031 personam
803 1956 934 2031 aposta
957 1953 1062 2013 debere
1086 1953 1243 2029 appellari,
1266 1973 1325 2014 non

175 2046 271 2104 totam
302 2063 331 2120 p.
346 2044 380 2103 u.
399 2044 615 2121 rempublicam
647 2063 737 2121 quam
770 2044 867 2104 salute
899 2043 951 2103 ille
982 2042 1149 2120 impertiat,
1179 2062 1233 2102 neo
1264 2060 1327 2102 rem

170 2134 322 2207 publicem
353 2153 439 2212 posse
467 2133 527 2193 dici
552 2152 614 2194 rem
635 2135 742 2209 populi
772 2134 883 2210 ipsam:
911 2133 1038 2210 denique
1066 2134 1161 2193 artius
1188 2135 1326 2209 oportere

177 2222 321 2283 editorem
344 2223 429 2300 sequi
458 2224 575 2283 litteras
600 2224 681 2300 apud
703 2223 834 2283 Nonium
861 2222 997 2283 beditas.
1041 2222 1149 2298 Itaque
1171 2224 1239 2282 κ’έινι
1262 2242 1277 2281 e
1301 2225 1327 2281 te

65 2374 68 2379 ,
176 2311 233 2371 erit
256 2313 448 2373 statuendum
470 2331 533 2373 esse
556 2312 635 2372 male
657 2315 815 2388 mutatum,
833 2314 939 2387 populi
959 2314 1131 2372 uocatiuum
1156 2330 1218 2372 esse
1240 2312 1327 2386 Popli

175 2402 264 2462 sicuti
286 2422 341 2477 pro
364 2403 509 2462 Rrblilins
528 2403 664 2476 publicus
687 2401 827 2462 scribitur
844 2402 986 2461 Publilius
1004 2401 1141 2476 poplicus
1161 2401 1273 2462 similia
1295 2403 1326 2461 et

175 2493 317 2568 scriptam
341 2511 402 2552 esse
425 2493 502 2552 banc
522 2495 656 2552 saturam
674 2491 722 2550 uel
741 2492 819 2551 huno
837 2491 947 2551 librum
966 2491 1080 2549 XXVII
1098 2490 1137 2549 ad
1156 2490 1325 2566 Scipionem

175 2581 302 2640 eundem
334 2581 416 2640 ouius
448 2581 592 2641 iudicium
623 2581 700 2640 libro
723 2580 822 2640 XXVI
853 2580 1020 2657 repudiarit
1048 2582 1138 2657 poeta
1168 2573 1210 2659 (u.
1236 2571 1324 2659 594).

176 2668 232 2729 (lui
263 2690 329 2731 oum
358 2672 504 2749 placuisse
532 2690 643 2731 nouam
670 2669 781 2732 Lucilii
807 2671 911 2747 poesin
938 2669 1071 2730 audisset
1098 2672 1214 2744 auctor,
1246 2670 1325 2729 huno

176 2761 306 2820 alterum
328 2760 431 2821 statim
454 2761 563 2820 librum
587 2761 625 2821 ad
648 2781 715 2820 eum
739 2761 831 2820 misit:
864 2778 952 2837 quem
981 2758 1091 2819 librum
1115 2758 1153 2818 ad
1175 2759 1324 2818 hominem

175 2849 287 2910 ordinis
311 2850 453 2911 senatorii
475 2851 599 2918 missum
622 2852 714 2911 fuisse
738 2850 922 2910 demonstrat
943 2868 973 2908 n.
991 2850 1064 2908 690.

264 2934 348 3001 690.
371 2941 487 3001 Nouius
510 2962 538 3018 p.
555 2942 632 3015 374,
652 2942 693 3000 22
719 2935 879 3013 ‘Proferre‚
906 2939 1007 3015 palam
1035 2937 1140 2997 facere.
1191 2936 1324 2998 Lucilius

174 3029 225 3088 lib.
243 3030 358 3089 XXVII
386 3025 542 3104 ‘proferat
568 3048 634 3105 erqo
649 3074 655 3088 .
672 3075 699 3088 ..
720 3023 919 3088 admiserit”.’
970 3029 1126 3101 Referam
1153 3044 1202 3101 eqo
1230 3026 1324 3086 Lach-

175 3137 301 3178 mannus
327 3120 483 3193 Proferam
509 3122 571 3180 ιάκι
600 3137 679 3194 erpo,
706 3120 777 3179 ordo
806 3122 901 3177 ceste·
930 3118 1098 3176 Muellerus.
1145 3116 1203 3176 Sed
1225 3116 1323 3176 Plant.

175 3207 275 3268 Aulul.
297 3211 359 3269 232
386 3205 479 3270 ‘meus
502 3230 549 3269 me
568 3209 640 3268 ordo
658 3204 798 3269 inrideat’
819 3206 878 3268 oie
897 3207 982 3267 Brut.
1003 3208 1067 3267 180
1087 3202 1193 3267 ‘nostri
1212 3206 1324 3266 ordinis

176 3297 209 3367 Q.
225 3297 404 3373 Sertorium,
434 3301 579 3376 equestris
604 3297 634 3356 (l.
650 3292 845 3377 Gargonium'
871 3298 934 3357 205
959 3293 1060 3357 ‘homo
1083 3300 1166 3356 extra
1189 3299 1324 3356 nostrum

175 3387 307 3446 ordinem
325 3408 391 3448 meo
410 3388 521 3450 iudicio
540 3383 763 3449 disertissimus'
778 3386 1096 3460 nuenarianam
1114 3381 1324 3464 ‘perniciosum

176 3479 276 3536 uestro
300 3475 418 3537 ordini’.
461 3475 583 3539 ‘scelera
606 3497 683 3555 quae
706 3480 738 3538 in
761 3496 792 3537 se
815 3471 981 3537 admiserit’
1005 3477 1084 3535 idem
1102 3495 1208 3537 uersus
1227 3478 1323 3536 exitus

175 3566 241 3626 Ter.
261 3567 379 3628 Phorm.
401 3571 465 3629 270
499 3565 629 3646 ‘culpam
661 3570 696 3628 ut
727 3567 861 3644 Antipho
893 3567 925 3625 in
957 3585 989 3627 se
1020 3561 1184 3628 admiserit’
1219 3557 1323 3646 (iro).

176 3654 259 3715 Serio
287 3675 325 3715 an
353 3677 407 3733 per
432 3660 531 3718 iocum
561 3659 605 3717 ita
627 3659 759 3718 minatus
783 3659 823 3718 sit
845 3659 948 3734 poeta,
970 3675 1030 3716 non
1052 3657 1155 3733 liquet.
1202 3652 1323 3714 Ordinis

175 3746 319 3804 senatorii
345 3747 462 3826 flagitia
488 3747 542 3807 illa
570 3750 668 3807 aetate
691 3748 860 3824 protulerat
882 3747 926 3805 Ti.
947 3744 1110 3820 Gracchus,
1137 3763 1205 3805 cum
1227 3745 1323 3822 legem

174 3833 362 3894 iudiciariam
403 3836 494 3897 ferret
535 3856 623 3913 quam
665 3840 769 3913 postea
810 3835 951 3897 dissuasit
992 3834 1092 3911 Scipio
1136 3832 1323 3893 Aemilianus

175 3915 326 4002 (Meyerus
350 3918 454 3983 ΟΒΡ2
472 3946 500 4002 p.
517 3917 609 4006 191):
639 3926 731 3984 simili
754 3925 841 3984 modo
864 3928 969 4002 postea
991 3922 1187 3984 doracenus
1210 3922 1323 3982 ordinis

175 4012 318 4072 senatorii
359 4013 474 4092 flagitia
515 4018 545 4074 et
585 4015 696 4075 seelera
736 4014 863 4091 protulit
906 4005 1056 4094 (Meyerus
1097 4013 1116 4070 1.
1138 4031 1159 4072 s.
1182 4031 1209 4087 p.
1235 4004 1322 4092 236).

175 4100 316 4162 Saturam
338 4122 429 4162 uuam
448 4103 516 4162 libri
534 4104 648 4163 XXVII
670 4106 719 4163 uel
741 4104 839 4163 totum
857 4102 968 4162 librum
986 4103 1024 4161 ud
1042 4100 1192 4162 hominem
1211 4101 1323 4164 ordinis

175 4193 316 4253 senatorii
339 4195 460 4254 missam
483 4194 574 4254 fuisse
597 4212 700 4253 uersus
723 4194 771 4252 hic
793 4194 929 4252 testatur.
1233 4190 1235 4193 ’

264 4275 349 4345 691.
380 4283 496 4344 Nonius
528 4304 556 4360 p.
581 4284 660 4358 320,
684 4285 724 4343 27
760 4277 887 4357 Ἧοηοτ,
920 4282 1082 4357 sepultura.
1188 4280 1322 4344 Lucilius

174 4371 224 4432 lib.
245 4372 361 4432 XXVII
393 4368 499 4432 “nullo
531 4373 641 4433 honore
673 4373 798 4447 displelu
829 4370 911 4431 nullo
944 4365 1091 4431 funere”.’
1147 4370 1323 4431 Ablatiuum

173 4463 243 4534 {luo
265 4467 334 4540 post
355 4463 475 4524 Iunium
499 4467 529 4524 et
551 4462 721 4524 Ihuterium
744 4463 894 4542 agnorunt
911 4461 1096 4523 Duentzerus
1114 4461 1323 4531 Lachmannus
