3030 5002
609 364 636 419 11
653 382 680 420 u.
700 368 816 420 87-89.
1244 364 1285 432 41

140 532 272 612 Scaliger
290 535 443 611 scripserit
462 529 526 593 ‘cur
543 535 589 595 est
607 533 742 596 lectum?
764 554 822 612 quo
841 533 950 596 cenicis
973 531 1085 594 istuci’
1108 534 1288 597 Ribbeolius

141 616 227 685 cLF’
248 644 277 702 p.
300 623 411 684 LXXII
444 619 508 684 ‘eur
544 627 590 685 eet
619 623 756 685 furtum?
791 643 867 702 quor
902 624 1012 685 cenicis
1043 620 1158 686 istuol’
1208 625 1288 686 Nam

140 716 290 774 shuctura
308 713 468 773 uerborum
486 713 652 790 explicatur
669 714 812 791 exemplis
830 715 934 775 multIs
951 716 983 773 in
1002 714 1146 794 Drasgeri
1167 717 1288 793 syntaxi

139 804 159 862 l.
168 802 201 862 L.
211 802 314 864 histor.
323 795 406 880 11¹1).
418 805 480 863 227
501 806 650 882 congestis
663 804 762 864 ueluti
777 803 836 864 Gic.
851 805 935 865 'Pusc
950 803 995 864 IV
1010 805 1057 864 64
1071 799 1288 882 ‘percommode

140 894 254 953 imum
277 895 332 967 est,
355 892 434 969 quod
464 892 506 953 eis
533 893 570 952 de
597 893 684 954 rebus
703 939 710 953 .
726 939 732 950 .
748 940 754 952 .
773 895 872 972 primo
895 896 927 953 et
948 913 1092 971 proxumo
1116 895 1164 953 elie
1187 893 1287 971 dispu-

138 985 236 1043 tatum
264 977 330 1044 eet’.
371 982 409 1043 ad
433 982 496 1042 Att
515 982 586 1042 XVI
607 986 698 1057 15,1
726 979 808 1042 ‘Noli
835 986 943 1062 putere
966 984 1090 1062 pigritia
1111 1003 1159 1044 me
1180 984 1288 1058 facere,

140 1071 219 1149 qued
242 1091 301 1132 non
324 1090 391 1132 msa
414 1090 504 1132 manu
527 1068 675 1132 acribam'.
718 1071 859 1133 Conicere
880 1073 952 1149 quid
976 1074 1018 1132 sit
1038 1072 1158 1133 Alruuii
1174 1073 1289 1133 indicat

140 1179 242 1222 uersus
265 1153 371 1243 (cltF'
387 1181 416 1239 p.
431 1162 496 1221 243
514 1160 559 1221 VI
578 1161 636 1221 VH
650 1155 691 1243 R)
715 1157 795 1221 ‘nam
814 1165 849 1222 ιιι
866 1163 953 1240 signa
970 1162 1114 1238 indicunt,
1131 1162 1173 1222 Hi
1190 1165 1288 1223 conia·

140 1270 204 1312 cere
227 1250 319 1311 uerbs
336 1250 416 1311 intes
432 1269 496 1311 sese
514 1251 612 1312 acrius
631 1283 673 1293 -
692 1251 764 1312 Noli
781 1270 849 1311 mea
866 1254 963 1312 mater
982 1271 1029 1312 me
1046 1254 1203 1329 praesente
1221 1271 1288 1312 cum

140 1342 226 1417 patre
244 1336 398 1401 conicere’.
435 1340 667 1416 Hor.serm.14,
679 1343 718 1403 79
740 1337 831 1400 ‘unde
849 1343 979 1418 petitum
997 1343 1052 1402 hoc
1069 1344 1101 1403 in
1115 1361 1163 1403 me
1175 1339 1286 1403 iecis?’

231 1422 289 1492 88.
314 1429 416 1490 cicero
435 1429 472 1490 de
490 1430 539 1489 lin.
553 1430 621 1506 bon.
641 1435 672 1491 et
693 1431 792 1491 ruehl
813 1433 841 1506 3,
861 1433 880 1491 8
897 1427 966 1492 ‘Res
984 1450 1055 1491 uero
1068 1432 1171 1507 bonas,
1189 1432 1287 1492 uerbis

140 1520 242 1580 electis
274 1520 407 1600 grauiter
438 1521 601 1597 ornateque
633 1519 743 1596 dictas,
775 1521 842 1597 quis
874 1539 933 1580 non
960 1518 1063 1600 leget?
1091 1523 1151 1581 nisi
1178 1523 1230 1598 qui
1257 1541 1289 1583 se

141 1611 229 1687 plane
256 1608 402 1670 Graecum
429 1610 487 1670 dici
515 1611 604 1685 uelit,
632 1613 667 1669 ut
694 1629 713 1670 a
736 1609 880 1671 Scaeuola
907 1614 953 1670 est
981 1612 1118 1688 praetore
1139 1611 1288 1672 ulutatus

140 1698 266 1760 Athenis
290 1699 441 1760 Albucius.
488 1718 577 1775 quem
600 1700 720 1777 quidem
742 1701 839 1761 locum
869 1718 935 1760 cum
959 1701 1055 1760 multa
1078 1703 1235 1762 uenustete
1258 1705 1289 1760 et

141 1790 222 1848 omni
240 1789 302 1848 sale
320 1788 399 1849 idam
417 1788 561 1867 Lucilius,
580 1788 660 1866 apud
678 1808 767 1866 quem
785 1790 937 1868 prseclarc
955 1789 1100 1851 Scaeuola
1118 1786 1288 1852 “cneum

217 1874 401 1938 inimicus'’.’
457 1878 589 1956 Exponit
619 1879 667 1938 his
698 1878 832 1940 uersibus
866 1879 1011 1940 Scaeuola
1041 1899 1109 1940 raus
1140 1881 1288 1942 iudicibus

141 1987 233 2044 quare
268 1969 382 2029 iactum
418 1967 459 2028 sit
496 1972 531 2028 ut
562 1968 706 2029 Albucius
737 1988 769 2028 se
801 1971 949 2030 accusarit
980 1989 1160 2047 causamque
1190 1973 1290 2048 aperit

142 2076 258 2118 emnem
277 2056 501 2118 inimicitiarum
520 2060 708 2119 accusatoris.
751 2058 810 2129 Qui
832 2058 904 2118 haec
926 2060 988 2119 iere
1012 2063 1133 2119 enarrat
1155 2055 1289 2136 ‘praetor

140 2165 207 2207 cum
230 2146 364 2208 Athenas
387 2146 490 2207 urbem
513 2148 696 2227 ingrederer,
723 2148 844 2208 obuiam
866 2149 893 2207 it
915 2168 962 2208 me
984 2149 1147 2209 sulutstum
1172 2151 1224 2225 qui
1246 2149 1289 2209 ibi

142 2236 269 2315 degebat
304 2238 338 2296 T.
357 2236 500 2298 Albucius
536 2238 684 2314 perfectus
716 2239 880 2317 Epicureus
917 2241 948 2298 et
982 2237 1158 2313 Graeculus,
1194 2238 1288 2317 pullio

141 2328 267 2387 amictus
291 2328 321 2386 et
344 2326 470 2403 crepidis
493 2327 623 2387 indutus.
668 2326 699 2387 Is
727 2330 781 2387 aut
807 2327 924 2387 dixerat
950 2327 1100 2404 quondam
1123 2348 1176 2405 per
1199 2328 1289 2388 collo·

141 2418 244 2493 quium
267 2417 322 2476 eut
338 2417 498 2494 scripserat
515 2418 547 2476 in
565 2417 677 2477 chartis
695 2419 757 2477 suis
779 2416 992 2495 philosophicis
1020 2410 1071 2498 (de
1090 2417 1197 2494 quibus
1220 2418 1292 2478 conf

141 2506 251 2566 Fronto
283 2525 312 2582 p.
336 2508 413 2581 114,
441 2506 522 2580 IN)
563 2524 627 2567 sese
661 2506 752 2566 malle
789 2504 934 2566 Graecum
971 2506 1031 2566 (lici
1067 2525 1155 2582 quam
1193 2506 1289 2566 ciuem

141 2594 308 2656 liemarum
345 2599 400 2655 aut
436 2596 616 2674 municipem
647 2595 790 2657 Latinum
822 2597 1028 2656 centurionum
1059 2614 1225 2655 crassorum
1259 2598 1290 2656 et

141 2684 326 2746 indoctorum
350 2704 476 2761 quorum
498 2684 620 2747 Vlubn's
643 2688 697 2744 sut
718 2686 846 2745 Formiis
872 2703 988 2745 summa
1017 2686 1083 2745 erat
1104 2685 1237 2761 potestus
1259 2688 1290 2745 et

141 2775 311 2836 auctoritas.
357 2775 560 2853 Itaquecum
586 2794 633 2835 me
660 2775 821 2836 salutasset
846 2773 1053 2835 aduenientem
1082 2773 1202 2849 Latine,
1224 2792 1289 2853 ego,

142 2859 208 2939 ‘tu’,
231 2865 363 2941 inquam,
387 2860 515 2939 ‘Albuci
539 2866 610 2942 quia
633 2865 728 2941 patris
750 2864 853 2923 Latini
875 2867 906 2924 et
923 2862 995 2923 luris
1014 2862 1124 2925 oblitus
1143 2861 1289 2924 (inecum

141 2956 171 3014 ta
193 2953 253 3013 uici
274 2954 422 3028 maluisti,
450 2972 541 3031 quam
563 2954 731 3015 Romanum
759 2954 813 3015 aut
835 2953 991 3028 Letiuum,
1020 2950 1147 3014 Athenis
1169 2950 1289 3027 Grecos,

141 3044 171 3103 te
199 3060 266 3104 cum
293 3042 332 3103 ed
354 3059 402 3103 me
425 3045 590 3105 salutatum
612 3043 740 3121 secedis,
768 3044 879 3105 saluto:
907 3042 1022 3117 chaere,
1043 3045 1177 3121 inquam,
1199 3039 1288 3104 Iite’.

142 3132 218 3193 Tum
240 3131 285 3192 VI
312 3133 370 3193 mei
402 3133 536 3209 lictores,
567 3134 673 3194 cohors
704 3136 857 3210 praetoria
888 3133 984 3195 omnis
1012 3134 1043 3193 et
1068 3132 1187 3210 reliqua
1212 3152 1289 3210 quae

141 3220 341 3283 comitabetur
367 3241 414 3283 me
441 3226 609 3302 praetorem
636 3243 745 3285 corona
772 3223 858 3302 quasi
881 3223 987 3284 chenus
1010 3222 1114 3284 audito
1137 3222 1289 3285 endosimo

141 3312 301 3390 coryphaei
325 3308 442 3374 ‘chaere
465 3309 543 3373 'liis’
568 3314 799 3374 conclamarunt.
845 3312 931 3388 Hinc,
954 3313 1075 3388 iudicas,
1097 3313 1193 3375 bostis
1214 3312 1289 3372 mihi

142 3405 187 3463 ast
213 3402 284 3477 iste,
316 3402 385 3463 hinc
414 3399 573 3463 iuimicus?
626 3400 784 3480 Graecum]
819 3403 879 3462 fuit
909 3402 943 3461 Τ.
964 3401 1108 3463 Albucius
1140 3402 1289 3482 perfectus

141 3491 320 3568 Epicureus:
352 3511 444 3568 quare
475 3494 584 3553 mirum
615 3511 675 3554 nen
706 3496 752 3554 est
786 3511 854 3552 eum
887 3494 917 3552 et
945 3490 1091 3553 Graecum
1117 3491 1176 3552 dici
1199 3491 1290 3552 malle

142 3599 233 3658 quam
241 3581 409 3641 Romanum
424 3583 454 3642 et
465 3580 591 3643 Athenis
605 3601 637 3643 se
650 3584 826 3643 commorari
840 3601 930 3659 quam
944 3581 1065 3657 Romae,
1080 3582 1106 3642 si
1120 3581 1290 3642 memineris

143 3671 257 3747 quenta
278 3671 423 3748 religione
446 3671 586 3747 Epicurei
608 3673 747 3751 magistri
770 3674 801 3732 et
823 3672 954 3749 patriam
976 3674 1007 3731 et
1029 3670 1133 3731 domus
1152 3671 1290 3747 hortique

142 3760 286 3835 reliquias
313 3761 447 3821 uenerati
475 3762 537 3820 sint
563 3753 663 3842 (Lucr.
678 3760 722 3821 VI
743 3762 828 3821 1—8
857 3759 917 3820 Gic.
937 3761 1021 3837 epist.
1042 3759 1116 3820 XIII
1137 3751 1184 3839 1):
1211 3757 1291 3818 idem

143 3848 246 3909 eedem
278 3848 313 3908 de
346 3867 436 3911 causa
467 3854 572 3927 postea
603 3850 676 3911 iecit
706 3850 739 3910 Τ.
759 3850 940 3926 Pomponius
967 3848 1086 3910 Atticus
1118 3848 1289 3925 Epicureus.

143 3937 257 4016 Nempe
279 3939 421 3999 docuerat
443 3939 507 3999 siue
531 3940 678 4017 Epicurus
702 3940 764 4000 siue
785 3939 925 4016 Epicurei
949 3938 996 3997 uel
1020 3938 1090 3998 deos
1113 3935 1168 4014 τὴν
1186 3929 1290 4013 Ἑλλη-

143 4027 212 4088 νίδα
306 4025 381 4107 ἔχειν
404 4028 555 4089 διάλεκτον
578 4030 683 4108 fragm.
704 4030 767 4089 356
786 4029 920 4089 Vaeneri.
946 4059 987 4069 -
1012 4027 1178 4086 Romanum
1201 4027 1290 4104 etque

144 4111 302 4197 Sabinum]
339 4118 436 4196 lepide
452 4162 458 4174 .
473 4117 532 4179 duo
568 4117 722 4179 coniunxit
752 4117 873 4177 nomine
905 4135 964 4192 quo
995 4117 1091 4176 uuam
1123 4115 1291 4176 Romanum

144 4206 290 4285 significet
307 4207 440 4268 moribus
460 4207 579 4267 Sabinis
596 4198 684 4289 (Hor.
695 4207 778 4283 epod.
791 4210 820 4282 2,
840 4207 879 4264 41
896 4205 1048 4266 LucanlI
1063 4197 1143 4286 368)
1161 4204 1291 4266 Numae-

144 4312 201 4373 que
232 4295 379 4357 iustitutis
411 4297 463 4374 qui
494 4298 611 4357 utatur:
643 4299 714 4357 conf
742 4296 942 4356 Mommsenus
974 4294 1031 4356 Dis
1062 4294 1291 4372 Tatiuslegenrle

144 4382 244 4445 Herm.
258 4384 329 4446 XXI
349 4386 433 4446 1886
452 4407 481 4463 p.
497 4387 562 4447 570
580 4403 660 4463 seqq.
684 4418 728 4428 —

233 4475 286 4534 89.
322 4476 502 4553 municipem
540 4475 644 4553 Ponti,
675 4476 793 4536 Tritani
829 4475 1036 4537 centurionum
1071 4474 1291 4556 praecursum
