3000 5002
239 388 304 458 388
594 387 693 446 noes.
713 387 771 446 seu.
790 408 817 444 u.
839 391 1023 446 raes-122³.

240 556 423 639 ‘cordipugis
457 559 604 635 uersibus,
640 560 750 620 litteris
787 559 876 620 corda
895 554 1177 645 pungenti<bu>s’,
1203 556 1225 618 i'.
1248 577 1274 618 e.
1314 553 1406 618 ἔπεσι

238 648 422 731 θυμαλγέσιν
452 670 531 727 quae
558 649 649 710 uerba
671 650 781 709 Lucilii
810 669 873 710 esse
896 651 1061 709 arbitratur
1082 649 1284 709 Baehrensius
1309 647 1406 706 FPR

239 762 268 818 p.
285 743 357 800 266.
398 740 466 799 Non
490 742 536 800 est
556 738 636 816 quod
654 740 774 800 recedas
793 759 810 799 a
829 741 968 818 glossarii
986 743 1039 799 aut
1057 739 1207 816 scriptura
1226 741 1283 798 aut
1302 738 1403 797 inter-

239 832 407 907 pretatione
426 848 487 906 qua
500 829 634 889 mulieris
648 829 711 889 sine
725 829 815 889 dubio
829 828 968 906 pudenda
981 829 1205 906 intelleguntur.
1244 825 1405 906 Congruit

240 939 308 979 cum
330 920 386 979 boc
409 937 497 979 sensu
520 919 599 995 quod
623 938 670 995 ap.
694 919 816 978 Festum
838 922 992 978 seruatum
1015 922 1060 978 est
1081 918 1260 979 uocabulum
1279 919 1403 977 medica

240 1008 321 1085 quod
357 1012 460 1086 aparte
497 1007 646 1068 Luciliani
681 1012 727 1069 est
761 1008 921 1088 fragmenti
964 1029 982 1067 a
1018 1009 1106 1068 Festo
1142 1007 1258 1084 plenius
1296 1008 1401 1067 allati.

239 1098 356 1158 Medica
388 1098 467 1158 enim
499 1100 545 1159 est
576 1097 720 1157 obstetrix
751 1099 800 1158 uel
832 1100 1011 1157 feminarum
1042 1098 1187 1157 curatrix:
1216 1097 1290 1156 cont
1313 1096 1401 1156 Mar-

240 1188 396 1264 quardtius
424 1186 459 1245 de
488 1189 553 1247 uita
580 1187 701 1264 priuata
728 1208 756 1265 p.
772 1189 806 1246 R.
830 1187 1047 1264 antiquitatum
1075 1186 1231 1246 enchiridii
1253 1186 1402 1246 u01.V11

240 1269 325 1359 (edit.
346 1269 446 1358 1866)
475 1298 503 1355 p.
520 1278 598 1351 156,
618 1279 646 1336 9.
672 1279 744 1336 779.
800 1276 927 1355 Scripsit
957 1276 1089 1337 Lucilius
1121 1276 1177 1336 boc
1209 1277 1271 1334 fere
1304 1274 1400 1335 modo

241 1362 382 1443 ‘temptat
409 1369 603 1444 noctipugam
630 1366 746 1426 medica
772 1361 929 1443 improba’.
975 1366 1060 1426 Nihil
1088 1366 1145 1425 buc
1172 1365 1303 1440 pertinet
1326 1365 1400 1423 soti-

234 1475 319 1532 popc
350 1474 470 1529 nomen,
503 1456 603 1532 aptius
631 1475 784 1533 compares
811 1458 960 1531 hcotfopus
984 1459 1158 1530 κοαίίαογαο
1184 1454 1329 1514 noctiluca
1368 1457 1401 1513 et

241 1544 354 1604 Graeca
376 1544 526 1606 uocabula
547 1542 724 1617 νυκτιπόλος
747 1546 866 1621 similia,
889 1543 1105 1623 νυκτιπήδηκες
1127 1544 1164 1603 de
1182 1544 1399 1603 calceamentis

240 1635 434 1695 muliebribus
465 1634 594 1694 Herond.
613 1634 674 1693 VH
693 1636 744 1694 59.
793 1635 904 1695 Notum
941 1634 1011 1695 libri
1043 1635 1074 1693 Π
1101 1652 1149 1711 ap.
1172 1633 1296 1692 Festum
1329 1634 1399 1692 aine

240 1724 331 1784 dubio
363 1726 535 1802 corruptam
567 1742 630 1784 esse
657 1726 737 1784 recte
764 1726 873 1784 statuit
899 1723 1122 1798 Lachmannus,
1154 1741 1221 1782 cum
1252 1741 1399 1782 numeros

240 1813 385 1873 librorum
408 1814 513 1873 Festus
536 1815 619 1873 nullo
642 1815 708 1874 loco
731 1816 913 1891 apposuerit.

208 1908 222 1915 ’
332 1894 438 1963 1223.
462 1903 597 1963 Eundem
624 1903 734 1963 Lucilii
760 1905 859 1963 locum
889 1904 1006 1981 spectat
1033 1900 1092 1962 Cic.
1111 1903 1197 1979 splot
1216 1900 1276 1960 Vll
1295 1902 1395 1976 24,1

241 1984 327 2072 (conl
355 1993 393 2051 ad
426 1993 489 2052 Att.
508 1992 583 2051 XIII
602 1995 653 2067 49,
674 1986 707 2074 2)
741 1988 870 2070 Ὃὶρὶυε,
897 1993 1016 2068 opinor,
1043 1991 1114 2052 olim
1144 1985 1227 2050 “non
1254 1990 1397 2050 omnibus

241 2077 393 2142 dormio”:
417 2084 460 2141 sic
481 2101 536 2160 ego
560 2100 618 2141 nou
642 2080 788 2158 omnibus,
810 2084 853 2141 mi
872 2080 966 2158 Galle,
987 2076 1097 2142 seruio’
1116 2080 1169 2140 ubi
1187 2083 1272 2141 citius
1290 2079 1349 2139 cod
1363 2079 1397 2138 M

241 2172 368 2246 exhibet,
394 2175 585 2231 correxerunt
606 2172 755 2232 Antonius
778 2170 964 2251 Augustinus
988 2171 1041 2231 alii
1064 2191 1079 2231 e
1098 2171 1186 2230 Festo
1210 2173 1240 2229 et
1261 2171 1396 2230 nummis

241 2261 350 2320 aetatis
387 2259 527 2321 Sullanas
565 2261 673 2338 quibus
708 2261 748 2320 M.
769 2260 836 2338 (tipi
862 2261 901 2320 bi.
921 2263 941 2320 f.
982 2280 1090 2321 nomen
1133 2264 1179 2320 est
1215 2257 1395 2336 inscriptum

240 2343 368 2432 (Babelo
397 2350 551 2411 monnaies
573 2351 601 2409 d.
616 2351 636 2409 l.
654 2345 745 2427 ripl
762 2371 791 2427 p.
808 2344 895 2431 341).
941 2349 1103 2428 Comparat
1129 2349 1162 2408 P.
1177 2349 1331 2409 Manutius
1357 2348 1395 2409 ad

241 2439 300 2500 Cic.
324 2441 343 2498 l
365 2459 387 2500 s.
406 2458 430 2499 s
479 2440 558 2499 Plut.
582 2444 671 2500 amat.
698 2440 738 2499 16
771 2460 800 2518 p.
825 2442 888 2500 769
915 2441 939 2498 I*
975 2437 1078 2501 callot
1113 2437 1170 2520 γὰρ
1205 2435 1396 2518 ἀφροδισίων

239 2526 347 2609 ἑτέροις
382 2526 643 2608 ἐκοινώνησαν.
663 2527 818 2609 ,γαμετὰς
857 2528 1126 2610 προαγωγεύοντες
1164 2527 1259 2607 ὥσπερ
1291 2524 1344 2587 καί
1378 2523 1395 2587 δ

237 2610 418 2695 ‘remeet
418 2622 570 2692 κεῖνος..
585 2618 733 2697 ,Γαββας
761 2611 889 2700 (κάββας
916 2612 1004 2700 codd)
1033 2618 1124 2679 εἱστία
1151 2615 1394 2694 Μαικηναν...

239 2699 299 2767 εἶθ’
340 2703 417 2786 δρῶν
454 2706 733 2786 διαπληκτιζόμενον
773 2704 832 2768 ἀπὸ
873 2707 1027 2786 νευμάτων
1067 2706 1141 2788 πρὸς
1181 2704 1214 2767 τδ
1254 2704 1394 2786 γύναιον,

239 2791 434 2857 ἀπέκλινεν
417 2806 511 2876 ησυχῆ
535 2796 590 2874 τὴν
612 2794 786 2874 κεφαλὴν*
769 2819 809 2868 ως
832 2795 869 2875 δὴ
894 2796 1066 2858 καθεύδων·
1095 2794 1127 2857 ἐν
1150 2792 1245 2881 cocco>
1268 2792 1306 2872 δὴ
1330 2804 1394 2855 τῶν

241 2885 362 2947 οἰκετῶν
399 2908 481 2959 τινος
516 2883 713 2967 προσρυέντος
749 2885 862 2959 ἔξωθεν
896 2895 934 2970 τῇ
970 2883 1096 2995 τραπίζγ
1132 2883 1182 2946 καί
1220 2882 1273 2945 τὸν
1304 2876 1395 2944 οἶνον

239 2971 465 3055 ὑφαιρουμένου
494 2972 657 3054 διαβλέψας
679 2967 881 3053 κακόδαιμον’
913 2967 1026 3036 εἶπεν*
1030 2974 1086 3036 οὐκ
1113 2968 1248 3035 οίσθ’“
1230 2995 1274 3033 οτι
1306 2973 1393 3059 μόνον

241 3063 389 3147 Μαικήνα
421 3056 579 3139 καθευδωξ
616 3064 770 3141 Temporis
802 3063 950 3168 Augustei
985 3068 1091 3142 poetae
1124 3065 1234 3124 similia
1266 3068 1395 3123 namt

239 3155 337 3213 uoluti
369 3151 455 3213 Ouid.
475 3157 531 3213 art.
551 3175 607 3214 am.
626 3154 658 3213 11
677 3156 740 3213 545
775 3150 842 3215 ‘hoc
877 3156 910 3212 iu
945 3155 1082 3234 legitima
1113 3155 1269 3266 praestant
1298 3171 1394 3213 uxore

239 3243 342 3303 mariti
369 3262 435 3304 cum
462 3246 547 3303 tener
574 3243 613 3302 ad
642 3247 743 3320 partes
765 3248 799 3303 tu
823 3262 953 3320 quoque,
982 3244 1090 3303 Somno
1112 3240 1207 3304 uenis’
1226 3242 1394 3303 Parmenio

240 3330 298 3391 ΑΡ
315 3332 359 3391 XI
378 3335 397 3391 4
421 3329 501 3416 αὐτῷ
523 3353 567 3404 τις
588 3331 685 3414 γήμας
707 3330 843 3411 πιθανὴν
866 3337 906 3417 τῷ
928 3332 1037 3413 γείτονι
1059 3330 1152 3414 ῥέγχει
1174 3355 1224 3392 και
1215 3328 1392 3412 τρίφεται·

240 3415 314 3482 τοῦτ’
345 3412 384 3499 ἦν
410 3418 530 3495 εὔκολος
557 3419 676 3502 ἐργασία
704 3421 745 3501 μὴ
772 3426 856 3482 πλεῖν
883 3421 924 3501 μὴ
952 3422 1091 3483 σκάπτειν
1120 3415 1179 3482 ἀλλ’
1204 3419 1393 3502 εὐστομαχως

240 3507 411 3590 ἆπορίγχειν
446 3506 582 3595 ἀλλοτρία
619 3511 738 3595 δαπάνῃ
775 3510 902 3572 πλούσια
937 3510 1120 3591 βοσκόμενον
1153 3503 1269 3594 (quen.
1286 3503 1392 3591 15⁷)

242 3599 360 3659 Similia
378 3599 505 3676 denique
524 3599 608 3661 OGL
623 3601 650 3658 V
664 3622 693 3679 p.
705 3603 778 3677 375,
795 3606 811 3661 1
829 3596 1004 3662 Ninnarus:
1023 3602 1107 3662 cuius
1121 3621 1195 3661 uxor
1207 3600 1394 3676 moechatur,

240 3691 297 3750 scit
329 3694 359 3750 et
389 3685 480 3749 tacet'
513 3689 602 3768 Apul.
621 3690 658 3751 de
684 3711 762 3770 mag.
781 3709 845 3768 cap.
863 3691 912 3750 75.
975 3690 1127 3767 Οἰρίοαυυι
1163 3708 1235 3770 gens
1270 3695 1394 3768 praetor

239 3783 359 3858 turpem
376 3778 485 3839 Lucilii
508 3780 606 3840 iocum
628 3782 765 3858 inprimis
788 3782 923 3840 innotuit
945 3782 1025 3841 uasis
1048 3781 1147 3840 aeneis
1174 3798 1251 3859 quae
1273 3779 1305 3839 P.
1322 3779 1393 3857 (lipi

239 3869 348 3946 Polybi
374 3888 482 3929 nomen
509 3878 588 3946 prae
608 3888 640 3930 so
667 3870 766 3930 ferunt
793 3872 923 3932 inuentis
951 3874 982 3930 et
1008 3870 1147 3948 Pompeis
1174 3873 1205 3930 et
1226 3871 1259 3928 in
1280 3870 1392 3929 ultima

241 3957 409 4019 Germania.
450 3958 536 4019 Vnde
560 3959 743 4037 Campanam
766 3979 829 4021 esse
852 3958 1005 4037 Cipiorum
1024 3964 1143 4038 gentem
1161 3960 1393 4037 inscriptionum

233 4051 419 4126 ttestimoniis
442 4067 512 4109 usus
536 4052 645 4110 statuit
665 4050 704 4109 H.
718 4050 887 4111 Willersius
914 4050 970 4109 Die
992 4069 1081 4110 roem.
1101 4050 1308 4109 Bronceeimer
1331 4068 1393 4109 von

239 4137 383 4198 Hemmor
404 4138 501 4198 Hann.
526 4142 556 4199 et
578 4139 658 4216 Lips.
679 4141 761 4200 1901
787 4159 817 4217 p.
834 4141 897 4199 213
930 4139 1075 4217 probante
1102 4139 1139 4199 de
1165 4139 1286 4198 Duhnio
1309 4137 1393 4199 Berl.

239 4227 316 4287 Phil.
331 4227 539 4289 Woohenscbr.
558 4229 629 4288 XXI
644 4232 727 4290 1901
748 4250 777 4306 p.
794 4229 893 4289 1363:
913 4227 1034 4305 Capuae
1048 4228 1158 4288 multos
1176 4229 1267 4288 fuisse
1288 4225 1393 4305 Cipios

238 4318 313 4376 item
336 4318 478 4377 euincunt
500 4319 591 4379 tituli.
636 4318 824 4379 Lucilianum
846 4319 934 4378 illum
958 4318 1076 4395 (tipium
1098 4319 1171 4377 item
1195 4316 1316 4394 Capuae
1337 4323 1395 4379 aut

240 4406 368 4482 Neapoli
391 4407 501 4467 uixisse
523 4406 593 4467 inde
615 4407 800 4486 intellegitur
823 4408 903 4484 quod
926 4407 1038 4468 Graeco
1067 4411 1186 4467 nomine
1208 4409 1276 4467 erat
1297 4409 1395 4488 uulgo

239 4496 401 4573 insignitus
433 4497 651 4574 pararencbon,
679 4515 827 4573 quaeres
857 4496 1001 4559 Graecam
1023 4497 1127 4558 urbem
1148 4496 1284 4556 mdicatz‘
1299 4501 1397 4560 sicuti
