3036 5004
220 351 287 415 268
631 348 747 403 XXVIII
764 367 791 402 u.
813 354 961 403 rer—rsa.

220 540 257 580 ne
285 520 357 598 quid
385 540 437 580 suo
466 523 535 579 3661
562 514 665 597 eapiti’
689 518 790 578 Plaut.
810 517 907 578 Casin.
927 520 968 578 95
998 513 1142 594 ‘possisne
1171 537 1261 578 neone
1292 519 1373 576 elam

220 630 267 670 me
290 611 394 670 sutelis
417 612 477 669 tuis
500 611 670 686 praeripere
695 602 855 668 Casinam'.
896 608 1012 667 Reuera
1035 609 1231 668 sarcinatores
1252 604 1378 667 ἀκεσταί

222 704 251 760 61
261 701 467 760 sarcinatrices
477 696 625 776 ἀκέστριαι
639 700 856 774 mancipiorum
880 701 949 757 sunt
963 716 1072 775 genera
1082 690 1219 777 (Lucian.
1230 697 1316 775 fugit.
1329 699 1372 757 33
1424 747 1427 751 ,

221 789 318 848 Varro
337 792 392 848 361.
411 789 541 866 Μ66166.
561 782 690 870 363Β);
714 784 860 867 interpret
883 788 991 846 mimus
1016 786 1187 864 Sophronis.

312 871 394 938 748.
423 880 538 938 Nonius
561 900 589 956 p.
611 879 726 950 328,7
760 873 900 951 Ἱ661666,
933 876 1120 936 ambitiosius
1153 876 1284 955 gloriari.

221 968 354 1028 Lucilius
377 969 425 1028 lib.
446 969 570 1028 XVIII
591 964 647 1027 “in
669 987 701 1026 re
725 967 840 1045 agenda
862 968 929 1042 ipsa
951 967 1078 1026 ridicula
1098 967 1130 1025 id
1149 971 1234 1041 atque
1252 967 1373 1026 (6136616-

221 1053 295 1118 661”.
328 1055 491 1118 1661666’6.
511 1078 539 1133 q.
559 1077 580 1118 s.
619 1056 779 1117 Caesuram
806 1056 968 1131 septenarii
994 1056 1082 1116 facile
1111 1074 1254 1133 agnoscas
1282 1075 1374 1131 quem

221 1167 340 1207 uersum
376 1150 441 1207 iure
477 1147 554 1207 libro
577 1147 707 1206 XXVIII
747 1145 917 1206 tribuerunt
954 1145 1113 1204 Muellerus
1154 1145 1373 1215 Quicheratius.

220 1239 340 1313 6661616
358 1237 382 1295 L
401 1258 439 1296 m.
462 1242 478 1296 1
499 1256 598 1296 errore
617 1240 651 1296 ut
669 1236 795 1295 uidetur.
829 1233 969 1295 16616166
988 1236 1128 1294 lemmate
1146 1236 1250 1294 Iunius
1269 1241 1373 1294 uersui

221 1328 338 1393 intulit:
362 1327 441 1403 quod
464 1327 652 1406 agnoscimus
675 1327 706 1384 in
730 1326 840 1385 litteris
864 1324 979 1385 1111316
1001 1329 1086 1399 atque
1108 1325 1156 1383 ad.
1203 1322 1267 1394 Quo
1290 1324 1373 1384 iacto

220 1420 315 1477 restat
336 1435 368 1477 36
389 1418 425 1476 (16
443 1436 475 1475 rc
493 1411 639 1493 Maraeu).
666 1414 725 1489 Cic.
746 1414 962 1488 1166611121,
982 1415 1023 1472 46
1048 1408 1154 1473 ‘iactat
1177 1432 1208 1473 se
1230 1416 1291 1473 iarn
1316 1414 1373 1472 du·

221 1506 291 1566 dum
315 1506 351 1565 (16
372 1501 498 1580 Calidio,
521 1508 624 1565 narrat
642 1504 780 1564 omnibus
799 1506 904 1563 emisse
923 1499 965 1563 se’
985 1523 1040 1580 pro
1060 1502 1137 1563 Cael.
1160 1507 1210 1574 11,
1230 1505 1270 1562 27
1292 1499 1373 1562 ‘cum

222 1616 252 1655 se
276 1598 460 1674 grauissume
484 1595 810 1670 uehementissumeque
832 1596 959 1653 iactaret
984 1596 1014 1652 61
1041 1593 1142 1652 omnia
1168 1592 1373 1652 inflammatus

222 1680 343 1763 ageret'.
381 1690 478 1744 tumea
500 1685 651 1762 suppleui:
675 1685 706 1742 iu
730 1685 810 1742 exitu
834 1702 938 1742 uersus
961 1684 1095 1758 positum
1114 1685 1159 1742 631
1176 1681 1274 1741 Plaut.
1294 1682 1372 1741 llud.

223 1776 295 1834 569.
316 1775 389 1832 534.
408 1773 502 1833 Lucil.
521 1773 572 1833 lib.
591 1773 721 1832 XXVIII
739 1793 766 1831 6.
789 1774 860 1832 790.

312 1853 394 1923 749.
418 1863 534 1923 Nouius
557 1884 585 1939 p.
606 1864 683 1937 248,
704 1865 745 1921 24
779 1858 986 1934 ε(1666611666,
1020 1861 1212 1938 coniungere,
1248 1860 1372 1921 sociare.

220 1952 356 2012 Lucilius
379 1952 429 2012 lib.
449 1952 578 2012 XXVIII
612 1948 707 2028 “quid
728 1999 734 2010 .
755 1998 761 2010 .
782 2000 787 2010 .
807 1947 1038 2013 committere''.’
1094 1951 1269 2010 Diucrbium
1301 1970 1372 2010 con-

223 2042 390 2101 stItuirnus:
414 2061 472 2118 quo
495 2042 576 2102 facto
599 2061 657 2100 non
682 2060 757 2118 6663
781 2045 826 2101 631
849 2043 1024 2102 correctura.

313 2124 394 2192 750.
422 2131 539 2191 Nonius
558 2152 586 2208 p.
607 2132 681 2206 365,
701 2133 741 2191 33
777 2127 921 2191 ‘Pretium
953 2131 1063 2191 dicitur
1095 2130 1172 2206 quod
1206 2150 1237 2189 re
1269 2133 1374 2206 empta

222 2220 318 2280 datur.
343 2266 349 2278 .
371 2268 377 2279 .
398 2268 403 2278 .
421 2220 554 2281 Lucilius
581 2220 632 2281 lib.
651 2220 782 2280 XXVIH
815 2216 892 2280 “nee
918 2239 980 2294 por
1012 2224 1097 2280 uocat
1129 2220 1189 2279 ullo
1225 2215 1371 2297 pretio''.'

223 2306 296 2371 ‘Nec
312 2329 412 2385 66666
435 2312 530 2370 catillo
550 2306 656 2384 praito'
681 2310 842 2370 Mercerus:
871 2311 969 2371 cotula
991 2310 1213 2385 Lachmannus,
1240 2309 1373 2370 catulum

222 2401 397 2475 Muellerus,
434 2400 487 2459 alii
524 2400 593 2462 alia.
647 2400 738 2460 Nolui
771 2404 888 2460 mutare
923 2399 1036 2459 Catullo
1068 2400 1204 2458 datiuum
1236 2398 1288 2476 qui
1325 2404 1373 2459 631

222 2491 441 2550 deminutiuum
472 2490 559 2549 sicuti
586 2491 713 2550 tertullus
744 2491 891 2550 homullus
917 2490 991 2550 alia:
1019 2489 1098 2548 ludit
1124 2492 1156 2548 in
1184 2488 1371 2549 deminutiuo

223 2580 404 2657 lepidissime
429 2579 564 2640 Catullus
584 2581 636 2654 56,
656 2581 674 2638 3
700 2575 775 2638 ‘ride
799 2579 945 2656 quidquid
968 2598 1059 2654 auras,
1085 2578 1169 2653 Cato,
1197 2575 1371 2638 Catullum‘.

221 2670 418 2747 Nescioquam
447 2669 600 2730 Catullum
631 2670 680 2728 uel
711 2667 843 2729 Catanen
876 2670 952 2728 dixit
982 2672 1072 2746 poeta
1104 2668 1152 2728 cui
1184 2687 1244 2728 non
1274 2687 1371 2745 paruo

222 2759 318 2836 pretio
342 2763 407 2820 6661
429 2760 526 2819 661611
548 2760 638 2836 613613
661 2762 787 2835 emptus.
824 2759 924 2818 Verba
942 2779 1012 2837 pars
1031 2761 1103 2818 sunt
1120 2757 1282 2835 septenarii
1301 2760 1372 2817 aute

222 2868 375 2910 caesuram
398 2849 449 2925 qui
472 2849 612 2909 similiter
633 2848 760 2925 incipiat
782 2851 874 2925 atque
900 2848 950 2908 lib.
970 2848 1070 2908 XXVI
1088 2868 1115 2906 u.
1136 2848 1208 2907 656.

780 3082 807 3138 2.

314 3198 395 3266 751.
418 3205 534 3266 Nonius
552 3226 580 3281 p.
597 3208 704 3280 331,4
726 3202 793 3282 ‘Ire,
813 3206 992 3266 accumbere.
1026 3206 1157 3265 Lucilius
1173 3205 1223 3265 lib.
1240 3205 1371 3265 XXVIII

223 3288 281 3374 (ita
303 3295 468 3355 Leidensis:
497 3295 643 3354 XXVIIII
662 3289 930 3377 Guelferbytanus)
959 3291 1114 3355 “chremes
1138 3342 1144 3353 .
1165 3342 1170 3353 .
1192 3342 1197 3353 .
1221 3315 1371 3355 summurn

222 3388 266 3444 tro
288 3386 329 3443 od
352 3381 568 3445 demenetus’'.'
606 3387 681 3444 16661
703 3385 838 3444 11611663.
883 3385 994 3463 Agitur
1018 3385 1053 3443 de
1077 3384 1228 3444 conuiuio:
1254 3385 1371 3445 inimo

222 3475 299 3533 lecto
330 3473 494 3534 accubabat
521 3475 658 3533 dominus
690 3475 823 3550 aedium,
854 3476 886 3532 in
918 3474 1015 3534 medio
1047 3475 1106 3534 fuit
1134 3473 1285 3549 ChremeS,
1318 3478 1371 3550 qui

222 3563 334 3623 maiore
367 3567 444 3623 esset
475 3563 635 3642 dignitate,
668 3566 699 3623 16
732 3582 845 3623 summo
878 3564 1085 3624 Demaenetus.
1138 3565 1269 3624 Nomina
1300 3568 1371 3624 sunt

222 3653 338 3713 Attica:
363 3652 548 3713 Chremetem
571 3672 605 3711 ex
629 3653 743 3712 Andria
767 3654 908 3728 Terentii,
930 3654 1145 3714 Demaenetum
1171 3674 1205 3714 ex
1229 3653 1372 3714 Asinaria

222 3743 324 3802 Plauti
345 3743 494 3820 intellegit
515 3742 636 3820 Lipsius
664 3762 752 3819 quem
779 3742 884 3802 laudat
906 3743 1007 3803 Dousa
1035 3744 1065 3802 in
1090 3743 1302 3804 commentario
1331 3745 1371 3804 ad

222 3832 249 3890 h.
268 3833 288 3890 l.
309 3831 468 3893 Seruorum
491 3835 594 3892 contra
617 3834 739 3892 nomina
762 3852 823 3892 esse
847 3833 1016 3909 suspicatur
1033 3833 1208 3894 Muellerus:
1233 3836 1264 3893 at
1287 3852 1371 3892 man·

222 3924 308 3999 616113
336 3942 430 3999 neque
458 3923 579 3983 nomina
606 3922 659 3981 illa
687 3926 758 3981 sunt
785 3926 858 4000 6616
885 3942 980 3998 neque
1007 3923 1079 3983 ordo
1107 3925 1245 3984 66661611.
1293 3922 1370 3983 Con-

222 4012 339 4072 uiuium
362 4013 441 4088 quod
463 4011 602 4090 praebuit
624 4012 751 4072 Athenis
774 4013 861 4072 homo
882 4013 1033 4073 Romanus
1057 4013 1154 4091 qualis
1178 4015 1243 4073 6661
1266 4014 1298 4071 T.
1318 4013 1371 4073 ille

221 4102 366 4162 Albucius
389 4094 454 4182 (lib.
473 4102 504 4161 11
522 4123 550 4161 6.
571 4093 626 4181 88)
651 4105 741 4178 66616
764 4102 884 4162 uidetur
907 4103 1103 4180 descripsisse.

314 4185 395 4252 752.
419 4191 534 4252 Nonius
552 4212 580 4268 6.
602 4193 652 4268 67,
675 4193 714 4250 14
738 4211 773 4250 ex
796 4192 991 4270 grammatico
1012 4189 1210 4253 ‘Pureutuotoe
1225 4239 1231 4250 .
1247 4239 1253 4250 .
1270 4239 1275 4250 .
1291 4192 1371 4253 idem

222 4283 357 4341 6166316666
384 4284 467 4340 tuum
494 4280 629 4341 efoebum
656 4281 805 4357 quendam
833 4302 921 4358 quem
950 4286 1060 4342 uocant
1086 4286 1280 4358 praeutactou
1311 4273 1371 4363 (ita

221 4369 251 4428 L
269 4388 306 4428 m.
328 4374 355 4445 1,
378 4373 557 4446 pareutaton
575 4390 612 4430 m.
631 4373 668 4432 2:
691 4372 867 4447 6666616166
887 4365 950 4453 G)’.
998 4370 1102 4431 Cetera
1126 4372 1277 4450 adscripta
1299 4375 1372 4430 sunt

221 4458 298 4519 libro
317 4458 359 4519 IX
378 4481 405 4519 u.
427 4460 488 4520 321
518 4458 570 4519 nbi
598 4460 633 4520 de
660 4458 806 4521 uocabulo
828 4464 1016 4535 pareutcotoe
1048 4464 1149 4521 actum
1177 4464 1230 4521 est.
1280 4460 1370 4521 Prae
