3036 5004
212 364 278 430 260
634 363 736 418 xxvn
754 382 781 417 u.
802 368 951 420 ras-ree.

211 535 416 594 'Insolito
442 529 547 604 ‘Quem
574 532 754 594 Hectorem?
786 537 840 593 aut
866 552 957 609 quam
979 530 1031 591 diu
1058 533 1109 591 ille
1137 533 1195 592 erit
1217 526 1361 591 Hectorf’

210 624 310 684 Pietas
342 624 471 683 hominis
503 624 630 683 alicuius
662 627 752 683 antea
784 622 971 682 laudabatur.
1022 622 1121 700 Rogat
1153 624 1242 698 poeta
1273 617 1363 697 ‘quae

210 708 340 791 pietas?'
373 713 556 789 Respondet:
577 709 718 772 ‘famelici
739 714 869 789 quinque
884 715 953 772 sunt
968 711 1087 770 adducti
1106 711 1144 770 ad
1160 730 1263 771 cenam
1278 703 1363 792 (uide

211 802 262 862 lib.
282 803 297 861 I
316 824 344 862 u.
365 796 436 885 49),
468 803 524 862 hoe
554 803 698 880 pietatem
730 796 861 862 uocant'.
907 800 1095 877 Philosophis
1128 803 1158 859 et
1194 799 1363 860 rhetoribus

210 892 361 952 Lucianus
384 893 420 952 de
443 894 603 969 peraeto
626 891 758 951 detrahit
780 893 973 950 uestimenta:
997 889 1066 961 τοὺς
1089 886 1143 967 μὲν
1162 935 1169 948 .
1185 937 1191 948 .
1207 937 1213 948 .
1232 887 1291 949 ὑπὸ
1315 886 1362 949 ἐν·

212 981 292 1054 (λείας
316 981 392 1054 ἴδοις
414 978 453 1042 dv
476 980 598 1053 λεπτοὺς
621 979 671 1040 καὶ
694 978 821 1061 ὠχρούς,
849 978 1041 1059 πεφρικότας,
1073 978 1168 1058 ὥσπερ
1191 976 1250 1058 ἤδη
1273 1000 1362 1058 τραυ-

211 1071 316 1150 ματίας
343 1067 546 1151 παρειμένους.
596 1071 734 1131 Positum
762 1073 807 1130 est
837 1075 944 1129 uocant
976 1072 1039 1129 sine
1069 1069 1184 1129 obiecto
1217 1067 1296 1144 quod
1328 1071 1364 1127 ut

211 1161 315 1220 Afran.
333 1162 394 1219 156
406 1161 432 1219 lt
447 1181 482 1220 ex
494 1160 684 1237 praecedenti
698 1161 847 1220 sententia
860 1160 1029 1237 suppletur:
1049 1159 1120 1218 conf
1130 1158 1180 1218 lib.
1195 1158 1238 1216 IX
1252 1179 1280 1217 u.
1296 1159 1360 1216 378

212 1246 331 1310 ‘nomeu
355 1252 431 1309 enim
453 1250 500 1308 illi
523 1245 589 1311 est’.
632 1249 805 1310 Subiectum
828 1249 947 1309 uidetur
970 1268 1033 1308 esse
1057 1250 1183 1326 parasiti
1206 1250 1236 1307 et
1260 1247 1362 1306 adula-

210 1344 303 1400 tores:
331 1340 409 1402 Plut.
429 1339 465 1399 de
484 1339 562 1398 adul.
583 1342 613 1399 et
631 1359 688 1398 arn.
708 1357 771 1416 cap.
794 1341 833 1398 12
853 1360 881 1416 p.
902 1339 979 1398 562
1010 1335 1156 1397 ‘funestus
1184 1340 1228 1396 est
1258 1336 1361 1397 adula-

210 1433 309 1490 torum
338 1427 459 1500 ἔπαινος
484 1476 489 1487 .
511 1475 517 1486 .
538 1475 544 1488 .
568 1427 622 1506 τὴν
651 1429 836 1506 Πτολεμαίου
864 1428 1017 1506 θηλύτητα
1045 1425 1094 1486 καὶ
1119 1425 1289 1503 θεοληψίαν
1312 1424 1362 1486 καὶ

211 1515 392 1598 ὀλολυγμοὺς
415 1515 464 1577 καὶ
487 1518 650 1596 τυμπάνων
672 1516 838 1598 ἐγχαράξεις
860 1514 1011 1596 εὐσέβειαν
1034 1511 1208 1594 ὀνομάζων’.

302 1600 383 1669 726.
416 1608 533 1669 Nonius
558 1610 586 1684 p.
607 1609 684 1682 358,
705 1608 745 1667 32
780 1604 961 1683 ‘Offendere,
993 1607 1119 1666 laedere.
1144 1603 1362 1664 ...Lucilius

211 1697 262 1757 lib.
281 1696 395 1755 XXVII
419 1692 513 1755 “nam
535 1697 585 1755 hic
609 1696 728 1773 quidem
751 1697 880 1756 reditum
903 1697 995 1756 talem
1023 1694 1239 1773 portendebant
1266 1713 1362 1771 neque

211 1787 271 1845 alia
299 1787 330 1844 in
358 1805 440 1845 mare
472 1787 535 1845 ulls
568 1781 760 1846 offendere'’.’
814 1786 996 1864 Legitimum
1027 1789 1109 1845 recta
1140 1804 1207 1844 eum
1240 1803 1363 1844 caesura

211 1877 412 1952 septenarium
435 1875 526 1934 habes
548 1876 618 1935 inde
641 1895 659 1934 a
682 1876 773 1935 uerbo
801 1877 902 1935 lolem:
928 1877 1031 1952 itaque
1059 1875 1170 1935 excidit
1196 1876 1267 1933 ante
1294 1893 1363 1933 euni

211 1965 391 2024 uocabulum
415 1965 588 2041 iambicum,
617 1985 676 2042 quo
700 1967 796 2024 altere
819 1984 889 2042 pers
912 1984 1015 2025 uersus
1043 1965 1257 2038 antecedentis,
1286 1983 1363 2039 quae
1485 1992 1495 2010 ·

211 2057 279 2130 post
306 2072 459 2114 caesuram
491 2056 554 2114 eius
586 2059 692 2129 restet,
724 2055 909 2131 suppleatur.
960 2054 1086 2114 Videtur
1114 2057 1163 2133 agi
1195 2054 1231 2112 de
1263 2052 1363 2111 reditu

211 2143 308 2202 Vlixis
323 2147 353 2203 et
367 2144 403 2203 de
417 2143 549 2204 Tiresiae
568 2148 598 2204 et
618 2143 715 2204 Circes
734 2145 877 2204 uaticinio
898 2137 999 2224 (Hom.
1014 2147 1030 2201 λ
1047 2145 1220 2204 100-137
1237 2166 1257 2220 μ
1274 2136 1362 2224 140).

210 2233 268 2291 Pro
291 2234 445 2309 reposui
468 2235 511 2292 bi:
534 2236 737 2294 nominatiuus
760 2233 887 2310 pluralis
909 2235 955 2292 bic
973 2233 1132 2293 admodum
1150 2234 1272 2292 incertis
1291 2233 1363 2291 niti·

211 2325 262 2382 tur
284 2323 464 2382 testimoniis
492 2315 579 2404 (conf
597 2324 693 2384 Neuei
721 2323 757 2382 de
785 2324 888 2383 formis
912 2324 983 2402 ling.
1003 2323 1070 2382 Lat.
1089 2322 1120 2381 Π
1139 2322 1176 2381 ed
1195 2324 1213 2381 3
1234 2342 1262 2398 p.
1283 2316 1363 2402 416)

212 2431 306 2488 neque
330 2412 426 2471 Plaut.
446 2412 551 2473 Pseud.
572 2414 635 2472 822
666 2409 732 2473 ‘boe
759 2413 808 2472 hic
838 2413 957 2489 quidem
986 2413 1121 2472 homines
1147 2416 1211 2471 tem
1241 2411 1363 2470 breuem

211 2503 308 2561 uitam
327 2497 440 2562 colunt’
461 2505 549 2578 aptus
568 2506 614 2562 est
633 2522 691 2578 quo
707 2504 821 2561 nitetur
840 2503 927 2562 huius
944 2504 1057 2562 formae
1076 2501 1155 2561 fides.
1190 2500 1363 2561 Subiectum

212 2593 376 2652 aecusatiui
395 2611 462 2651 cum
481 2592 631 2651 infinitiuo
651 2594 696 2651 est
715 2594 776 2651 olio
795 2593 866 2660 olla,
887 2592 1092 2669 praedicatum
1109 2592 1261 2665 offendere,
1283 2590 1364 2667 quod

212 2681 324 2741 loedere
352 2699 414 2741 esse
442 2684 521 2741 recte
549 2682 678 2757 explicet
701 2682 823 2741 Nonius.
869 2681 1046 2739 Abletiuum
1074 2699 1156 2740 more
1185 2680 1277 2739 habet
1302 2679 1362 2738 Lu·

212 2772 322 2830 cretius
340 2771 356 2828 I
377 2772 438 2829 161
474 2767 501 2830 ‘e
534 2790 615 2830 mare
647 2771 777 2847 primum
808 2772 956 2845 homines,
994 2791 1009 2829 e
1041 2773 1122 2830 terra
1154 2772 1255 2847 posset
1290 2771 1363 2828 oriri

211 2861 434 2938 squamigerum
461 2855 564 2938 genus'
592 2860 689 2919 Plaut.
705 2858 816 2919 Cistell.
838 2863 878 2919 14
909 2856 1084 2937 ‘tranquillo
1116 2854 1220 2934 mare',
1250 2859 1363 2918 Fronto

211 2969 239 3025 p.
260 2951 299 3008 51
321 2950 396 3007 med.
416 2948 445 3007 N
482 2952 513 3009 et
548 2968 621 3024 quos
659 2950 758 3009 adfert
794 2952 951 3026 scriptores
989 2948 1167 3028 Georgesius
1204 2950 1236 3007 in
1267 2949 1362 3007 lexico

212 3039 375 3097 formarum
394 3057 416 3098 s.
435 3058 465 3096 u.
484 3071 521 3080 -
540 3038 684 3112 offendere
706 3040 737 3098 in
762 3041 924 3116 septenarii
947 3041 1027 3099 exitu
1051 3041 1182 3115 positum
1205 3038 1281 3096 Tur
1305 3038 1362 3097 inc.

210 3128 388 3187 inc140R
411 3147 439 3203 p.
461 3129 523 3187 295
549 3127 585 3187 ed
608 3131 676 3187 tert.
705 3162 749 3171 —
776 3130 901 3188 reditum
929 3129 1029 3188 talem:
1056 3128 1276 3205 Hom.p140.
1298 3129 1359 3186 141

211 3214 300 3289 αὐτὸς
323 3208 351 3275 δ’
379 3215 409 3276 εἴ
426 3213 480 3296 πέρ
503 3238 554 3276 κεν
577 3214 701 3301 ἀλύξῃς,
730 3215 786 3294 duri
809 3226 906 3290 κακῶς
928 3222 1015 3293 νεῖαι,
1038 3213 1140 3289 ὀλέσας
1163 3213 1222 3277 ἅττο
1250 3216 1363 3288 πάντας

211 3302 345 3384 ἑταίρους
374 3306 426 3381 qui
453 3307 508 3365 soli
534 3310 564 3366 te
591 3326 710 3384 pessum
740 3307 887 3383 dederint,
917 3303 1087 3385 ‘remigium
1114 3308 1256 3367 uitiosum
1278 3306 1362 3365 Itha-

212 3396 306 3455 censis
334 3394 430 3469 Vlixi,
468 3396 517 3454 cui
548 3397 648 3472 potior
685 3399 785 3473 patria
822 3397 881 3456 fuit
911 3396 1072 3456 interdicta
1104 3390 1256 3474 uoluptas'
1288 3394 1361 3453 Hor.

212 3486 297 3558 epist.
316 3483 332 3542 I
352 3487 381 3559 6,
401 3486 452 3543 63.

303 3566 384 3634 728.
403 3573 518 3632 Nonius
533 3595 561 3651 p.
578 3576 651 3652 366,
668 3578 709 3635 30
726 3571 849 3652 ‘Petere
864 3577 956 3652 sequi.
973 3621 979 3633 .
995 3623 1000 3633 .
1018 3623 1023 3633 .
1038 3573 1172 3634 Lucilius
1185 3574 1237 3633 lib.
1247 3573 1362 3633 XXVII

212 3657 334 3721 “rerum
363 3655 475 3744 (recum
497 3663 651 3723 Leidensis
669 3685 707 3723 m.
731 3656 763 3745 1)
787 3667 996 3739 esplirotorom
1019 3656 1077 3746 (ita
1101 3662 1362 3739 Guelferbytanus,

212 3752 261 3810 sed
281 3755 292 3811 i
311 3753 341 3811 in
360 3772 473 3826 rasura,
496 3756 565 3830 post
584 3772 617 3813 ατ
635 3773 753 3814 rasura:
776 3755 977 3828 explicatores
995 3754 1157 3828 Leidensis,
1176 3754 1364 3827 expilatormr

211 3835 406 3924 Geneucusis)
429 3890 434 3901 .
455 3889 460 3899 .
482 3889 487 3900 .
506 3838 653 3919 petam'’.’
706 3843 861 3903 Sententia
889 3844 1013 3904 obscura
1041 3847 1097 3904 est:
1130 3843 1214 3918 loqui
1243 3842 1364 3902 uidetur

212 3930 367 4008 Penelope,
390 3951 467 4008 quae
485 3933 651 3991 Eumaeum
674 3934 771 3992 mittit
788 3927 890 4015 (Hom.
910 3958 927 4014 ρ
948 3935 1011 3994 508
1021 3927 1118 4015 seqq.)
1142 3936 1176 3992 ut
1194 3933 1365 3993 sciscitetur

211 4020 247 4079 de
270 4021 406 4082 mendico
429 4023 481 4097 qui
504 4024 569 4082 erat
591 4021 701 4081 Vlixes.

302 4103 383 4171 729.
407 4111 522 4171 Nonius
541 4132 568 4188 p.
590 4114 663 4185 237,
684 4114 724 4169 28
751 4107 884 4187 ‘Aditus,
906 4113 1119 4189 interpellatio.
1145 4159 1150 4171 .
1172 4160 1177 4171 .
1199 4159 1204 4170 .
1228 4112 1362 4171 Lucilius

211 4199 262 4256 lib.
281 4199 395 4258 XXVII
419 4195 510 4259 “cum
526 4248 531 4258 .
548 4248 554 4258 .
570 4248 575 4259 .
592 4196 733 4261 meam”.’
781 4200 891 4260 Maluit
915 4201 1122 4262 Lachmannus
1151 4197 1267 4279 ‘paoem
1294 4220 1363 4261 cum

211 4282 303 4362 peto',
331 4288 384 4345 alii
410 4289 538 4348 forsitan
564 4291 672 4349 malint
705 4287 784 4349 ‘curn
812 4294 881 4368 peto
910 4288 1035 4368 pacem'.
1082 4290 1138 4351 Sed
1166 4308 1271 4365 pacem
1293 4295 1363 4365 peto

211 4376 363 4436 sollemnis
382 4379 427 4435 est
445 4378 568 4438 locutio:
587 4381 659 4439 conf
674 4380 790 4440 Ennius
805 4381 881 4439 'lltF
900 4383 1003 4441 incert.
1022 4383 1159 4441 incertor.
1177 4385 1218 4441 10
1239 4378 1280 4457 (p.
1297 4382 1361 4439 273

211 4464 246 4522 ed
265 4464 312 4523 ΙΙΙ
326 4463 425 4543 Ribb.)
450 4462 525 4524 ‘tum
549 4469 749 4527 coniecturam
772 4471 909 4544 postulat
931 4490 1035 4547 pacem
1058 4474 1162 4548 petens
1186 4473 1220 4528 ut
1244 4489 1274 4528 se
1294 4469 1363 4527 edo-
