3036 5004
226 344 292 408 342
639 342 716 397 xxx
734 360 760 395 u.
783 347 968 397 rou-rore.

228 512 285 573 Sed
316 513 444 573 alterum
472 531 591 572 uersum
618 513 727 572 lacuna
754 513 954 572 deformatum
984 531 1048 573 esse
1071 515 1188 572 numeri
1210 512 1388 593 ostendunt,

228 624 295 664 cum
322 602 414 663 uerba
441 602 602 662 uideantur
629 620 693 662 esse
715 620 798 661 sana.
843 602 923 662 Nam
950 605 994 662 cti
1020 604 1072 662 wto
1102 604 1253 663 locutione
1276 602 1386 663 (licere

227 695 325 753 utitur
347 692 385 752 ad
409 693 473 751 Att.
491 692 523 750 H
542 693 593 766 19,
613 695 631 750 2
657 685 724 770 ‘ego
748 695 847 750 autem
872 711 967 768 neque
997 710 1098 771 pugno
1121 710 1191 751 cum
1213 693 1268 753 illa
1292 712 1387 754 causa

227 785 351 860 propter
381 783 466 841 illam
498 783 664 841 amicitiam
693 800 788 857 neque
821 781 967 858 approbo,
1004 802 1041 841 ne
1072 784 1175 842 omnis
1206 783 1386 859 improbem,

229 892 305 950 quae
337 874 426 931 antea
458 871 549 949 gessi:
577 874 646 930 utor
672 865 744 929 uia'.
788 868 870 940 Quae
897 872 1009 932 locutio
1038 871 1110 948 quid
1138 872 1295 951 significet,
1323 893 1387 932 non

228 962 373 1040 indagare
406 979 562 1038 possumus
597 961 657 1020 nisi
693 960 869 1020 diuinando:
909 961 1029 1020 uidetur
1060 960 1162 1022 Cicero
1195 961 1291 1022 dicere
1319 982 1386 1024 sese

229 1052 275 1111 uti
293 1051 503 1111 commoditate
523 1052 591 1109 uiae
609 1051 726 1126 planae,
749 1051 794 1109 ita
812 1054 847 1109 ut
865 1050 952 1109 modo
970 1053 1054 1111 recta
1067 1052 1134 1125 iret,
1152 1052 1240 1111 modo
1254 1050 1386 1111 declinet

230 1141 269 1201 ad
296 1141 431 1200 dextram
459 1141 662 1213 sinistramuc,
690 1159 785 1216 neque
812 1139 903 1198 malle
930 1158 993 1200 sese
1020 1140 1146 1201 callibus
1173 1143 1220 1200 uti
1247 1141 1385 1218 angustis

233 1235 264 1291 et
287 1230 397 1305 arduis,
425 1230 507 1289 (11111
535 1232 566 1289 11
595 1229 708 1306 asperis
730 1247 826 1304 neque
849 1247 1015 1289 commeare
1037 1250 1092 1305 per
1113 1232 1199 1290 inuia
1221 1234 1252 1290 et
1274 1232 1387 1291 saltus:

233 1318 306 1382 ὁδοῦ
343 1318 497 1397 παρούσης
533 1316 588 1396 τὴν
625 1315 757 1397 ἀτραπὸν
793 1318 886 1395 ζητεῖς
922 1319 1115 1395 prouerbium
1152 1323 1197 1380 est
1238 1319 1387 1380 Graecum

231 1404 332 1492 (OAF
347 1409 362 1467 I
376 1430 404 1486 p.
420 1411 494 1483 404,
514 1410 554 1466 47
566 1401 616 1490 Κ).
646 1407 744 1468 Verba
764 1403 889 1468 ‘delico'.
914 1403 1047 1483 *111111υέ
1066 1411 1154 1485 posui
1170 1412 1241 1486 quia
1260 1411 1387 1470 meliora
1504 1446 1506 1449 ·

232 1502 351 1577 praesto
388 1519 448 1558 non
485 1500 577 1557 erant.
633 1497 849 1573 Imperatiuum
885 1498 916 1556 in
953 1498 1089 1557 diuerbio
1125 1500 1256 1575 positum
1292 1501 1387 1560 fuisse

233 1591 365 1649 omnium
379 1587 652 1665 prababilissimum
667 1591 725 1647 est:
740 1606 815 1662 quae
829 1587 1038 1647 Lachmannus
1053 1588 1184 1666 scripsit:
1200 1585 1219 1647 ‘.
1231 1636 1236 1646 .
1248 1636 1254 1647 .
1265 1588 1388 1648 delicet:

233 1679 309 1738 aude
331 1679 379 1736 uti
400 1679 433 1735 ui
456 1680 545 1752 atque
569 1672 695 1736 uidebis'
720 1676 846 1749 obscura
869 1676 1029 1736 admodum
1051 1681 1129 1738 sunt
1174 1678 1237 1737 Nec
1260 1679 1389 1739 meliora

234 1768 288 1827 alii
309 1784 497 1844 proposuere.

326 1847 432 1917 1073.
455 1854 571 1914 Nonius
589 1875 617 1931 p.
634 1856 707 1928 321,
725 1856 767 1915 26
788 1850 932 1914 ‘Innitare
951 1855 1102 1934 significat
1119 1857 1236 1934 repleri
1261 1903 1267 1915 .
1283 1903 1289 1915 .
1305 1857 1388 1916 ,1111-

237 1946 323 2007 cilius
366 1945 416 2004 lib.
439 1944 522 2003 XXX
559 1938 645 2002 “cibo
686 1935 756 2026 (cito
791 1935 960 2027 Leidensis)
997 1947 1066 2006 bene
1101 1948 1179 2006 enim
1214 1947 1390 2024 longincum
1474 2019 1482 2025 ‚

234 2034 412 2094 mortalibus
435 2033 571 2093 morbum
593 2035 626 2092 in
649 2034 721 2093 uino
745 2052 808 2093 csse
830 2035 883 2094 ubi
906 2037 958 2111 qui
980 2037 1125 2095 inuitauit
1144 2035 1289 2113 dapsilius
1308 2031 1387 2096 se''.'

234 2126 368 2184 Muretus
398 2122 671 2182 Var.lect.V112
705 2126 890 2201 transposuit
920 2127 1000 2184 recte
1033 2143 1099 2184 cum
1128 2126 1269 2185 scriberet
1300 2121 1390 2186 ‘scito

236 2214 346 2273 etenim
374 2212 447 2272 bene
474 2207 682 2290 longinquum'
712 2232 736 2270 1.
752 2232 780 2289 q.
794 2231 817 2271 s.
842 2208 927 2272 ‘bene
955 2214 1134 2292 longinquos
1167 2210 1294 2275 dolores'
1327 2214 1389 2275 011.

236 2304 272 2363 (11
300 2302 470 2361 1111114.
516 2299 601 2371 Quod
633 2301 712 2360 idem
745 2304 847 2361 etenim
878 2303 1011 2380 scripsit,
1044 2303 1279 2382 improbabimus
1311 2304 1406 2380 idac,

238 2392 318 2470 quod
342 2391 415 2451 alibi
437 2390 517 2468 apud
539 2390 688 2450 Lucilium
710 2410 771 2450 non
793 2392 959 2451 inuenitur:
982 2412 1076 2470 neque
1096 2393 1221 2453 Plautus
1240 2395 1390 2472 genuinus

237 2502 333 2558 neque
356 2480 431 2541 Cato
459 2500 494 2540 ea
519 2482 565 2539 usi
588 2483 658 2540 sunt
680 2481 830 2557 particula
853 2501 948 2557 neque
970 2482 1134 2561 tragoedia.
1180 2481 1238 2552 Qui
1262 2486 1392 2543 utuntur

238 2572 393 2631 Terentius
422 2570 565 2629 Afranius
592 2568 737 2629 Laberius
763 2571 796 2630 in
826 2571 946 2631 exordio
977 2572 1125 2632 collocant
1147 2575 1321 2633 sententiae.
1345 2604 1391 2614 -

238 2665 269 2721 in
298 2663 380 2729 uino,
404 2659 502 2719 Plaut.
522 2659 607 2718 True.
627 2660 691 2718 854
720 2659 838 2719 Terent.
862 2659 972 2719 Heaut.
999 2662 1062 2721 568
1095 2660 1203 2721 011111.
1226 2665 1320 2735 12,2
1346 2658 1391 2721 ‘in

238 2754 303 2811 ioco
327 2752 417 2826 atque
440 2745 522 2808 uinc’
547 2747 605 2808 011.
625 2748 709 2808 Verr.
729 2748 776 2808 III
796 2749 837 2809 62
859 2745 902 2809 ‘in
920 2752 991 2810 uino
1010 2753 1101 2827 atque
1119 2747 1234 2811 lustris'
1256 2751 1391 2812 Catilli

242 2844 282 2900 10
307 2835 350 2897 ‘in
373 2841 444 2898 uino
468 2843 498 2897 ct
519 2834 605 2912 alea’,
628 2839 647 2896 i.
663 2857 687 2896 e.
707 2837 738 2896 in
757 2841 904 2899 conuiuio.
928 2872 972 2880 —
996 2840 1074 2900 Male
1093 2840 1243 2900 mulcatur
1261 2841 1392 2902 fustibus

240 2931 310 2988 dum
330 2928 429 2988 ebrius
448 2930 478 2986 et
495 2927 676 2988 temulentus
695 2927 815 2987 domum
834 2947 864 2988 se
884 2930 1012 3005 capessit
1030 2949 1049 2988 1
1067 2931 1247 2990 latronibus:
1265 2931 1393 2990 uulnera

240 3022 398 3095 postquam
412 3020 519 3077 sanata
532 3020 602 3075 sunt
615 3016 794 3093 morbusque
809 3037 896 3093 quem
910 3018 1009 3098 plagis
1023 3021 1213 3079 contraxerat
1225 3022 1393 3096 praeteriit,

240 3108 317 3166 hanc
349 3107 528 3165 sententiam
559 3106 674 3182 profert
704 3107 875 3167 uinolentus
906 3108 959 3167 1111
992 3128 1082 3185 quam
1114 3109 1188 3168 lucri
1220 3110 1324 3169 fecerit
1356 3130 1393 3168 11

241 3196 414 3256 infortunio.
437 3227 482 3235 -
504 3195 556 3253 ubi
579 3196 632 3271 qui
653 3197 799 3255 inuitauit
821 3197 966 3274 dapsilius
985 3216 1030 3258 se:
1061 3197 1181 3259 Sueten.
1200 3197 1327 3277 August.
1350 3202 1391 3258 77

242 3282 390 3362 ‘quotiens
419 3285 586 3363 largissime
618 3304 649 3344 se
676 3287 835 3359 inuiteret,
866 3306 952 3348 senos
979 3290 1129 3348 sextantes
1158 3307 1219 3348 non
1246 3285 1393 3348 excessit'.

334 3365 440 3434 1075.
477 3374 592 3434 Nonius
624 3395 652 3451 p.
673 3376 790 3449 etas
825 3371 959 3452 ‘Micare,
996 3397 1050 3454 per
1081 3379 1161 3438 uices
1193 3378 1256 3438 sine
1289 3377 1394 3438 ordine

242 3483 364 3524 mouere
387 3455 512 3542 (moueri
530 3454 761 3546 Lachmannus).
785 3509 836 3523 ...
855 3465 988 3527 Lucilius
1011 3466 1061 3525 lib.
1076 3467 1159 3526 XXX
1183 3462 1309 3527 “omnia
1326 3470 1394 3527 turn

243 3553 318 3613 endo
359 3571 444 3612 muco
485 3551 588 3612 uideas
629 3554 763 3612 seruante
799 3549 955 3614 micare''.'
1016 3555 1151 3616 Secernit
1185 3557 1300 3617 Nonius
1336 3557 1395 3617 hoc

243 3643 409 3719 exemplum
441 3660 460 3700 a
491 3643 631 3701 lemmata
658 3645 778 3711 micare,
810 3644 936 3719 fulgore:
962 3646 1042 3705 unde
1069 3649 1196 3723 apparet
1222 3648 1253 3706 et
1278 3649 1396 3720 seuere

244 3731 421 3792 uocabulum
449 3733 479 3789 ct
504 3733 613 3790 micare
639 3731 683 3790 nil
709 3733 858 3808 pertinere
885 3734 923 3793 ad
951 3734 1073 3795 luminis
1102 3736 1261 3796 candorem
1284 3736 1335 3796 sed
1354 3736 1395 3796 ad

244 3823 378 3881 omnium
396 3840 495 3879 rerum
514 3820 730 3881 oscillationem
747 3821 959 3883 titubationem
976 3824 1212 3886 fluctuationem.
1258 3825 1395 3885 Eundem

244 3930 364 3971 uersum
398 3930 487 3987 quem
514 3909 648 3969 Lucilius
681 3911 802 3971 uidetur
838 3913 953 3973 imitari
983 3914 1135 3994 Vergilius
1167 3936 1266 3995 georg.
1288 3914 1305 3974 I
1328 3917 1393 3975 455

245 3996 357 4060 ‘omnia
383 4002 449 4058 tum
471 3999 585 4076 pariter
606 4004 696 4060 uento
719 4001 886 4078 nimbisque
907 4003 1023 4064 uidebis
1044 4000 1180 4064 feruere'.
1222 4005 1394 4064 Ennianum

245 4089 367 4149 uidetur
401 4088 482 4148 istud
514 4089 587 4149 cado
617 4107 701 4148 macc
732 4091 752 4148 i.
771 4110 795 4149 e.
821 4093 894 4151 endo
925 4094 1025 4167 myrto
1061 4093 1141 4170 quod
1177 4096 1255 4154 recte
1291 4096 1396 4170 posuit

245 4180 406 4237 Mercerus:
433 4178 477 4235 nil
505 4179 584 4237 enim
611 4179 668 4237 huc
695 4180 827 4255 pertinet
853 4177 1019 4260 ἐνδόμυχον
1049 4182 1198 4244 Ciceronis
1221 4183 1259 4242 ad
1282 4183 1346 4243 Ass.
1365 4183 1396 4240 V

248 4269 303 4342 14,
323 4268 350 4325 3,
404 4268 458 4326 nst
489 4265 581 4345 μυχός
612 4268 779 4344 penetralia
809 4268 928 4329 domus:
960 4272 1032 4332 conf
1060 4272 1193 4332 Phoenix
1224 4275 1314 4349 poeta
1346 4293 1395 4350 ap.

247 4356 354 4415 Athen.
374 4355 448 4414 VIlI
470 4376 498 4432 p.
515 4358 617 4416 36οΑ
640 4350 711 4435 ἀλλ’,
740 4349 870 4437 ὦγαθοί,
897 4354 1054 4439 ἐπορέξαθ’
1084 4352 1126 4420 ὧν
1154 4359 1246 4440 μυχὸς
1268 4364 1396 4423 πλουτεῖ.

247 4445 336 4523 Apud
364 4444 556 4505 Heracleotes
583 4445 731 4505 Lucaniae
753 4447 849 4508 tribus
881 4449 1017 4525 partibus
1047 4452 1164 4511 constat
1191 4449 1282 4511 clato:
1314 4451 1398 4531 βοών
