3000 5002
201 345 267 412 412
559 350 656 404 insert.
677 351 733 405 sed.
754 368 780 405 u.
802 356 985 405 rasa-1299.

200 521 231 578 iu
256 518 412 578 sambucae
434 521 559 595 petauro
583 538 630 596 ap.
649 519 754 597 Polyb.
769 520 844 580 VIII
863 521 892 593 6,
912 521 941 595 8,
964 520 1054 580 simili
1079 520 1217 580 machina
1236 539 1357 582 sursum

199 609 347 668 tolluntur
375 608 405 666 iu
434 627 550 668 summa
576 609 715 669 tabulata
742 610 860 670 aedium
892 613 923 669 et
954 614 1050 670 turres
1083 629 1141 687 quo
1169 611 1358 671 commodius

202 698 311 756 darnua
333 699 381 757 uel
405 701 583 775 tempestate
606 699 656 758 uel
679 699 746 759 aliis
769 698 886 759 casibus
913 701 994 760 facta
1021 697 1191 776 inspiciant.
1230 704 1358 775 peterere

200 789 326 846 formum
350 807 443 846 unum
462 790 595 847 seruauit
613 788 816 866 apographon,
839 793 964 863 petauro
985 788 1091 869 uulgo:
1115 791 1187 850 coni
1197 789 1357 852 Kaibelius

200 877 238 935 ad
262 876 393 937 Galenl.
405 895 460 937 ss.
487 908 524 919 —
546 877 583 937 de
601 880 687 938 aaut
706 877 825 956 dactylo
844 877 912 938 uide
931 878 969 937 ad
988 868 1077 937 lib.V
1090 879 1244 938 raam
1256 882 1356 940 1029.

290 957 396 1026 1299.
411 966 612 1042 Hieronymus
627 967 756 1043 epistula
770 967 808 1027 ad
823 966 1028 1027 Chromatium
1038 967 1179 1028 Iouinum
1189 967 1357 1029 Eusebium

198 1056 255 1132 Ip.
272 1057 314 1116 20
337 1055 465 1117 Vallars.
509 1051 556 1115 ‘In
579 1076 645 1116 mea
669 1059 747 1116 euim
766 1059 865 1133 patria
884 1057 1061 1118 rusticitatis
1084 1058 1260 1119 uernaculac
1279 1059 1356 1120 deus

198 1147 303 1205 uenter
326 1147 380 1220 est,
403 1148 434 1205 et
457 1146 487 1203 iu
511 1146 588 1206 diem
613 1145 736 1220 uiuitur,
759 1149 790 1204 et
812 1149 942 1207 sanctior
964 1150 1010 1208 est
1029 1147 1090 1222 ille,
1115 1149 1167 1223 qui
1186 1146 1279 1207 ditior
1297 1152 1355 1208 est.

199 1231 358 1295 “Accessit
379 1233 449 1293 buia
471 1228 626 1311 patellae”
650 1235 733 1294 iuxta
759 1237 864 1295 tritum
884 1237 988 1312 populi
1006 1255 1141 1297 sermone
1159 1237 1355 1313 prouerbium

199 1318 346 1403 “dignum
370 1319 567 1401 operculum’'
591 1321 754 1400 Lupicinus
777 1324 913 1386 sacerdos
933 1317 1106 1407 (secundum
1128 1326 1203 1385 illud
1223 1345 1355 1403 quoque,

198 1413 308 1490 dequo
328 1413 418 1472 semel
435 1414 466 1472 in
485 1413 552 1473 nita
571 1412 709 1473 Crassum
728 1413 773 1473 ait
789 1415 890 1474 risisse
908 1414 1050 1484 Lucilius,
1069 1410 1221 1474 “similem
1238 1416 1356 1476 babent

197 1502 282 1577 labra
305 1503 454 1563 lactucam
473 1504 557 1562 asino
576 1503 701 1563 carduos
720 1496 937 1583 comedente’'),
956 1503 1097 1563 uidelicet
1113 1506 1149 1565 ut
1167 1504 1354 1582 perforatam

198 1612 307 1652 nauem
331 1591 436 1652 debilis
460 1592 643 1670 gubernator
665 1595 751 1671 regat
773 1596 804 1652 et
826 1611 930 1652 caecus
949 1611 1051 1653 caecos
1070 1593 1161 1653 ducat
1181 1595 1213 1653 in
1231 1594 1354 1654 foueam

198 1675 319 1761 (Matth.
338 1681 393 1740 XV
415 1674 470 1762 14)
508 1682 638 1758 talisque
675 1684 715 1740 sit
751 1684 848 1742 rector
885 1683 986 1758 qualos
1020 1682 1067 1742 illi
1100 1685 1152 1759 qui
1183 1680 1352 1761 reguntur’.

197 1771 408 1831 Doctissimam
427 1771 504 1830 hanc
522 1771 682 1831 lectoribus
701 1772 830 1831 uoluisse
844 1771 1060 1849 Hieronymum
1079 1771 1174 1831 uideri
1189 1773 1353 1850 epistulam

197 1861 284 1919 facile
308 1860 408 1937 quiuis
431 1860 582 1938 intellegit
605 1861 656 1936 qui
680 1857 746 1919 eam
775 1860 918 1939 perlegit:
946 1863 977 1919 iu
1006 1880 1066 1937 qua
1093 1861 1193 1940 tangit
1215 1862 1353 1922 Marcelli

200 1949 280 2026 apud
302 1950 411 2009 Nolam
435 1951 602 2024 uictoriam,
626 1949 791 2009 Ptolemaei
814 1953 845 2010 et
863 1950 960 2009 Attali
983 1970 1086 2029 regum
1107 1950 1204 2010 edicta
1222 1947 1352 2029 Vergilii
1469 2016 1476 2025 „

196 2058 308 2098 uersus.
355 2037 462 2098 Lucilii
491 2058 567 2116 quae
595 2058 675 2098 noua
703 2037 813 2112 adfert,
841 2059 877 2099 ea
904 2040 1026 2104 minime
1053 2042 1180 2117 sumpsit
1203 2060 1218 2099 e
1241 2044 1353 2117 poetae

197 2127 391 2204 carminibus,
428 2128 480 2187 sed
502 2129 622 2188 uidetur
645 2130 805 2206 sumpsisse
833 2131 886 2188 aut
919 2149 934 2188 e
970 2128 1048 2188 libro
1082 2128 1231 2189 Ciceronis
1261 2130 1352 2191 hodie

196 2218 350 2294 deperdito
373 2217 521 2295 quomodo
544 2218 653 2278 statuit
681 2218 840 2278 Muellerus
867 2218 898 2276 in
923 2219 1136 2279 commentario
1159 2239 1187 2295 p.
1208 2220 1271 2278 265
1297 2223 1354 2280 aut

196 2326 231 2367 ex
250 2308 463 2367 commentario
482 2309 628 2368 orationis
646 2309 677 2367 in
692 2307 824 2367 Verrem.
861 2307 926 2368 Hoc
940 2308 1007 2367 ideo
1021 2307 1206 2384 probabilius
1220 2308 1351 2383 uidetur,

196 2397 275 2475 quod
305 2397 396 2456 uerba
421 2416 448 2458 s.
463 2415 485 2456 s.
509 2397 645 2474 inprimis
676 2399 838 2458 concinunt
860 2416 927 2457 cum
949 2396 1049 2458 uerbis
1072 2397 1195 2458 Asconii
1217 2398 1288 2458 falsi
1311 2400 1352 2459 ad

195 2486 279 2545 Verr.
299 2490 356 2547 act.
375 2487 428 2546 15
458 2486 609 2563 adscripta
641 2487 680 2547 ad
710 2488 910 2566 fragmentum
943 2479 1060 2569 (1300)
1093 2486 1173 2564 quod
1205 2489 1352 2565 sequitur,

195 2576 330 2637 Volcacii
371 2577 598 2637 commentarios
639 2578 670 2635 in
716 2575 866 2637 Ciceronis
903 2577 1054 2636 orationes
1097 2580 1245 2636 memorat
1281 2578 1351 2638 adu.

195 2665 291 2725 Itufin.
311 2666 327 2725 Ι
348 2667 387 2724 16
406 2666 466 2725 uol.
486 2666 517 2725 11
539 2687 567 2742 p.
588 2668 652 2725 472
680 2666 808 2726 Vellera.
862 2666 1071 2743 Septenarium
1104 2686 1139 2726 er
1170 2666 1352 2744 Hieronymi

196 2755 294 2817 uerbis
318 2755 477 2816 concinnat
495 2755 655 2815 Muellerus
680 2751 818 2814 ‘similem
839 2756 952 2815 habent
976 2755 1123 2815 lactucam
1146 2755 1232 2816 labra
1253 2761 1352 2816 come'·

195 2844 283 2904 dente
308 2844 390 2904 asino
409 2841 545 2905 carduos’
570 2837 687 2927 (incert.
709 2846 770 2903 175
791 2846 865 2905 Mus.
885 2845 978 2904 Rheu.
997 2845 1096 2904 XXIV
1117 2846 1202 2905 1869
1223 2865 1251 2922 p.
1269 2841 1351 2927 249)

195 2933 252 2994 nisi
276 2933 355 3010 quod
378 2936 409 2992 in
433 2936 582 3012 apparatu
605 2934 707 2993 critico
731 2934 857 2994 adnotat
874 2939 947 3010 pulo
970 2934 1059 3009 labia,
1083 2934 1211 2995 similem
1229 2953 1352 2996 uersum

194 3024 288 3099 ponit,
321 3023 500 3083 Ribbeclrius
542 3022 625 3081 CRF
658 3022 726 3082 edit.
751 3024 936 3100 Inpios
980 3024 1193 3084 Buechelerum
1230 3027 1353 3085 secutus

196 3106 336 3172 ‘similem
358 3112 469 3172 habent
487 3112 584 3172 labiae
602 3113 750 3173 lactucam
765 3113 937 3174 comedente
957 3113 1039 3174 asino
1059 3108 1207 3173 carduos’.
1248 3113 1352 3190 Atque

195 3201 304 3262 conicit
321 3201 483 3261 Muellerus
502 3199 640 3262 Crassum
660 3202 830 3263 comoediae
848 3203 926 3263 hunc
944 3220 1064 3262 uersum
1085 3203 1211 3263 alicuius
1228 3202 1352 3280 publice

194 3292 295 3351 risisse
318 3291 350 3350 in
373 3292 499 3351 theatro.
545 3292 658 3351 Tamen
688 3293 840 3352 asinorum
867 3293 987 3369 proprie
1015 3311 1078 3352 esse
1105 3293 1192 3352 labro
1219 3294 1353 3354 testatur

196 3380 331 3441 Donatus
360 3381 397 3441 ad
425 3381 491 3440 Ter.
512 3381 586 3441 Mun.
604 3381 636 3441 H
656 3383 685 3456 3,
704 3384 746 3441 45
777 3377 873 3442 ‘labra
900 3384 971 3441 sunt
1000 3381 1166 3458 superiora,
1194 3381 1276 3442 labia
1303 3384 1352 3442 iu-

195 3470 317 3544 feriora,
350 3466 372 3549 †
404 3470 505 3529 labiae
543 3471 694 3530 asinorum
730 3472 849 3549 proprie
882 3466 1031 3531 dicuntur'
1066 3470 1162 3551 (Seru.
1187 3470 1224 3531 ad
1256 3471 1351 3552 Verg.

194 3559 259 3618 bue.
278 3559 309 3619 Π
328 3562 370 3621 34
393 3558 462 3618 Isid.
482 3579 524 3618 or.
542 3560 586 3619 XI
606 3565 634 3635 l,
655 3551 724 3641 50):
753 3561 806 3620 ubi
824 3562 923 3621 lobene
941 3560 1085 3637 Klotaius,
1108 3561 1218 3621 rectius
1237 3560 1351 3624 scribes

196 3649 282 3708 labro
301 3654 327 3708 et
346 3642 472 3730 (Labiae
495 3649 531 3708 de
555 3649 632 3710 asini
656 3649 747 3709 labris
770 3650 907 3726 pendulis
930 3650 1077 3727 Apuleius
1100 3653 1218 3709 metam.
1236 3649 1349 3711 msa

195 3741 268 3798 extr.
294 3741 335 3798 25
363 3736 428 3798 init.
454 3741 494 3798 27
520 3739 595 3799 med.
618 3739 678 3798 VII
698 3741 717 3798 3
737 3743 809 3799 extr.
830 3740 856 3798 X
878 3741 917 3818 16
938 3732 1034 3821 extr).
1076 3738 1134 3799 Sed
1159 3740 1254 3800 multe
1278 3759 1350 3816 pro·

194 3828 324 3888 babilius
351 3827 482 3888 fabulam
511 3828 595 3888 illam
622 3829 659 3888 de
682 3827 789 3890 Crasso
816 3847 952 3889 narrasse
979 3827 1128 3889 Lucilium
1158 3830 1351 3911 hexametris,

194 3918 286 3977 uerba
305 3918 342 3978 ab
365 3918 548 3995 Hieronymo
571 3919 616 3978 ita
639 3937 702 3979 esse
724 3923 846 3994 uexata,
873 3922 908 3979 ut
935 3937 1037 3979 uersus
1065 3917 1174 3978 Lucilii
1197 3927 1351 3994 nequeant
1408 3991 1413 4000 ,

194 4009 370 4087 recuperari.
425 4008 530 4084 Neque
566 4009 598 4068 iu
633 4008 751 4069 theatro
782 4028 901 4068 uersum
934 4008 1020 4068 illum
1053 4007 1189 4068 audierat
1223 4006 1350 4069 Crassus

195 4099 408 4175 septenarium,
441 4097 492 4158 sed
521 4098 601 4173 risit,
633 4117 700 4158 cum
732 4099 827 4158 ueluti
855 4098 886 4158 in
914 4097 1053 4157 conuiuio
1092 4098 1219 4157 conuiua
1250 4096 1349 4158 facete

193 4186 270 4246 illud
293 4188 406 4246 dictum
429 4187 645 4263 pronuntiaret,
668 4207 727 4264 quo
750 4192 868 4264 turpem
890 4188 1042 4247 hominem
1060 4191 1178 4263 turpem
1196 4187 1348 4247 inuenisse

194 4276 243 4334 uel
262 4277 390 4336 amicum
408 4276 456 4334 uel
475 4295 596 4336 uxorem
613 4277 800 4351 indicauerit,
824 4277 915 4356 digua
933 4277 1060 4352 denique
1079 4275 1221 4354 obtigisse
1237 4276 1347 4354 dignis.

197 4365 331 4424 Ourduos
349 4366 491 4424 creticum
509 4367 559 4423 uix
577 4366 678 4442 posuit
696 4363 838 4440 Lucilius,
856 4367 999 4425 lactucam
1016 4364 1195 4426 uocabulum
1213 4366 1347 4441 positum

195 4458 260 4515 erat
286 4453 316 4512 in
344 4453 502 4531 prouerbio
530 4457 652 4531 propter
678 4456 765 4514 lutra
791 4457 879 4515 sicuti
907 4452 1017 4516 dicitur
1043 4455 1121 4514 inter
1149 4472 1180 4515 os
1202 4458 1233 4514 et
1255 4455 1347 4527 offam
