3036 5004
219 360 284 424 312
579 357 793 412 XXVI-XXIX
812 375 840 411 u.
861 363 1010 412 ser-ceo.

219 533 343 609 perierit
370 532 423 606 qui
449 532 518 606 post
540 529 707 607 Vergilium
734 530 902 588 memorant
929 519 1015 609 (conf
1039 525 1111 587 Otto
1139 527 1176 586 de
1204 528 1374 605 prouerbiis

219 642 247 698 p.
264 621 300 680 R.
319 641 348 698 p.
369 611 442 700 24),
472 621 496 677 ii
528 637 629 677 omnes
662 637 697 676 ex
724 617 859 696 Vergilio
890 617 1046 678 schcliisue
1074 617 1257 695 Vergiliunis
1285 638 1375 683 suam

219 712 410 787 sumpserrmt
423 709 588 768 scientiam.
621 707 801 767 Memorauit
814 709 884 767 ante
893 705 1062 785 Vergilium
1076 707 1221 767 Afranius
1240 699 1373 789 (17411)

219 802 391 878 togatarum
424 799 552 874 scriptor
581 793 790 857 ‘deliberatum
822 799 868 857 est
899 815 959 855 non
986 799 1084 856 tacere
1112 791 1199 874 (me)
1226 797 1374 874 amplius:

219 889 382 949 Amunclas
406 880 553 970 (amyclas
576 879 645 968 001)
668 880 787 965 (caim)
814 886 940 947 tacendo
967 887 1090 963 periisse
1113 882 1224 946 audio':
1252 906 1311 963 quo
1338 890 1373 946 in

220 998 308 1039 uersu
336 978 416 1055 quod
439 977 651 1054 Hertzbergius
678 977 782 1052 posuit
804 974 989 1035 Amaneutue
1016 975 1083 1034 ideo
1112 974 1264 1052 displicet,
1291 976 1374 1054 quod

220 1069 364 1128 eiusmodi
392 1069 519 1128 formam
542 1068 574 1125 in
604 1067 686 1125 exitu
714 1085 817 1127 uersus
843 1066 944 1141 potius
971 1067 1043 1141 poni
1071 1067 1191 1140 oportet
1217 1067 1248 1125 et
1277 1068 1373 1142 parti-

220 1159 318 1218 culam
341 1159 419 1218 entm
441 1175 533 1233 quam
552 1156 740 1216 Hermannus
763 1154 880 1216 addidit
900 1156 1049 1214 sententia
1068 1153 1223 1233 efflagitat.
1260 1154 1374 1231 Oppidi

220 1266 328 1307 nomen
339 1245 503 1305 Amunclus
511 1246 603 1305 fuisse
612 1246 740 1304 testatur
749 1245 825 1304 Plin.
835 1246 897 1303 nat.
908 1243 1060 1304 nistvm
1072 1236 1373 1325 104(Solin.1132).

221 1337 329 1397 Errare
358 1335 496 1396 Seruium
523 1337 554 1394 et
579 1334 700 1393 Afranii
726 1333 803 1394 illud
834 1352 897 1393 esse
929 1334 1132 1411 fragmentum
1165 1336 1248 1394 cuius
1280 1332 1375 1393 uerba

221 1445 339 1504 pessum
363 1425 479 1485 dederit
498 1425 711 1502 grammaticis
734 1422 888 1484 contendit
910 1423 1091 1483 Ribbeckius
1109 1423 1128 1481 1.
1148 1442 1170 1483 s.
1190 1442 1212 1482 s.
1259 1423 1374 1484 Tamen

221 1516 294 1593 quid
316 1514 510 1592 probabilius,
533 1533 623 1590 quam
646 1517 677 1572 et
699 1513 803 1590 oppidi
826 1514 919 1590 positi
940 1514 972 1571 in
996 1512 1145 1572 Auruncis
1168 1516 1199 1572 et
1220 1512 1376 1589 prouerbii

220 1606 323 1664 Latini
345 1605 395 1664 uel
418 1603 537 1663 fabulae
561 1603 738 1662 domesticae
762 1603 930 1663 meminisse
954 1604 1072 1678 praeter
1098 1603 1221 1680 togatae
1249 1601 1374 1680 scripto·

221 1714 284 1755 rem
307 1696 399 1753 etiam
421 1696 542 1769 poetam
564 1690 760 1751 Aunrncum'?
796 1690 964 1751 Amunclae
986 1709 1093 1750 nomen
1120 1690 1199 1767 apud
1222 1691 1376 1751 Lucilium

221 1802 330 1861 ponere
353 1782 450 1843 nolui:
479 1782 594 1860 legerat
616 1782 695 1841 euim
718 1781 822 1841 doctus
846 1783 936 1858 poeta
962 1781 1172 1840 historicorum
1199 1780 1291 1841 libros
1319 1784 1376 1857 qui

222 1873 367 1950 oppidum
387 1890 405 1930 a
423 1873 523 1931 uetere
544 1870 696 1930 Laconum
720 1870 830 1949 oppido
849 1871 995 1948 originem
1013 1871 1139 1930 traxisse
1158 1873 1376 1930 enamauerint.

221 1962 320 2021 Plaut
339 1962 424 2022 Asin.
444 1962 485 2019 23
511 1956 621 2020 ‘iurato
648 1960 725 2020 mihi
750 1960 839 2020 uideo
867 1977 984 2020 necesse
1013 1976 1075 2020 esse
1104 1960 1203 2035 eloqui
1231 1959 1376 2036 quicquid

222 2045 330 2129 roges'.
362 2050 543 2110 Menaechm.
565 2052 625 2109 117
652 2045 839 2127 ‘portitorem
862 2050 983 2109 domum
1005 2049 1076 2108 duxi
1100 2050 1145 2108 ita
1163 2067 1280 2109 omnem
1298 2050 1377 2109 mihi

223 2161 285 2200 rem
299 2158 418 2200 necesse
432 2139 533 2215 eloqui
546 2135 602 2200 est'
619 2159 696 2216 quae
710 2140 844 2217 exempla
860 2136 1048 2216 patefaciunt
1065 2155 1152 2197 suum
1170 2141 1202 2198 et
1219 2139 1377 2215 proprium

222 2231 332 2291 Lucilii
356 2229 491 2290 uersibus
515 2248 578 2290 esse
601 2249 765 2290 sermonem
789 2230 826 2288 ab
850 2229 975 2288 Afranio
999 2229 1128 2308 multum
1146 2227 1305 2289 diuersum.
1338 2228 1376 2287 In

223 2322 318 2380 altero
345 2338 434 2379 uersu
460 2319 577 2379 hiatum
605 2321 699 2380 sciens
728 2318 847 2378 admisi:
880 2312 962 2377 ‘nam
990 2310 1052 2377 scib
1079 2317 1220 2394 Amyclas
1247 2317 1376 2378 tacendo

222 2410 345 2487 periisse
369 2403 550 2486 <antiquum
572 2404 758 2487 oppidum>’:
781 2410 870 2469 110111
893 2408 1028 2467 Naeuius
1051 2406 1127 2467 GRF
1148 2409 1212 2467 110
1237 2402 1307 2467 ‘nno
1337 2408 1377 2467 ab

224 2501 322 2559 amica
344 2494 478 2559 abduxit'
503 2499 564 2558 alii.

313 2580 397 2649 959.
430 2586 614 2647 Glossarium
638 2586 713 2648 cut
731 2588 763 2646 11
784 2608 813 2664 p.
834 2589 907 2662 131,
926 2588 977 2645 61.
998 2590 1039 2647 62
1075 2582 1270 2646 ‘muttonium
1301 2606 1378 2666 προ-

223 2679 399 2758 βασκαντον.
433 2681 550 2748 10011ος
573 2670 809 2758 (προβασκάνιον
832 2676 979 2747 localiter
1003 2669 1092 2758 editt)
1118 2676 1284 2736 muttonius
1303 2695 1379 2753 ecoc-

226 2762 401 2846 doceeivcov’
420 2787 448 2843 p.
471 2768 543 2841 132,
563 2768 581 2824 5
602 2762 781 2826 ‘mutonium
800 2760 967 2844 1106001μῶ
986 2759 1047 2846 (ΠΙ
1065 2785 1093 2842 p.
1114 2767 1189 2840 351,
1203 2766 1244 2824 46
1266 2761 1378 2825 ‘mutu-

226 2859 310 2916 nium
333 2848 439 2936 πέος).
477 2858 641 2914 muttonius
665 2861 699 2914 ut
722 2855 858 2914 lenonius
883 2854 1025 2914 fullonius
1050 2875 1068 2913 a
1090 2857 1188 2915 mutto
1217 2846 1281 2934 (lib.
1302 2854 1379 2915 VIII

224 2967 252 3005 u.
273 2938 367 3026 301),
395 2945 576 3004 muttonium
604 2963 657 3020 pro
690 2945 879 3005 substantiuc
911 2944 1032 3004 uidetur
1064 2945 1155 3004 fuisse
1182 2944 1311 3021 positum
1347 2949 1404 3003 01·

225 3035 408 3112 significasse
427 3035 590 3093 mcetinum
609 3032 690 3110 quod
707 3035 758 3093 lib.
772 3034 804 3093 H
818 3054 847 3093 u.
864 3035 904 3093 78
924 3037 1107 3094 memoratur
1120 3036 1247 3110 signum.
1280 3032 1379 3092 Voca-

226 3124 328 3184 bulum
351 3121 506 3199 probabile
529 3126 575 3182 est
598 3124 689 3183 fuisse
711 3125 842 3199 positum
864 3125 897 3182 in
916 3123 1077 3200 septenarii
1096 3123 1146 3182 uel
1165 3125 1275 3183 senarii
1294 3124 1381 3183 exitu

226 3213 279 3272 ubi
306 3212 403 3270 ueluti
428 3212 561 3271 teneatue
588 3212 699 3272 similia
727 3213 901 3290 plerumque
932 3216 1084 3289 ponuntur
1116 3212 1195 3291 apud
1223 3212 1378 3287 Plautum,

228 3301 307 3379 apud
321 3299 471 3361 Lucilium
489 3302 584 3361 ueluti
605 3302 792 3377 Vectconicm3
810 3321 915 3362 reuera
932 3303 963 3361 in
982 3304 1176 3378 inscriptions
1191 3302 1378 3378 Pompeiana

226 3391 288 3450 exit
314 3392 499 3467 septenarius
533 3386 693 3468 ‘sceptrum
725 3411 779 3469 pro
811 3388 959 3452 mutunic'
985 3390 1059 3451 CLE
1078 3393 1095 3451 I
1117 3412 1146 3468 p.
1169 3393 1242 3465 109,
1262 3393 1323 3450 231
1337 3391 1380 3450 B:

227 3499 303 3557 quae
326 3482 482 3554 inscriptio
506 3481 585 3556 quod
607 3480 714 3557 incipit
738 3477 848 3540 ‘fucere
867 3481 1017 3557 quondam
1036 3481 1117 3540 Vibii
1142 3477 1378 3556 opulentissimi'

226 3569 379 3646 prouerbii
401 3569 466 3629 loco
490 3571 656 3645 antiquitus
679 3570 799 3629 uidetur
822 3571 913 3630 fuisse
937 3573 1091 3646 tamquam
1114 3569 1192 3629 illud
1215 3559 1293 3647 ἦσάν
1312 3564 1378 3630 ποτ’

228 3650 306 3737 ἦσαν
327 3654 446 3736 ἄλκιμοι
469 3657 624 3735 Matricem.

316 3741 400 3807 960.
424 3747 534 3807 Paulus
558 3768 593 3808 ex
616 3748 695 3807 Fest.
714 3768 742 3824 p.
763 3751 825 3808 311
851 3743 927 3807 ‘Sub
949 3751 1042 3807 uitem
1068 3748 1209 3824 proeliari
1237 3748 1380 3809 dicuntur

227 3838 346 3913 milites,
370 3855 437 3896 cum
461 3837 515 3896 sub
537 3839 627 3897 uinea
653 3836 780 3896 militari
806 3840 952 3916 pugnant.
997 3837 1133 3898 Lucilius
1161 3832 1280 3915 “neque
1308 3858 1380 3913 pro-

228 3926 291 3986 dire
322 3929 355 3986 in
388 3927 481 3986 altum
515 3926 656 4003 proeliari
687 3928 793 4001 procat
828 3929 882 3986 aab
919 3920 1022 3987 uite''.'
1073 3927 1182 3988 Festus
1210 3948 1238 4004 p.
1259 3929 1380 4002 310,6

229 4010 358 4075 ³—ri
403 4015 542 4076 dicuntur
738 4017 865 4076 militari
904 4037 966 4096 pug
979 4050 1139 4057 —-—-
1158 4036 1214 4093 que
1257 4016 1381 4092 prodire

229 4139 387 4145 ffl--w—
401 4107 434 4165 ut
464 4107 518 4166 sub
549 4101 628 4166 uite'.
685 4105 893 4182 Septenarium
924 4106 1057 4167 restituit
1090 4105 1236 4184 Scaliger:
1270 4100 1380 4181 ‘neque

228 4195 347 4271 prodire
365 4197 396 4253 iu
415 4195 512 4254 altum
530 4196 672 4272 proeliari
689 4195 744 4254 sub
763 4197 856 4255 uitem
875 4191 999 4272 procul’,
1018 4196 1150 4256 senarios
1169 4194 1380 4258 Lachmannus

229 4284 295 4343 alii:
328 4277 491 4359 ‘nequeunt
521 4284 639 4362 prodire
671 4286 701 4344 in
734 4286 829 4344 altum
862 4286 1036 4361 proeliarisr
1067 4285 1170 4363 procul
1202 4283 1256 4343 sub
1292 4281 1380 4344 uite'.

229 4372 414 4452 Scaligerum
432 4373 525 4433 secuti
543 4393 657 4449 sumus,
680 4374 759 4450 quod
777 4393 897 4434 uersum
915 4374 1064 4454 integrum
1083 4374 1219 4434 attulisse
1239 4373 1381 4434 Verrium

228 4461 382 4538 probabile
405 4464 459 4537 est
482 4462 588 4521 deinde
612 4464 691 4538 quod
714 4465 898 4540 septenarios
921 4464 1019 4524 afferri
1042 4483 1096 4539 pro
1115 4465 1252 4541 portione
1271 4463 1381 4540 proban
