3036 5004
560 370 635 424 xxx
654 388 681 426 u.
703 375 887 427 rear-ross.
1234 372 1300 437 335

150 533 235 597 <haec
261 539 383 613 mulier,
416 540 513 598 amica
541 541 607 613 tua,
637 542 682 598 est
714 558 781 597 cum
812 538 999 599 uestimentis
1030 540 1203 600 maculosis:
1234 544 1300 600 tum

140 629 257 704 aspice,
281 629 330 704 sis,
354 631 384 687 te
407 630 507 705 ipsum
529 647 588 705 quo
611 630 720 687 ornatu
742 628 863 688 incedas
885 624 1072 689 lutulentus’.

242 708 347 776 1048.
371 719 487 778 Nonius
511 739 539 795 p.
560 718 634 792 385,
654 719 695 776 24
721 713 891 778 ‘Sublatum
915 717 1041 778 dicimus
1069 721 1223 778 remotum.

149 805 283 866 Lucilius
306 806 357 865 lib.
376 808 458 866 XXX
482 802 642 866 “sublatus
661 853 668 865 .
684 853 690 866 .
706 854 712 865 .
731 802 904 866 refertur''.'
950 807 1088 867 Licentia
1109 809 1141 867 in
1168 810 1300 868 rationes

149 896 212 955 siue
237 895 355 956 tabulas
378 898 493 973 accepti
516 897 645 956 refertur
666 899 701 956 ut
724 897 837 971 faenus,
865 897 897 956 id
920 900 966 957 est
988 898 1112 959 lucrum.
1141 892 1229 973 ‘quae
1249 944 1255 956 .
1272 945 1299 957 ..

149 984 270 1044 sublata
290 1032 341 1044 ...
361 988 462 1045 omnia
486 982 565 1045 sunt'
590 985 642 1045 lib.
661 985 692 1044 II
710 1005 738 1044 u.
760 989 809 1047 67.

242 1065 348 1136 1049.
372 1076 488 1134 Nonius
512 1096 540 1152 p.
562 1077 634 1150 250,
655 1077 695 1135 25
722 1071 843 1135 ‘Cedere
866 1075 1017 1153 sIgnificat
1043 1076 1204 1139 secundum
1232 1094 1300 1136 con-

149 1163 338 1223 suetudinem
365 1163 447 1223 abite
475 1167 648 1241 superatum
676 1166 707 1224 et
729 1166 827 1224 locum
855 1166 964 1224 uictori
992 1164 1070 1225 dare.
1095 1164 1300 1225 ...Lucilius

147 1251 199 1311 lib.
218 1253 301 1311 XXX
336 1248 538 1331 “quandoque
570 1255 686 1328 pudore
722 1246 836 1336 (pudor
867 1254 937 1314 edit
965 1247 1073 1336 princ.)
1110 1275 1145 1314 ex
1182 1258 1301 1330 pectore

150 1337 285 1401 cessit''.'
332 1343 423 1402 Recte
445 1344 546 1417 pudor
573 1345 600 1403 si
622 1342 781 1416 scribetur,
809 1343 981 1418 produxisse
1004 1347 1125 1420 poetam
1152 1344 1300 1420 syllabam

150 1435 313 1490 extremam
335 1432 527 1492 statuendum
550 1435 596 1492 est
627 1432 716 1492 sicuti
748 1432 973 1493 11115331
1007 1435 1040 1492 in
1073 1435 1210 1509 languor:
1241 1435 1301 1494 nisi

151 1538 290 1580 caesurae
313 1523 414 1597 potius
436 1524 497 1582 ista
520 1521 677 1598 productio
700 1521 856 1582 tribuetur.

240 1601 347 1672 1050.
370 1611 486 1671 Nonius
505 1631 533 1696 p.
553 1612 627 1684 484,
647 1613 690 1670 30
710 1605 841 1688 ‘Sumpti
858 1630 913 1687 pro
932 1615 1077 1688 sumptus.
1098 1659 1148 1671 ...
1167 1611 1300 1673 Lucilius

148 1698 200 1757 111.
219 1698 301 1757 XXX
326 1695 424 1775 “quid
444 1748 449 1759 .
467 1747 472 1758 .
491 1746 497 1758 .
515 1695 687 1777 petisset''.'
734 1700 780 1760 De
802 1702 899 1760 forma
916 1704 1039 1775 potiesct
1060 1701 1130 1760 uide
1154 1701 1193 1760 ad
1213 1701 1300 1761 lib.I

149 1809 175 1847 u.
194 1789 211 1846 5
236 1787 264 1843 V
282 1809 310 1846 u.
327 1792 399 1849 203.
436 1793 589 1865 sumptum
608 1791 705 1849 fecere
723 1794 759 1849 ut
776 1810 804 1849 5.
821 1791 917 1864 1034,
934 1793 1089 1866 sumptum
1106 1791 1247 1868 praebere
1266 1794 1301 1850 ut

147 1878 199 1936 lib.
213 1878 312 1937 XXVI
331 1900 359 1937 u.
380 1880 453 1938 618.
496 1878 658 1954 Computat
680 1882 820 1938 meretrix
844 1882 986 1940 amatcrIs
1010 1899 1139 1939 censum.

239 1958 345 2029 1051.
368 1968 484 2039 Nonius
507 1990 536 2045 p.
556 1970 631 2042 493,
650 1969 691 2028 33
722 1964 907 2028 ‘Sescentum
933 1989 988 2047 pro
1017 1973 1298 2030 sescentorum...

147 2057 227 2116 idem
249 2055 300 2115 lib.
319 2057 402 2116 XXX
426 2053 524 2134 “quid
543 2105 549 2116 .
565 2104 571 2118 .
587 2105 593 2116 .
611 2053 772 2118 milium''.’
810 2058 855 2118 De
878 2077 1017 2119 mensura
1040 2061 1071 2119 et
1095 2061 1192 2119 forma
1211 2077 1300 2118 uoca-

146 2145 211 2204 buli
237 2145 392 2205 duccatccm
419 2147 489 2206 uide
517 2147 557 2206 ad
583 2146 634 2206 lib.
653 2147 755 2206 XVIII
773 2168 801 2206 u.
821 2149 894 2207 555.
946 2146 1108 2212 coniunxit
1134 2149 1191 2210 hoc
1218 2149 1299 2228 frag·

150 2237 284 2294 mentum
306 2253 374 2294 cum
396 2254 485 2296 uersu
510 2237 681 2311 insequenti
703 2236 872 2297 Muellerus.

237 2314 343 2386 1053.
380 2324 495 2384 Nonius
531 2345 560 2400 p.
580 2326 659 2398 493,
683 2327 723 2384 31
763 2321 949 2386 ‘sescentum
989 2345 1044 2402 pro
1085 2329 1295 2386 sescentorum.

145 2411 278 2471 Lucilius
305 2413 356 2473 lib.
371 2413 452 2471 XXX
480 2407 650 2473 “maximus
677 2416 704 2473 si
731 2417 859 2490 urgeatis
886 2408 1014 2496 (arpenti
1041 2415 1114 2475 olim
1141 2409 1294 2495 impressi)

144 2505 311 2562 sescentum
333 2521 368 2561 ac
390 2502 472 2562 mille
494 2498 663 2578 reliquit'’.’
709 2503 801 2563 llrrat
821 2503 951 2564 Nonius:
978 2506 1144 2564 sescentum
1166 2523 1226 2563 non
1250 2505 1296 2563 est

145 2593 301 2670 genetiuus
328 2592 380 2651 sed
408 2594 607 2652 accusatiuus:
635 2592 704 2652 uide
731 2593 770 2652 ad
797 2591 848 2651 lib.
863 2591 966 2652 XVIII
984 2613 1012 2651 u.
1029 2594 1091 2652 555
1121 2595 1153 2653 51
1174 2610 1297 2652 uersum

146 2681 377 2741 antecedentem.
419 2679 580 2741 coniunxit
597 2682 676 2741 hunc
693 2701 813 2741 uersum
831 2701 899 2742 cum
917 2681 1104 2741 antecedenti
1127 2683 1295 2760 Fragmento

146 2769 305 2831 Muellerus
332 2772 364 2829 in
391 2770 484 2829 Nonii
511 2771 654 2831 edItione:
682 2790 741 2831 ncn
768 2774 856 2831 recte.
903 2771 1049 2831 Maximus
1078 2771 1129 2847 qui
1152 2772 1296 2831 hocloco

146 2862 318 2919 nominatur
340 2879 399 2919 non
422 2862 522 2936 potuit
540 2879 603 2920 esse
623 2863 683 2920 nisi
701 2861 898 2921 Maximorum
916 2861 1137 2921 illustr-lesimus
1156 2862 1298 2934 omnium,

146 2951 200 3024 qui
221 2949 276 3008 illa
298 2952 397 3009 aetate
420 2950 508 3009 modo
531 2949 711 3010 decesserat:
739 2951 863 3010 fratrem
889 2950 938 3011 hio
962 2949 1111 3027 Scipionis
1134 2950 1298 3009 Aemiliani

148 3038 276 3097 indicari
298 3039 458 3098 statuimus
482 3040 521 3098 ad
538 3038 589 3097 lib.
604 3039 735 3098 XXVHI
753 3060 780 3098 u.
797 3041 862 3101 800
885 3039 939 3099 ubi
957 3041 1020 3099 eius
1040 3039 1119 3099 filius
1138 3039 1171 3110 Q.
1189 3039 1299 3099 Fabius

147 3128 294 3188 Maximus
308 3127 518 3207 Allobrogicus
538 3128 711 3189 nominatur
727 3132 763 3189 ut
779 3129 869 3188 homo
887 3129 983 3190 nobili
1000 3149 1107 3208 genere
1126 3132 1156 3188 et
1174 3130 1299 3205 antiquo

147 3221 238 3279 ortus.
284 3218 363 3277 Mam
392 3236 555 3296 cognomen
583 3219 737 3278 Maximus
768 3218 818 3279 hic
849 3219 952 3278 eadem
984 3237 1052 3278 cum
1079 3219 1228 3296 dignitate
1255 3221 1301 3278 est

150 3309 281 3382 positum
305 3310 395 3383 atque
418 3308 486 3369 aliis
509 3307 583 3367 locis
600 3307 697 3382 Scipio
720 3309 817 3368 ueluti
838 3309 978 3369 similiter
997 3307 1099 3369 (licere
1122 3311 1155 3367 in
1177 3309 1236 3370 Pis.
1258 3310 1299 3367 58

149 3391 187 3455 Ὁ
206 3398 313 3456 stultos
338 3396 480 3457 Camillos
500 3397 603 3458 Gurics
622 3397 775 3458 Fabricios
795 3396 948 3458 Calatinos
967 3396 1120 3474 Scipiones
1143 3397 1300 3457 Marcellos

151 3481 320 3546 Maximosl’
362 3486 497 3562 Reliquit
517 3487 664 3547 Maximus
689 3506 776 3563 quem
794 3507 873 3547 anno
892 3489 953 3547 fere
973 3480 1053 3565 624!
1059 3490 1122 3547 130
1141 3488 1300 3547 decessisse

150 3577 314 3636 statuemus
337 3577 420 3634 mille
443 3580 577 3636 sescenta
600 3577 685 3637 milia
706 3578 886 3651 sestertium,
908 3579 928 3636 i.
943 3597 967 3636 e.
987 3578 1141 3637 denarium
1160 3576 1300 3653 quadrin-

148 3666 240 3740 genta
262 3664 348 3723 milia
366 3666 430 3724 siue
448 3665 563 3724 talenta
582 3668 737 3745 sexaginta
755 3685 806 3726 sex
824 3668 921 3727 minas
941 3666 1154 3745 quadraginta:
1177 3667 1301 3741 reliquit

148 3754 243 3831 igitur
256 3773 318 3812 rem
338 3754 517 3814 familiarem
537 3774 598 3814 non
616 3755 757 3832 amplam,
775 3755 827 3816 sed
845 3757 992 3816 modicam
1007 3755 1166 3815 admodum
1180 3756 1300 3831 qualem
1353 3797 1355 3801 .

149 3842 181 3901 in
204 3842 322 3902 familia
344 3841 438 3902 nobili
461 3844 584 3903 minime
603 3847 738 3920 expectes
757 3837 844 3926 (ocni
858 3844 1057 3921 Marquardtii
1076 3848 1107 3902 et
1124 3843 1300 3903 Mommseni

149 3931 292 3991 enchirid.
311 3932 405 4008 antiq.
424 3933 509 3993 Rom.
528 3932 556 3989 V
580 3927 630 4013 [ed
647 3927 747 4013 1884]
771 3955 799 4010 p.
815 3925 881 4015 55).
927 3935 1043 3993 1155515
1073 3933 1183 3992 Fabius
1206 3932 1299 3991 modi-

151 4040 216 4080 cam
239 4021 447 4081 tantummodo
469 4021 600 4081 habebat
621 4041 685 4082 rem
707 4023 901 4083 familiarem:
924 4041 1017 4100 quere
1035 4025 1156 4081 auctore
1174 4021 1300 4096 Polybio

149 4109 262 4169 XXXII
278 4113 329 4185 14,
349 4112 368 4169 3
388 4106 404 4169 d
424 4107 455 4170 δὲ
470 4110 608 4172 Σιιπίων
621 4115 746 4190 θεωρῶν
760 4107 853 4171 αὑτοῦ
866 4110 919 4172 τὸν
932 4108 1063 4187 ἀδελφὸν
1076 4107 1301 4191 καταδεέστερον

149 4195 221 4260 ὄντα
253 4203 314 4271 τοῖς
346 4197 530 4278 ὑπάρχουσιν
557 4198 715 4279 ἐξεχώρησε
742 4199 862 4260 πάντων
891 4208 951 4259 τῶν
978 4197 1185 4280 ὑπαρχόντων,
1208 4196 1301 4277 οὔσης

150 4296 203 4366 τῆς
231 4286 302 4365 51ης
333 4287 477 4366 τιμήσεως
503 4285 578 4367 ὑπὲρ
605 4287 748 4366 ἑξήκοντα
775 4288 900 4348 τάλαντα
929 4285 979 4348 διὰ
1006 4287 1038 4349 τὸ
1067 4285 1179 4366 μέλλειν
1207 4287 1301 4362 οὕτως

151 4376 217 4438 ἴσον
239 4375 380 4457 ὑπάρχειν
403 4376 483 4461 αὐτῷ
503 4376 577 4438 κατὰ
594 4376 649 4457 τὴν
667 4375 774 4439 οὐσίαν
791 4375 844 4437 τὸν
864 4377 981 4457 Φάβιον
1003 4383 1061 4438 κτλ.
1081 4370 1184 4459 (quem
1202 4378 1301 4438 locum

151 4467 308 4544 exscripsit
338 4467 488 4529 Diodorus
519 4467 617 4527 XXXI
641 4470 697 4544 27,
722 4460 765 4551 6).
820 4467 995 4545 Reliquerat
1029 4468 1124 4548 igitur
1154 4467 1302 4527 Aemilius
