3060 5010
216 353 279 418 172
662 354 726 408 xlv
744 372 770 409 u.
790 360 940 410 sore-sua

214 527 321 586 antro
345 543 478 584 summae
502 524 659 602 dignitatis
682 525 713 584 in
735 524 901 602 republica,
929 526 980 602 qui
1004 544 1067 587 aeae
1096 527 1231 606 legatum
1259 525 1363 604 populi

214 614 340 675 Romanu
372 614 411 675 ad
442 633 542 692 regem
575 613 735 690 quendam,
768 615 918 690 Rhodum,
949 617 981 674 in
1010 614 1129 694 Syriam
1157 634 1219 676 esse
1248 618 1362 675 iturum

213 706 325 779 ramat,
344 702 382 764 ab
402 703 504 764 eodem
522 705 555 762 ni
573 703 664 763 fallor
681 704 830 766 consulari
848 704 896 764 nel
915 706 1065 781 praetorio
1086 705 1137 782 qui
1158 704 1362 766 rinitores.

215 796 278 854 468
304 789 440 854 ‘Publius
463 793 562 854 Pauus
586 791 659 853 mihi
676 840 681 852 .
698 841 704 852 .
721 841 726 852 .
742 795 882 871 quaestor
904 793 1017 856 Hibera
1040 795 1071 854 iu
1095 798 1176 855 terra
1198 795 1266 871 fuit,
1289 796 1362 856 luci-

214 885 312 963 fugas,
335 882 452 958 nebulo,
475 883 506 942 id
530 902 623 963 genus
646 877 737 942 sane'.
779 883 821 944 Vt
844 884 944 944 breuis
967 887 1032 960 sim,
1055 883 1189 944 Lucilius
1212 885 1269 945 hcc
1286 885 1363 945 libro

216 972 383 1051 Scipionem
406 971 526 1032 induxit
549 973 732 1049 loquentem,
764 994 851 1050 quem
875 993 894 1033 a
918 976 1052 1051 sapiente
1075 974 1191 1035 Lucilio
1220 976 1364 1051 scriptum

214 1081 278 1123 esse
305 1064 336 1123 et
363 1064 477 1122 iustum
504 1065 535 1122 et
560 1063 669 1122 fortem
697 1066 761 1122 tam
788 1063 931 1124 Horatius
963 1063 1037 1123 dicit
1068 1084 1159 1141 quem
1192 1084 1226 1123 ex
1259 1068 1364 1141 poetae

213 1154 311 1230 ipsius
334 1153 510 1230 fragmentis
534 1151 672 1212 efficitur.
718 1152 866 1231 Tangitur
892 1153 948 1215 hcc
976 1154 1143 1233 fragmento
1171 1155 1283 1233 legatio
1310 1154 1364 1213 illa

214 1242 375 1301 Aemiliani
405 1261 465 1318 qua
492 1243 570 1301 inter
599 1260 692 1302 annos
721 1236 867 1320 614l140
899 1246 930 1302 et
962 1237 1139 1323 616l1381)
1172 1247 1270 1304 totum
1304 1244 1364 1303 fere

215 1331 316 1392 orbem
340 1335 488 1391 terrarum
512 1330 588 1390 obiit
610 1351 751 1409 persaepe
776 1351 794 1390 a
817 1333 1012 1409 scriptoribus
1035 1333 1167 1394 laudata.
1214 1325 1309 1414 (θοαί
1328 1332 1364 1392 de

215 1425 348 1498 tempore
383 1421 472 1481 huius
509 1421 670 1499 legationis
702 1422 776 1481 Mus.
802 1421 895 1480 Rhen.
919 1422 1044 1481 XXXIX
1069 1424 1154 1481 1884
1184 1443 1212 1499 p.
1233 1424 1360 1482 68-71

216 1511 369 1591 Vngerum
379 1510 485 1570 Philol.
496 1509 548 1569 LV
562 1511 645 1570 1896
660 1531 688 1588 p.
702 1508 766 1587 97.)
795 1509 854 1571 Οἰο.
869 1510 960 1571 Acad.
975 1511 1007 1571 ΙΙ
1021 1514 1039 1570 5
1054 1512 1150 1572 tradit
1164 1507 1311 1571 ‘Africani
1322 1558 1327 1568 .
1340 1559 1363 1569 ..

215 1601 246 1659 in
265 1600 415 1678 legatione
433 1600 487 1659 illa
505 1598 598 1658 nobili
617 1619 709 1676 qnam
728 1603 796 1660 aute
816 1618 970 1662 censuram
988 1601 1064 1661 obiit
1079 1600 1256 1661 Panaetium
1272 1620 1363 1661 unum

216 1691 336 1751 omnino
360 1691 497 1749 comItem
523 1684 632 1750 iuisse'.
670 1690 760 1749 Recte
783 1691 910 1750 Mueller
931 1692 1037 1769 fragm.
1057 1691 1124 1750 hist
1145 1689 1194 1750 Gr.
1214 1690 1245 1749 II
1262 1711 1291 1767 p.
1310 1691 1364 1749 XX

216 1780 324 1840 statuit
352 1778 522 1839 Ciceronem
550 1778 606 1837 hoc
632 1779 697 1839 loco
725 1799 823 1839 errare
852 1779 1079 1856 Scipionemque
1109 1782 1179 1857 post
1210 1798 1364 1840 consuram

218 1869 398 1947 legationem
424 1868 509 1928 illam
538 1869 715 1945 suscepisse:
747 1871 931 1948 argumentis
962 1870 1005 1929 ibi
1036 1870 1162 1946 prolatis
1194 1869 1269 1929 adde
1301 1870 1365 1944 hoc,

218 1959 296 2035 quod
324 1957 502 2018 Plutarchus
521 1978 548 2035 q.
568 1957 596 2016 d.
620 1959 652 2017 in
680 1959 801 2035 apopth.
822 1958 900 2035 Scip.
919 1961 989 2018 min.
1013 1959 1135 2035 optimis
1163 1959 1214 2018 ille
1245 1958 1364 2035 quidem

217 2047 350 2108 fontibus
374 2066 443 2107 usus
466 2047 625 2126 legationis
648 2051 718 2108 ante
741 2047 851 2107 bellum
870 2049 1096 2123 Numantinum,
1119 2052 1188 2125 post
1210 2042 1364 2108 censuram

217 2137 364 2214 Scipionis
396 2139 532 2196 meminit
563 2137 653 2197 sicuti
685 2139 759 2198 facit
791 2138 850 2197 Cic.
870 2137 907 2197 de
924 2155 985 2214 rep.
1005 2137 1048 2196 VI
1069 2140 1106 2197 11
1144 2133 1232 2197 ‘Cum
1265 2141 1364 2197 autem

216 2227 433 2305 Karthaginem
451 2225 596 2286 deleueris
614 2227 799 2303 triumphum
817 2229 912 2306 egeris
931 2246 1092 2304 censorque
1106 2228 1198 2287 fueris
1212 2230 1243 2287 et
1257 2227 1364 2287 obieris

217 2317 334 2395 legatus
362 2315 533 2395 Aegyptum
561 2315 679 2394 Syriam
706 2317 811 2377 Asiam
839 2312 1005 2378 Graeciam'
1025 2337 1050 2377 e.
1069 2337 1097 2394 q.
1117 2336 1140 2377 s.
1160 2316 1296 2377 Posidou.
1315 2335 1362 2394 ap.

216 2406 295 2486 Plut.
320 2424 385 2464 cum
414 2407 506 2481 princ.
530 2424 592 2466 esse
619 2406 726 2481 philos.
746 2427 773 2484 p.
796 2405 894 2465 777A
918 2407 1054 2466 Σκικίαν
1074 2453 1080 2467 .
1100 2453 1107 2466 .
1127 2453 1133 2466 .
1153 2404 1199 2467 ὅτε
1227 2404 1318 2467 adadu
1345 2401 1364 2482 ἡ

217 2493 380 2575 σύγκλητος
402 2491 565 2573 ἐξέπεμψεν
589 2490 772 2574 ’ἀνθρώπων
795 2495 884 2576 ὕβριν
906 2517 935 2557 κε
958 2493 1008 2554 καλ
1031 2493 1175 2574 εὐνομίην
1198 2490 1362 2574 ε’φορῶντα’

218 2577 351 2666 (Clitom.
371 2604 418 2662 ap.
432 2578 540 2664 [Plut]
557 2585 678 2662 apopth.
694 2585 771 2662 Scip.
791 2585 861 2644 min.
884 2587 932 2645 13.
949 2588 998 2644 14.
1013 2584 1117 2662 Polyb.
1137 2605 1184 2663 ap.
1200 2585 1307 2645 Athen.
1322 2584 1364 2643 VI

217 2695 245 2754 p.
267 2674 368 2734 273A
387 2673 454 2733 Vel.
473 2674 550 2733 Max.
570 2672 614 2733 IV
633 2676 667 2750 3,
693 2676 733 2735 13
758 2675 793 2733 de
822 2677 876 2734 uir.
899 2675 942 2735 ill.
963 2669 1028 2756 58).
1083 2675 1194 2735 Ventus
1226 2678 1272 2734 est
1304 2675 1365 2752 pri-

217 2785 298 2824 mum
317 2762 534 2823 Alexandream
552 2763 590 2823 ad
608 2783 706 2843 regem
726 2764 930 2824 Ptolemaeum
948 2764 1131 2841 Physconem
1151 2764 1200 2842 Sp.
1220 2765 1365 2825 Mummio

217 2857 248 2912 et
265 2853 298 2913 L.
317 2853 438 2913 Metello
457 2852 615 2914 comitibus
635 2852 754 2933 (lustin.
774 2854 931 2913 XXXVIII
948 2855 977 2928 8,
997 2856 1016 2914 8
1036 2853 1174 2915 Posidou.
1195 2874 1241 2931 ap.
1257 2854 1364 2914 Athen.

217 2935 467 3023 aliperao).
504 2942 624 3002 Diodor.
643 2943 771 3002 XXXIII
792 2945 886 3003 28⁸3
915 2961 1003 3021 porro
1030 2946 1134 3003 narrat
1163 2943 1204 3004 Οί
1229 2939 1282 3021 μὲν
1309 2933 1366 3003 οὖν
1435 2943 1440 2987 ἑ

216 3028 390 3111 πρεσβευταὶ
421 3031 676 3110 κατασκεψάμενοι
707 3029 743 3091 τὰ
774 3030 847 3093 κατὰ
881 3031 935 3110 την
968 3031 1122 3113 Αἴγυπτον
1158 3030 1206 3094 lul
1239 3031 1365 3110 Κύπρου

217 3118 357 3182 κάκεῖθεν
379 3117 425 3182 ἐπὶ
450 3120 565 3200 Συρίας
587 3119 642 3199 τὴν
667 3118 826 3202 ἀναγωγὴν
852 3120 1037 3200 ἐποιήσαντο,
1084 3121 1229 3184 Καθόλου
1257 3118 1289 3182 δὲ
1316 3119 1366 3181 καὶ

218 3209 253 3270 κὰ
278 3214 396 3270 πλεῖστα
424 3207 498 3290 μίρη
525 3219 578 3288 τῆς
605 3208 783 3289 οἰκουμένης
809 3209 944 3290 ἐπῆλθον
966 3213 1024 3272 κτλ.
1075 3212 1172 3271 Rhodi
1197 3212 1365 3290 Scipionem

217 3301 310 3360 fnisse
341 3298 443 3360 Gicero
475 3303 605 3361 testatur
636 3300 673 3360 de
704 3321 764 3378 rep.
785 3301 830 3360 III
850 3302 901 3377 35,
919 3303 963 3380 Ι48
997 3297 1108 3370 ‘Quor
1147 3300 1204 3360 tibi
1236 3301 1365 3375 tandem,

219 3389 318 3467 Spuri,
341 3389 533 3464 Rhodiorum,
556 3390 636 3466 apud
659 3410 734 3468 quos
757 3410 851 3469 nuper
873 3391 984 3451 fuimus
1008 3411 1076 3465 nna,
1103 3390 1223 3450 nullane
1247 3390 1366 3450 uidetur

218 3497 280 3539 esse
311 3498 358 3538 res
390 3474 543 3555 publica‘l'
586 3479 721 3557 Denique
754 3480 932 3558 Pergamum
965 3500 1032 3540 eum
1066 3482 1182 3540 uenisse
1213 3475 1364 3559 [Luciam]

217 3567 408 3628 Macrobii
441 3573 544 3628 narrat
572 3566 711 3641 ’Ἄτταλος
746 3565 778 3630 di
811 3566 826 3630 d
859 3567 1030 3648 ἐπικληθεὶς
1069 3568 1269 3648 Φιλάδελφος,
1306 3577 1366 3628 τῶν

218 3659 424 3738 Περγαμηνῶν
451 3655 501 3717 καλ
528 3649 615 3731 οὗτος
642 3658 805 3736 βασιλεύων
829 3650 1201 3740 (595ί159-6161138),
1228 3657 1303 3737 πρὸς
1330 3653 1366 3718 ‘dv

218 3744 267 3807 καί
303 3748 439 3807 Σκικίοιν
476 3742 491 3806 d
528 3756 587 3808 τῶν
623 3742 779 3824 Ῥωμαίων
819 3747 978 3828 στρατηγὸς
1014 3745 1137 3824 ἀφίκετο
1174 3750 1232 3806 κτλ.
1288 3745 1391 3808 Gons'

219 3838 252 3898 Ε.
272 3837 418 3898 hiuckeus
445 3837 477 3896 P.
498 3835 652 3899 Cornelius
688 3837 789 3916 Scipio
820 3837 1007 3898 Aemilianus
1039 3837 1143 3898 Dresd.
1164 3839 1249 3898 1898
1274 3859 1302 3915 p.
1324 3839 1364 3896 25

218 3926 395 3987 Oroeneitus
419 3926 585 4006 Sitzuugsb.
608 3926 636 3985 d.
660 3927 770 3988 Berliu
789 3926 884 3987 Aliad.
907 3930 992 3989 1904
1011 3948 1040 4005 p.
1060 3928 1133 3986 476.
1155 3929 1227 3987 477.
1257 3927 1365 3987 Missus

219 4020 264 4077 est
287 4016 386 4094 Scipio
409 4013 469 4075 dab
491 4025 544 4094 τῆς
567 4015 732 4096 συγκλήτου
755 4014 804 4077 ἐπί
827 4014 858 4078 rb
882 4014 1122 4094 καταστήσασθαι
1145 4013 1197 4088 τὰς
1219 4015 1294 4076 κατὰ
1311 4013 1366 4094 τὴν

219 4101 398 4184 οἰκουμένην
416 4105 565 4184 βασιλείας
583 4104 633 4166 ἵνα
650 4109 711 4179 τοῖς
728 4104 931 4187 προσήκουσιν
950 4105 1170 4187 ἐγχειρισθῶσιν
1184 4097 1308 4188 (Athen.
1322 4105 1366 4164 VI

292 4328 560 4400 1)Ann0614s140
583 4329 688 4384 Romae
712 4332 774 4384 erat
797 4330 842 4385 Sci
864 4331 891 4386 io
917 4347 972 4400 quo
1000 4347 1073 4385 auno
1097 4330 1232 4387 Claudius
1256 4329 1366 4384 Asellus

219 4401 280 4454 erat
307 4399 436 4454 tribunus
463 4399 567 4470 plebis:
595 4401 661 4455 uide
689 4401 726 4455 ad
748 4401 797 4456 lib.
813 4349 895 4456 Χία.
914 4407 978 4457 6961
1007 4419 1080 4458 anuo
1108 4403 1232 4473 616l188
1260 4401 1366 4457 Romae

219 4470 330 4532 Cottam
349 4471 496 4529 armauit
513 4475 627 4530 anctore
645 4471 727 4528 Liuio
746 4472 923 4543 Oxyrhynch.
939 4473 1007 4545 Pap.
1021 4474 1077 4530 nol.
1094 4475 1132 4528 lV
1146 4494 1172 4547 p.
1190 4480 1248 4529 115.
