3060 5010
613 368 652 421 Ν
670 387 697 422 u.
719 372 866 423 ies-168.
1267 369 1309 436 75

160 541 282 614 rustico,
305 540 356 616 qui
379 538 527 599 uenabulo
550 557 651 600 ursam
673 538 737 599 siue
760 538 851 599 aliam
873 539 968 599 feram
985 537 1113 599 bestiam
1131 539 1309 601 sectabatur.

162 629 220 700 Qui
241 649 296 706 per
318 631 433 689 montes
456 631 488 688 et
509 648 563 705 per
589 629 682 690 siluas
709 631 835 689 uenator
861 648 915 706 per
940 627 1053 690 medios
1081 648 1149 688 cum
1177 625 1310 690 ‘concur-

162 720 243 779 saret
265 737 368 797 agros,
395 718 510 778 catulos
533 718 687 796 fetumque
709 713 796 779 ferai’
820 718 936 778 inuenit
958 720 989 779 66
1015 720 1048 778 in
1073 717 1140 778 sinu
1167 719 1309 780 recondit.

162 807 247 869 Ouid.
271 810 389 868 metam.
409 807 483 867 XIII
503 809 566 868 836
596 804 709 868 ‘inueni
736 808 870 886 geminos
894 808 1103 880 ...61116666
1134 809 1249 868 catulos
1278 811 1310 868 in

162 898 284 958 summis
303 897 455 958 montibus
473 893 570 958 ureae’
591 890 727 980 (Theocr.
742 897 785 958 XI
799 900 839 958 41
865 897 1004 976 emicuere
1024 895 1163 979 τέσσαρας
1180 891 1310 981 ἄρκτων)

162 986 577 1048 Aelian.hist.anim.V19
607 979 741 1070 (ἄρκτος)
773 984 827 1048 ἐὰν
854 987 996 1065 διώκηται
1026 984 1096 1066 μετὰ
1128 994 1187 1047 τῶν
1218 985 1311 1066 αὑτῆς

163 1076 330 1138 σκυλακίων
351 1080 410 1137 κτλ.
432 1109 470 1119 -
491 1078 607 1138 catulos
630 1078 783 1154 fetumque
806 1077 895 1153 ferai3
921 1076 991 1137 uide
1017 1075 1077 1136 ind.
1097 1096 1220 1155 gramm.
1240 1096 1261 1136 s.
1281 1098 1310 1137 u.

163 1166 372 1244 hendiadyoin.

254 1248 334 1316 166.
361 1248 443 1318 166.
467 1254 589 1328 Seruius
612 1259 716 1317 666666
740 1256 779 1317 ad
800 1255 949 1318 Aeneidos
966 1256 993 1315 X
1013 1257 1077 1317 339
1103 1251 1236 1333 ‘Septem
1256 1277 1310 1316 nu·

161 1365 250 1407 mero.
300 1345 366 1406 Hoc
393 1349 439 1406 est
465 1365 519 1423 pro
547 1349 669 1424 septem.
719 1349 751 1406 et
777 1346 861 1406 deest
888 1345 967 1423 quia.
1017 1348 1133 1406 ueteres
1160 1346 1240 1406 enim
1267 1347 1311 1406 ita

163 1435 372 1496 enuntiabant:
394 1435 527 1495 Lucilius
546 1436 577 1494 iu
600 1435 644 1495 IV
668 1431 710 1496 ‘bi
733 1427 778 1518 (ti
799 1427 905 1515 uulgo)
930 1455 1003 1512 prae
1030 1454 1062 1495 se
1089 1436 1212 1512 portant
1237 1437 1312 1496 mibi

160 1531 258 1601 gentes
288 1544 409 1586 munere
440 1524 536 1603 pisces
567 1525 694 1605 triginta
725 1521 893 1585 nnmsrc''.'
948 1525 1052 1602 Neque
1084 1524 1181 1585 delini
1215 1544 1310 1602 neque

159 1621 257 1692 pense
288 1613 427 1676 uocabnli
457 1615 539 1676 locus
573 1618 619 1674 est
649 1614 727 1675 unde
758 1617 838 1675 recte
869 1617 998 1690 66666766
1026 1615 1217 1675 Binmannus
1249 1615 1310 1674 alii.

162 1705 325 1765 Hominum
348 1704 511 1783 agrestium
533 1707 678 1782 patronus
701 1706 805 1766 narrat
822 1705 859 1765 de
877 1704 963 1765 donis
981 1703 1038 1764 sibi
1056 1703 1167 1765 oblatis
1185 1723 1203 1764 a
1222 1704 1311 1764 olien-

161 1794 249 1855 tibus.
295 1795 345 1855 Ita
366 1794 485 1855 Persius
508 1792 540 1854 in
562 1795 610 1854 ΠΙ
633 1797 735 1854 satura
760 1814 850 1871 quam
873 1794 911 1854 66
934 1794 1022 1854 buius
1044 1793 1115 1853 libri
1145 1794 1312 1871 exemplum

162 1885 304 1962 scriptam
327 1901 391 1943 esse
419 1885 512 1944 refert
538 1883 700 1945 scholiasta
723 1876 817 1966 (165)
841 1904 870 1943 6.
895 1885 1028 1961 736666.
1054 1879 1159 1960 ‘disce,
1185 1903 1240 1943 666
1265 1886 1310 1944 in·

161 1974 273 2050 uideas,
296 1973 376 2051 quod
398 1975 496 2034 multa
517 1972 618 2035 fidelia
639 1976 726 2051 putet
747 1973 780 2032 in
806 1974 955 2050 locuplete
982 1992 1062 2050 penu
1089 1972 1218 2034 defensis
1245 1973 1311 2051 pin·

162 2064 269 2144 guibns
291 2062 426 2138 Vmbris,
454 2066 485 2123 66
511 2064 597 2142 piper
629 2066 660 2123 et
691 2082 815 2141 pernae,
846 2063 939 2123 Marsi
970 2065 1163 2123 monumenta
1195 2063 1311 2123 cbentis

162 2171 327 2229 maenaque
355 2151 435 2231 quod
460 2153 559 2230 prima
586 2153 716 2213 nondum
744 2152 885 2213 defecerit
912 2145 1001 2214 orca’.
1052 2152 1198 2213 Similiter
1223 2153 1311 2213 que-

162 2243 239 2303 nalis
257 2242 317 2302 VII
338 2244 493 2319 119seqq.
517 2238 609 2319 ‘qnod
630 2242 714 2303 uocis
741 2240 892 2319 pretium?
921 2241 1015 2303 siccus
1042 2242 1254 2319 petasunculus
1281 2245 1313 2303 et

162 2351 216 2393 nas
247 2332 441 2409 pelamydum
472 2335 526 2392 aut
555 2335 684 2407 ueteres,
720 2332 893 2392 Maurorum
925 2331 1086 2410 epimenia,
1123 2331 1222 2407 bulbi,
1258 2335 1312 2392 aut

161 2422 266 2482 uinum
296 2420 396 2480 Tiberi
427 2421 597 2492 deuectum,
630 2422 761 2499 quinque
792 2416 947 2499 lagoenae’
980 2424 1011 2481 et
1037 2420 1186 2481 Martialis
1204 2420 1249 2481 IV
1269 2422 1310 2481 46

164 2506 349 2572 ‘Saturnalia
371 2510 497 2572 diuitem
515 2511 668 2571 Sabellum
690 2511 836 2571 fecerunt:
858 2510 965 2571 merito
988 2513 1085 2570 tumet
1103 2510 1239 2570 Sabellus
1258 2529 1312 2570 nec

163 2619 343 2679 quemquam
370 2602 459 2677 putat
486 2619 548 2663 esse
575 2600 788 2679 praedicatque
820 2599 900 2660 inter
931 2598 1096 2661 causidicos
1127 2595 1312 2661 beatiorem':

162 2690 269 2752 deinde
291 2693 504 2751 enumerantur
526 2692 646 2770 singula
668 2689 822 2750 clientium
848 2688 926 2748 dona
953 2691 984 2749 et
1010 2707 1134 2748 munera
1161 2691 1196 2748 ut
1213 2689 1240 2748 X
1259 2690 1311 2748 87.

162 2781 235 2840 1666
254 2779 353 2840 euenit
371 2783 406 2840 ut
425 2775 525 2839 ‘multi
543 2775 613 2840 oibi’
628 2798 692 2841 esse
706 2778 920 2839 causidicorum
934 2795 1040 2838 uxores
1052 2777 1213 2838 tradantur
1230 2778 1313 2856 apud

162 2871 343 2931 Fr0ntcnem
365 2890 394 2946 p.
415 2871 456 2930 33
475 2872 548 2930 extr.
567 2870 604 2929 N.
651 2869 789 2947 Triginta
815 2870 910 2947 igitur
932 2867 1028 2944 pisces
1056 2865 1174 2946 ingenti
1196 2869 1312 2946 magni-

162 2959 267 3020 tudine
294 2978 368 3036 6666
395 2958 460 3036 ipse
487 2977 616 3021 comesse
643 2959 726 3019 nullo
755 2960 845 3035 pacto
870 2959 984 3035 poterit
1015 2956 1154 3017 adferunt
1184 2959 1312 3033 patrono

164 3049 294 3110 officiose
316 3047 453 3109 clientes:
476 3048 544 3109 uide
568 3049 607 3110 ad
624 3049 656 3109 H
674 3068 702 3108 u.
723 3049 773 3110 89.
819 3047 899 3107 Prae
919 3064 951 3108 ae
967 3051 1101 3123 portae,
1129 3049 1165 3106 ut
1186 3046 1312 3125 Pompo·

162 3140 230 3199 nius
254 3131 342 3198 ow
363 3160 392 3216 p.
413 3140 487 3214 370,
507 3141 525 3198 9
551 3134 628 3199 ‘tum
649 3157 722 3216 prae
745 3155 777 3197 se
798 3139 923 3215 portant
945 3135 1154 3198 ascendibilem
1175 3137 1312 3198 semitam

163 3247 253 3306 quam
280 3229 392 3289 scalam
419 3222 566 3289 nocitant’
595 3227 648 3306 qui
673 3229 755 3289 locus
787 3247 806 3287 a
832 3226 976 3287 Muellero
1009 3226 1160 3287 adbibitus
1192 3228 1250 3301 est,
1282 3229 1313 3287 et

162 3318 260 3379 Varro
281 3321 336 3377 sat.
355 3317 487 3396 Menipp.
508 3317 607 3378 362Β
632 3313 720 3378 ‘lecto
744 3318 839 3378 strato
862 3317 1025 3392 matellam,
1051 3315 1212 3392 lucernam,
1235 3319 1312 3376 cete·

162 3426 211 3468 rae
238 3425 286 3467 res
313 3409 377 3467 esui
403 3408 532 3485 usuique
559 3426 632 3484 prae
658 3426 691 3466 se
717 3402 850 3484 portant’
881 3426 969 3483 quem
995 3407 1095 3465 locum
1120 3407 1183 3465 iam
1210 3406 1313 3466 Densa

163 3497 275 3557 attulit.
321 3498 449 3559 6666666
471 3496 621 3557 ablaticus
647 3498 785 3574 sumptus
812 3499 859 3557 est
885 3495 923 3556 ad
950 3494 1176 3556 similitudinem
1204 3494 1312 3556 ablati-

162 3605 269 3646 uorum
299 3586 399 3647 ueluti
430 3588 528 3662 officio
560 3585 660 3648 studio
693 3585 761 3647 odio
793 3587 970 3646 necessitate
1000 3586 1033 3644 ui
1064 3585 1222 3645 uoluntate
1259 3577 1312 3666 (ad

162 3676 232 3736 Her.
251 3675 299 3736 III
319 3678 348 3751 6,
368 3679 406 3735 11
436 3676 505 3736 uide
534 3694 625 3753 supra
650 3674 835 3737 666155.
861 3675 934 3735 158.
970 3673 1070 3734 Plaut.
1089 3673 1165 3734 Rud.
1186 3675 1249 3733 292
1273 3673 1312 3734 ad

163 3757 725 3849 Her.1ve‚13m0d.)1²ncise0no
749 3764 838 3825 datur
855 3763 909 3824 ΑΡ
923 3763 951 3820 V
967 3765 1040 3825 300.
1081 3762 1180 3824 Pisces
1204 3762 1312 3822 61666

163 3855 277 3917 Fucino
300 3857 411 3933 petitos
435 3874 497 3917 esse
517 3855 677 3917 credideris
695 3856 721 3916 si
739 3855 797 3914 666
814 3854 926 3914 referas
944 3855 1047 3913 incert.
1065 3873 1094 3911 6.
1116 3852 1202 3912 1160
1220 3844 1311 3933 (Plin.

163 3948 225 4006 nat.
243 3945 313 4006 hist
331 3945 374 4006 IX
395 3938 465 4028 73),
493 3948 649 4025 praeterea
676 3963 760 4005 arma
787 3943 944 4005 uenatoria
971 3943 1182 4003 enumerantur
1208 3939 1311 4002 incert.

163 4035 298 4096 61315
324 4053 402 4112 quae
432 4036 510 4096 dona
536 4036 610 4095 item
637 4036 707 4113 apte
733 4034 849 4095 tribuas
872 4033 972 4093 Marso
999 4032 1103 4092 clienti
1130 4023 1312 4112 (interprett.
1421 4104 1422 4107 Ἴ

164 4125 203 4184 66
224 4124 297 4184 Hor.
316 4124 440 4184 666661
460 4127 488 4199 1,
508 4115 573 4204 68).

255 4205 338 4274 168.
361 4212 478 4273 Nonius
500 4233 529 4290 p.
550 4214 623 4291 208,
644 4216 684 4273 17
708 4231 744 4272 ex
762 4213 958 4291 grammatico
978 4205 1084 4270 ‘Grues
1103 4229 1209 4290 genere
1228 4209 1313 4269 femi-

164 4302 243 4363 nino.
268 4301 467 4363 ...Lucilius
484 4302 535 4362 lib.
554 4302 617 4363 1111
641 4297 783 4381 “longior
803 4295 989 4360 ...olim''.'
1036 4300 1147 4378 Agitur
1169 4298 1206 4359 de
1232 4298 1312 4375 pisce

165 4391 218 4469 qni
244 4394 276 4452 in
305 4410 378 4453 cena
405 4394 544 4470 apposita
571 4394 714 4453 conuiuas
743 4393 911 4450 commonet
941 4388 1156 4470 magnitudine.
1201 4387 1312 4449 Versus

164 4483 228 4560 ipse
245 4481 320 4543 bene
338 4481 468 4542 traditus
486 4486 544 4543 est:
562 4499 628 4542 cum
646 4482 731 4542 uolat
747 4480 818 4540 olus
835 4478 960 4540 eandem
978 4479 1196 4540 abundantiam
1210 4476 1314 4555 prodit
