3030 5002
221 356 262 421 16
691 354 704 409 1
721 373 748 410 u.
769 359 884 410 11-80.

309 519 367 587 27.
403 525 500 584 Iulius
541 524 716 585 Rufinianus
758 524 795 585 de
835 524 939 603 figuris
980 524 1196 584 sententiarum
1221 526 1260 584 31
1301 517 1368 606 (RL

219 637 248 692 p.
267 616 319 690 46,
336 607 480 695 1Halm.)
509 609 731 691 ‘Epanalepsis,
762 618 902 690 repetitio
930 616 1095 674 sententiae
1122 618 1246 691 propter
1277 615 1369 675 aliam

219 704 415 765 necessariam
443 722 577 777 causam,
604 724 665 764 non
692 708 726 763 ut
755 704 791 764 fit
817 707 849 763 iu
882 703 984 782 figuris
1015 705 1203 764 elocutionis:
1236 707 1279 764 sic
1311 698 1369 786 (ito

219 795 375 863 LDouso,
395 793 446 854 sed
464 795 507 853 ed.
521 785 585 874 pr.)
605 795 685 870 apud
702 794 852 853 Lucilium
871 788 941 854 “nel
960 794 1086 854 concilio
1105 839 1111 852 .
1131 839 1138 851 .
1158 839 1164 852 .
1183 794 1280 870 priore
1300 812 1368 853 con-

220 880 333 944 cilio’'.’
382 882 542 959 Suppleuit
563 883 587 941 Ι.
602 883 712 958 Dousa,
742 887 795 960 qui
816 888 896 943 recte
920 883 1073 943 exordium
1096 885 1260 943 sententiae
1283 885 1368 944 resti·

219 974 324 1048 tuerit,
351 973 451 1032 locum
477 973 534 1031 hoc
559 973 648 1033 modo
678 969 795 1033 ‘uellem
823 973 948 1032 concilio
980 976 1126 1047 uestrum,
1159 973 1238 1049 quod
1268 973 1368 1033 dicitis

221 1063 302 1138 olim,
322 1060 488 1121 Caelicolae
501 1063 612 1131 uellem,
631 1065 762 1137 inquom,
781 1061 984 1121 adffiuissemu
1000 1054 1046 1143 (L.
1061 1061 1222 1122 Muellerus
1236 1062 1263 1121 d.
1277 1081 1301 1121 r.
1315 1053 1369 1123 m?

219 1172 250 1228 p.
269 1143 348 1233 286)
371 1153 471 1228 priore
495 1146 648 1210 Concilio’.
690 1150 898 1211 Lachmannus
922 1154 953 1210 et
975 1149 1008 1209 L.
1026 1151 1187 1211 Muellerus
1210 1171 1238 1209 u.
1260 1153 1300 1210 28
1324 1153 1369 1210 ita

219 1241 415 1318 supplerunt.
431 1286 437 1297 .
453 1285 460 1298 .
475 1235 653 1300 ‘Caelicolae
671 1242 790 1314 factum,
814 1242 926 1310 uellem
948 1240 1138 1301 adfuissemu'
1156 1236 1266 1316 priore’
1287 1233 1372 1323 (conf

219 1329 313 1390 Lucil.
332 1329 382 1388 lib.
402 1329 473 1388 XIV
491 1349 520 1388 ιι.
540 1330 604 1388 468
623 1329 710 1388 XVII
728 1350 757 1389 u.
778 1331 841 1389 542
865 1330 897 1389 Π
914 1350 942 1388 ιι.
964 1331 1019 1389 91:
1038 1328 1071 1388 L.
1090 1330 1252 1390 Muellerus
1270 1330 1289 1388 l.
1309 1348 1331 1390 s.
1344 1349 1367 1390 s.

217 1440 246 1497 p.
267 1412 360 1500 319):
382 1419 438 1478 hoc
460 1420 595 1478 fecenmt
619 1421 742 1494 rectius,
771 1439 861 1495 quam
888 1419 954 1494 ille,
981 1421 1054 1495 quia
1080 1423 1113 1478 oi
1139 1419 1367 1496 monosyllabon

218 1512 352 1585 posuisse
375 1508 523 1567 Lucilium
550 1509 623 1568 locis
646 1529 668 1569 s.
688 1529 709 1569 s.
733 1511 864 1583 constat,
892 1508 929 1568 de
955 1529 975 1567 u
1002 1511 1034 1567 in
1061 1511 1108 1581 fui
1134 1509 1280 1585 producta
1308 1528 1367 1568 non

220 1601 345 1658 constet.
391 1596 552 1666 Quaeritur
574 1598 680 1657 deinde
702 1619 775 1658 num
797 1599 916 1658 concibo
938 1597 1058 1657 <latinus
1082 1617 1120 1658 an
1149 1598 1299 1658 abletiuus
1328 1599 1369 1657 sit

219 1687 381 1746 habendus.
426 1687 572 1745 Datiuum
594 1686 733 1746 Halmius
762 1706 825 1747 esse
852 1688 975 1762 putauit
1002 1689 1056 1762 qui
1083 1706 1151 1747 cum
1179 1687 1368 1747 Fleckeiseno

220 1779 298 1835 hunc
329 1776 427 1835 locum
459 1777 504 1834 ita
535 1779 715 1835 constituere
746 1771 871 1836 ‘Vellem
902 1776 1060 1835 caelicolae
1099 1778 1150 1836 olli
1181 1776 1369 1837 adfuissemu’

219 1866 331 1942 priorei
353 1861 507 1925 (lencilio'.
554 1864 640 1935 Quod
663 1865 791 1926 sirecte
815 1867 971 1926 statuisset
993 1865 1030 1924 de
1053 1864 1170 1939 datiuo,
1193 1865 1269 1924 nihil
1294 1884 1369 1941 opus

220 1958 286 2013 erat
308 1954 536 2030 supplementis:
564 1957 683 2030 poterat
705 1955 806 2014 scribi:
831 1951 947 2015 ‘uellem
970 1955 1095 2014 coneilio
1118 1958 1260 2031 uestrum,
1290 1955 1369 2031 quod

220 2045 333 2116 (licitis,
365 2044 450 2121 olim,
479 2041 645 2103 Caelicolae
673 2045 874 2118 adfuissemu',
906 2046 999 2120 priori
1027 2045 1153 2104 concilio
1180 2040 1368 2123 <inquam>’.

221 2133 279 2193 Sed
303 2134 452 2192 ablatiuus
475 2132 570 2191 multo
593 2136 693 2209 aptior
715 2135 849 2210 profecto
872 2137 918 2193 est
941 2152 1032 2209 quem
1059 2134 1179 2194 datiuus
1208 2136 1297 2194 sicuti
1324 2155 1368 2192 re·

221 2223 298 2282 otius
323 2222 433 2281 dicitur
455 2222 557 2281 adesse
580 2224 612 2281 iu
635 2226 741 2282 senatu
761 2242 852 2300 quem
871 2223 973 2282 adesse
992 2226 1118 2297 senatui,
1141 2243 1237 2299 neque
1256 2223 1283 2283 ei
1301 2226 1372 2283 sunt

221 2311 362 2372 audiendi
385 2313 437 2387 qui
454 2314 556 2384 priore
579 2313 696 2371 concilio
720 2313 857 2371 datiuum
879 2330 942 2372 esse
965 2330 1051 2387 posse
1070 2317 1123 2372 aut
1141 2312 1281 2372 arbitrati
1299 2315 1369 2372 sunt

221 2404 275 2460 aut
298 2401 490 2460 arbitrantur.
528 2400 628 2459 Etiam
647 2405 820 2476 comparato
839 2421 867 2459 u.
888 2403 931 2461 30
951 2396 1087 2461 ‘concilio
1107 2404 1231 2479 antiquo
1250 2404 1368 2478 sapiens

220 2493 268 2549 uir
290 2491 371 2550 solus
391 2486 488 2549 fuisti'
509 2491 675 2549 ablatiuum
693 2491 857 2550 desiderari
874 2491 931 2549 hoo
949 2491 1013 2549 loco
1033 2493 1171 2566 apparet:
1195 2493 1265 2551 conf
1280 2491 1368 2554 indic..

221 2599 345 2659 gramm.
369 2599 391 2640 s.
415 2600 442 2639 u.
467 2580 625 2639 ablatiuus.
650 2611 688 2621 —
710 2582 835 2640 concilio
858 2576 1004 2655 uestrum]
1028 2586 1158 2640 uestrum
1181 2599 1235 2656 pro
1258 2585 1370 2641 aceto:

221 2672 273 2746 qui
295 2690 366 2731 usus
384 2669 527 2746 loquendi
549 2671 581 2728 in
604 2670 660 2729 hoc
683 2669 872 2747 potissimum
894 2671 1070 2746 pronomine
1098 2670 1250 2730 sollemnis
1278 2671 1370 2730 fuisse

220 2759 340 2819 uidetur
363 2760 443 2836 apud
467 2758 649 2819 Ciceronem:
678 2760 747 2818 conf
772 2760 908 2836 exempla
936 2777 954 2816 a
977 2758 1127 2836 Draegero
1155 2762 1270 2834 syntax.
1300 2760 1369 2819 hist.

221 2850 266 2908 ed.
290 2850 341 2908 alt.
361 2849 376 2907 I
399 2869 427 2925 p.
448 2851 510 2907 471
537 2851 685 2926 congesta.
704 2881 749 2890 -
769 2849 848 2925 quod
871 2842 986 2927 dicitis]
1009 2849 1077 2907 iude
1101 2850 1198 2908 elucet
1220 2868 1288 2907 eum
1317 2852 1370 2925 qui

221 2940 355 3015 loquitur
389 2939 473 3013 loqui
508 2941 578 3013 post
614 2939 687 2997 alios
720 2937 803 2997 deos:
840 2937 920 3015 quod
952 2957 1019 2996 cum
1050 2941 1167 2998 constet
1197 2938 1370 3013 Apollinem

220 3027 304 3103 loqui
326 3028 403 3086 libro
421 3026 450 3100 Ι,
477 3030 764 3103 consentaneumque
793 3029 833 3087 sit
859 3026 963 3086 Iouem
990 3026 1124 3087 locutum
1153 3045 1215 3086 esse
1237 3030 1370 3104 primum

221 3117 365 3190 omnium,
393 3117 483 3173 tertio
506 3115 561 3173 deo
585 3134 673 3190 quem
695 3116 937 3176 interlocutorem
959 3117 1053 3175 fuisse
1075 3114 1222 3174 traditum
1244 3121 1290 3176 est
1314 3118 1369 3176 bos

221 3225 323 3265 uersus
346 3204 510 3263 tribuemus
533 3204 681 3279 Neptuno.
728 3205 783 3265 Mle
806 3205 948 3264 nimirum
971 3205 1097 3266 concilio
1119 3208 1151 3263 in
1179 3207 1278 3282 priore
1310 3225 1369 3266 uon

221 3295 325 3353 aderat
348 3294 418 3369 quia
441 3294 544 3370 epulas
567 3293 750 3370 Aethiopum
772 3296 901 3372 petierat
924 3287 1025 3376 (Hom.
1044 3318 1064 3353 α
1084 3295 1124 3353 26
1149 3287 1213 3354 ἔνθ’
1238 3293 1286 3369 ὅγε
1306 3292 1336 3355 τέ
1355 3331 1369 3340 -

220 3404 288 3443 πετο
312 3381 389 3442 δαιτὶ
410 3381 591 3494 παςήμενος·
616 3383 648 3443 οἱ
668 3380 699 3443 δὲ
723 3383 760 3461 δὴ
783 3381 865 3444 ἄλλοι
888 3381 987 3461 Ζηνὸς
1009 3381 1052 3443 ἐνὶ
1076 3382 1246 3463 μεγάροισιν
1261 3377 1367 3462 Ὀλυμ-

220 3472 291 3532 πίου
313 3469 423 3552 ἀθρόοι
448 3465 539 3553 poor)
568 3492 656 3548 quem
683 3474 782 3533 locum
804 3473 971 3542 Quiritibus
998 3477 1072 3549 quot
1099 3473 1137 3532 ad
1164 3472 1244 3531 Liuii
1274 3472 1369 3550 Odys·

220 3563 285 3621 sinn
303 3561 484 3637 uapularant
500 3564 689 3622 notissimum
707 3563 799 3622 fuisse
817 3562 1008 3622 manifestum
1027 3565 1080 3621 est.
1113 3561 1245 3621 Deorum
1263 3564 1368 3639 epulas

221 3651 301 3727 apud
322 3650 485 3727 Aethiopes
508 3652 604 3711 factae
626 3651 776 3713 Lucienus
799 3671 917 3728 quoque
943 3651 1049 3710 irridet
1070 3650 1220 3711 Prometh.
1238 3654 1277 3711 17
1302 3650 1370 3731 περὶ

221 3745 339 3800 θυσιῶν
362 3740 488 3799 2.-28.
516 3741 675 3801 caelicolae
697 3744 716 3800 i.
736 3762 759 3801 e.
786 3739 983 3821 Οὐρανίωνες,
1011 3737 1186 3820 Οὐρανίδαι,
1209 3759 1244 3798 ex
1268 3741 1366 3802 Ennio

221 3832 373 3906 sumptum
396 3822 509 3909 (annul.
529 3823 650 3912 491v).
686 3831 723 3889 In
751 3830 878 3890 Senecae
904 3833 1007 3889 satura
1034 3829 1189 3907 Angustus
1217 3829 1287 3889 deos
1316 3830 1369 3889 ad·

221 3920 355 3996 loquitur
372 3937 404 3993 p.
424 3937 446 3978 c.
471 3911 548 4002 (cap.
571 3914 635 4002 10).

311 4002 369 4069 30.
391 4008 514 4069 Seruius
536 4015 639 4070 amus
659 4013 690 4069 et
709 4009 830 4068 Seruius
849 4008 887 4068 ad
906 4007 1046 4068 Aeneidis
1065 4007 1109 4065 IV
1127 4002 1369 4086 458.‘Ooniugis

222 4100 347 4175 antiqui.
397 4098 461 4157 Aut
491 4100 599 4174 prioris
631 4103 685 4158 aut
715 4100 784 4157 cari.
835 4097 971 4157 Laeuos
1000 4092 1142 4156 “oonctlio
1165 4143 1172 4155 .
1193 4142 1198 4153 .
1220 4144 1225 4154 .
1249 4094 1368 4171 fuisti’'.

222 4190 360 4261 ammons
387 4206 452 4262 erpo
480 4193 521 4248 est
547 4191 597 4263 qui
623 4188 774 4263 praecedit
800 4206 865 4246 cren
892 4189 943 4261 qni
964 4203 1108 4260 praesens
1135 4182 1195 4245 est'.
1242 4185 1287 4245 De
1311 4207 1368 4247 usu

222 4276 361 4337 uocabuli
388 4280 527 4352 antiquus
554 4279 624 4337 conf
644 4276 967 4354 Verg.Aen.H188.
1014 4275 1101 4334 Hunc
1128 4295 1156 4334 u.
1180 4277 1260 4335 reete
1290 4294 1369 4337 com-

221 4367 335 4442 paratis
358 4366 456 4426 uerbis
467 4386 470 4395 ·
474 4370 576 4442 priore
598 4369 717 4427 concibo
738 4360 780 4448 (u.
801 4359 857 4447 28)
881 4364 948 4423 Van
967 4364 1121 4425 Heusdeus
1145 4365 1223 4424 etuti
1247 4367 1313 4425 crit.
1337 4366 1369 4425 in

222 4455 315 4516 Lucil.
335 4476 363 4532 p.
385 4458 447 4516 164
468 4458 507 4516 ad
528 4457 639 4515 librum
657 4456 672 4514 I
694 4455 814 4514 rettulit
837 4473 903 4512 cum
927 4452 1048 4514 Seruius
1076 4456 1215 4528 antiquiss
1242 4455 1370 4531 explicet
