3000 5002
225 363 290 430 352
586 361 682 418 incert.
703 360 760 419 sed.
779 380 806 416 ιι.
828 359 1012 417 1106-1109.

223 535 434 594 Archestratus
473 553 520 609 ap.
554 532 743 592 Athenaeum
765 531 808 591 IX
835 553 863 610 p.
884 532 985 592 384Β
1014 534 1086 613 (58,
1111 526 1285 614 1Brandt.)
1328 531 1381 593 aul

222 618 425 704 Ἀρχέστρατος
452 619 484 683 ἐν
507 626 547 706 τῷ
572 621 790 702 πολυθρυλήτω
818 620 961 700 ποιήματι
988 617 1136 702 <eorm
1164 619 1214 680 aul
1242 632 1381 684 σιτευτοῦ

223 713 314 793 χηνὸς
350 709 426 791 ὁμοῦ
463 710 581 784 σκεύαζε
613 708 731 771 νεοττόν
763 684 853 771 drrrhv
885 708 984 782 ἁπλῶς
1016 709 1066 771 καὶ
1097 710 1182 773 τόνδε
1214 712 1267 771 ubi
1296 718 1380 772 recte
1409 725 1412 731 '

223 802 409 863 Archestrati
451 802 578 862 editores
620 799 751 861 σιτευτόν
795 820 862 861 cum
903 802 950 860 W.
978 801 1141 861 Ribbeckio
1183 802 1379 878 scripserunt

224 893 371 952 Similiter
392 891 528 968 pthisicis
551 891 664 951 mederi
685 891 781 950 tradit
798 890 874 950 Plin.
893 895 954 951 nat.
974 891 1042 951 bist.
1061 890 1192 949 XXVIII
1212 893 1276 951 230
1301 887 1378 952 ‘suis

223 983 352 1043 feminae
374 982 472 1042 herbis
495 984 599 1058 pastae
622 975 772 1041 laridum’.

317 1064 422 1133 1107.
442 1071 578 1131 Donatus
597 1071 635 1129 ad
654 1070 786 1129 Terentii
804 1070 982 1130 Eunuchum
1001 1070 1031 1127 II
1052 1071 1080 1144 3,
1100 1071 1141 1128 45
1157 1090 1185 1146 p.
1201 1070 1378 1132 34311111-

224 1161 287 1221 neri
317 1157 456 1221 ‘Gemens
486 1164 587 1219 autern
619 1160 656 1219 ob
689 1160 862 1218 continuam
893 1160 1007 1219 tussim.
1045 1160 1087 1219 si0
1114 1158 1247 1219 Lucilius
1281 1156 1378 1220 “ante

224 1253 302 1311 fores
326 1254 428 1310 autem
451 1253 483 1310 et
504 1250 630 1310 triclinii
651 1250 758 1309 limina
781 1251 896 1322 quidem
920 1240 1056 1328 (quidam
1075 1250 1140 1308 edit.
1154 1245 1219 1330 pr.)
1240 1250 1378 1325 perditus

224 1343 327 1400 tiresia
350 1342 426 1401 tussi
449 1340 636 1418 grandaeuus
659 1333 844 1416 gemebat''.'
881 1341 959 1413 fores
982 1343 1009 1398 et
1034 1340 1138 1398 limina
1164 1339 1377 1416 hendiadyoin.

225 1430 411 1490 Describitur
433 1431 605 1489 conuiuium
624 1429 788 1488 sordidum:
812 1431 867 1504 qui
884 1430 995 1505 excipit
1013 1430 1154 1488 conuiuas
1174 1428 1378 1504 aduenientes,

224 1539 327 1580 seruus
355 1524 420 1579 erat
447 1539 548 1594 senex,
575 1519 729 1594 deformis,
758 1520 835 1579 tussi
860 1518 1008 1594 perdItus:
1041 1512 1113 1577 ‘iam
1139 1523 1260 1578 mortua
1287 1514 1377 1579 tuasi'

225 1609 310 1669 Lucr.
329 1609 373 1668 IV
395 1611 488 1668 1167.
526 1609 586 1668 Sic.
605 1609 637 1666 in
656 1607 715 1667 Pis.
735 1608 775 1666 67
803 1603 893 1667 ‘serui
915 1606 1062 1668 sordidati
1088 1607 1275 1683 ministrant,
1302 1628 1376 1668 non-

224 1699 300 1758 nulli
333 1700 425 1758 etiam
456 1694 560 1759 senes’.
618 1697 709 1756 Lihro
728 1696 756 1753 V
788 1697 947 1773 adscripsit
973 1696 1181 1756 Lachmannus
1213 1698 1265 1756 ubi
1297 1699 1377 1758 alius

224 1806 326 1848 semus
354 1790 536 1847 memoratur
553 1807 581 1845 u.
603 1788 665 1846 226
691 1787 823 1846 Tiresiae
851 1787 997 1863 aequalis:
1025 1806 1120 1862 neque
1143 1790 1244 1846 tamen
1267 1787 1377 1863 proha-

224 1877 283 1936 bile
308 1880 352 1937 est
372 1879 404 1935 in
423 1877 527 1936 eadem
545 1879 647 1936 satura
667 1877 770 1935 eodem
788 1877 854 1935 Ioco
872 1877 918 1936 bis
937 1876 1049 1936 eisdem
1068 1895 1153 1935 usum
1173 1894 1235 1936 esse
1253 1880 1377 1952 poet-am

224 1968 349 2025 facetiis.
388 1967 485 2037 Quare
508 1986 563 2043 ego
586 1965 656 2024 libri
674 1966 717 2024 VI
740 1984 842 2026 uersus
865 1985 928 2026 esse
946 1965 1121 2025 crediderim
1140 1965 1193 2024 ubi
1210 1968 1377 2026 1111111111

224 2058 347 2117 claudus
379 2055 556 2116 describitur
580 2077 606 2113 ιι.
630 2057 708 2133 249,
740 2056 866 2114 triclinii
898 2059 958 2116 tres
991 2055 1108 2134 grabati
1141 2074 1160 2114 a
1191 2055 1376 2116 Deucalione

223 2146 352 2205 restibus
374 2145 451 2205 tenti
469 2165 497 2204 u.
518 2146 596 2205 251:
625 2147 694 2204 ante
717 2164 806 2222 quem
824 2166 852 2204 u.
871 2145 1002 2222 positum
1025 2146 1117 2204 luisse
1140 2146 1196 2204 hoc
1225 2147 1376 2224 fragmen·

224 2238 290 2295 tum
312 2237 377 2295 iure
400 2236 566 2313 suspiceris.
600 2235 792 2310 yrandacuus
815 2254 831 2294 e
854 2235 1010 2313 tragoedia
1031 2234 1156 2294 Pacuuii
1173 2235 1293 2293 uidetur
1311 2254 1376 2295 esse

228 2327 379 2401 sumptum
403 2325 455 2401 qui
477 2326 590 2400 primus
613 2325 721 2384 dixerit
740 2326 953 2399 pracdaeudus
975 2316 1114 2406 (16211).

317 2406 422 2474 1109.
450 2414 561 2475 Paulus
593 2434 629 2474 er
656 2415 744 2474 Festo
768 2435 796 2491 p.
817 2416 880 2474 312
916 2410 1080 2474 ‘Stlembus
1113 2416 1227 2492 grauis,
1260 2414 1376 2489 tardus,

224 2504 301 2563 sicut
324 2503 456 2564 Lucilius
479 2504 603 2580 pedibus
626 2504 785 2564 stlembum
809 2504 886 2564 dixit
908 2524 1017 2580 equum
1039 2507 1159 2582 pigrum
1182 2506 1213 2564 et
1230 2500 1375 2564 tardum’.

224 2593 329 2654 Festus
352 2614 380 2671 p.
402 2595 481 2668 313,
502 2596 543 2654 10
573 2589 581 2615 ‘
585 2639 809 2653 ........
834 2594 949 2672 grauis,
981 2597 1029 2653 tar
1056 2628 1211 2634 -ffl—
1234 2593 1378 2668 apulidae

224 2704 261 2760 pe
279 2720 438 2727 —mm
458 2703 524 2742 oum
547 2684 625 2742 refer
642 2716 769 2723 -ν
786 2679 823 2741 3.
860 2683 951 2743 Recte
980 2687 1093 2742 ueteres
1121 2682 1248 2744 editores
1278 2684 1378 2744 ueluti

225 2772 369 2848 Corpetus
398 2767 558 2850 ‘Apulidae
585 2772 711 2848 pedibus
738 2769 879 2832 stlembi':
908 2773 985 2832 libro
1004 2772 1050 2831 III
1077 2772 1185 2831 tribuit
1210 2773 1376 2834 Muellerus

224 2863 415 2922 coniunctum
445 2882 512 2922 cum
539 2861 590 2921 lib.
609 2860 653 2920 IV
671 2882 699 2920 ιι.
721 2863 783 2921 163
803 2863 906 2923 Incert.
930 2864 1075 2922 u1207.
1127 2863 1228 2939 Equos
1257 2862 1376 2939 Apulos

224 2956 370 3012 memorat
387 2951 484 3011 Varro
507 2971 561 3012 rer.
580 2954 653 3011 rust.
673 2951 704 3010 H
725 2953 753 3026 7,
773 2953 791 3009 6
813 2947 927 3028 ‘itaque
946 2951 984 3010 ah
1002 2953 1058 3012 hoc
1076 2951 1190 3011 nobiles
1210 2971 1228 3011 a
1245 2955 1376 3030 regioni·

224 3042 278 3101 bns
307 3042 459 3115 dicuntur,
487 3042 518 3099 in
547 3040 672 3101 Graecia
700 3041 864 3100 Thessalici
891 3043 961 3117 equi
980 3060 996 3096 ι
1017 3060 1046 3115 ι,
1075 3040 1180 3117 Apuli,
1211 3041 1249 3101 ab
1277 3042 1377 3103 Rosea

225 3127 363 3190 Roseani'
393 3130 537 3190 Horatius
560 3150 646 3190 serm.
664 3130 680 3187 Ι
700 3131 729 3205 6,
748 3131 790 3190 59
822 3127 945 3190 ‘circum
972 3150 1020 3190 me
1049 3130 1226 3191 Satureiano
1259 3133 1377 3191 uectari

224 3239 294 3279 rura
317 3214 444 3280 caballo’
471 3220 524 3279 ubi
546 3219 713 3297 Porphyrio
737 3215 921 3280 ‘Satureiani
948 3222 1066 3280 nomine
1094 3221 1179 3280 fundi
1205 3222 1237 3279 in
1260 3220 1377 3297 Apulia

224 3311 285 3371 illis
308 3309 491 3387 temporibus
514 3312 606 3370 fuisse
629 3310 768 3369 dicuntur
786 3312 859 3370 satis
879 3311 973 3386 ampli
992 3330 1026 3370 ac
1044 3309 1159 3370 nobiles
1174 3358 1180 3369 .
1196 3356 1202 3369 .
1219 3358 1224 3369 .
1239 3310 1376 3387 Apulum

226 3402 325 3459 autem
349 3419 459 3474 equum
482 3419 536 3475 pro
560 3400 672 3476 optimo
696 3401 800 3476 utique
824 3400 956 3477 accipere
979 3395 1138 3460 debemus'.
1184 3399 1376 3460 Vocabulum

224 3489 361 3549 sumbus
385 3488 465 3565 quod
488 3489 609 3547 uidetur
636 3507 671 3546 er
699 3507 863 3566 agasonum
889 3490 994 3567 lingua
1021 3508 1082 3550 esse
1110 3493 1263 3565 sumptum
1290 3490 1374 3550 solus

224 3580 358 3638 seruauIt
389 3578 522 3638 Lucilius
553 3579 598 3635 rei
629 3580 774 3653 equestris
812 3579 1056 3639 studIosissimus.
1106 3578 1249 3639 Horatius
1268 3579 1288 3637 I.
1307 3598 1331 3639 s.
1351 3597 1374 3639 1.

225 3687 292 3728 cum
319 3669 401 3727 dicat
418 3688 446 3726 u.
467 3669 600 3742 bliseqq.
629 3661 798 3745 ‘singultim
825 3687 923 3746 pauca
950 3669 1066 3728 Iocutus
1087 3687 1215 3727 ...non
1242 3687 1297 3745 ego
1326 3689 1375 3728 me

224 3759 304 3817 claro
328 3759 432 3816 natum
455 3760 554 3832 patre,
583 3775 641 3815 non
664 3774 719 3835 ogo
747 3760 858 3817 circum
885 3778 931 3817 mo
956 3758 1132 3818 Satureiano
1160 3760 1274 3817 uectari
1300 3778 1375 3817 rura

225 3847 340 3907 caballo
367 3846 420 3906 sed
443 3847 521 3924 quod
545 3865 626 3906 eram
650 3840 750 3905 narro'
773 3851 803 3907 et
826 3846 933 3907 Lucilii
957 3848 1060 3906 diuitis
1088 3849 1172 3906 cuius
1199 3848 1278 3907 infra
1305 3866 1375 3908 cen-

225 3956 290 3997 sum
314 3956 376 3996 sese
400 3955 462 3996 esse
485 3938 598 3996 fatetur
615 3936 646 3994 11
667 3940 695 4013 1,
716 3938 756 3996 75
781 3940 811 3995 11
834 3956 937 3997 uersus
961 3938 1042 3996 illius
1066 3936 1186 3996 uidetur
1202 3939 1375 3998 meminisse

226 4027 308 4085 cuius
326 4026 573 4103 hepthernimeres
588 4025 607 4085 1.
626 4044 648 4085 s.
668 4028 789 4086 seruata
807 4029 864 4086 est:
884 4027 1011 4103 denique
1030 4027 1172 4086 Horatius
1191 4027 1376 4087 adiectiuum

224 4115 343 4190 Apulus
360 4115 489 4175 euitauit
507 4117 568 4176 clia
584 4117 701 4176 ratione
721 4119 810 4191 atque
828 4115 969 4177 Lucilius.
1002 4115 1059 4185 Qui
1078 4116 1226 4193 Apulidae
1244 4118 1376 4176 formam

224 4209 259 4263 ut
273 4204 499 4264 Tusculidarum
518 4204 656 4265 adhibuit
673 4205 776 4264 incert.
790 4226 817 4263 u.
836 4208 920 4266 1259
941 4209 1081 4266 creticam
1094 4207 1227 4284 genetiui
1244 4207 1376 4267 formam

225 4297 259 4353 ut
299 4296 441 4354 euitaret:
481 4298 526 4355 ita
567 4294 725 4355 Prusiades
763 4287 863 4375 (Varr.
892 4298 947 4355 sat.
976 4295 1106 4372 Menipp.
1131 4287 1210 4376 407)
1246 4296 1377 4372 Ennius,

226 4383 380 4460 Scipiadas
407 4383 539 4445 Lucilius
559 4385 662 4444 incert.
681 4406 710 4444 u.
731 4386 830 4460 1139,
862 4384 1059 4444 Memmiadae
1087 4388 1188 4445 nostro
1215 4385 1376 4447 Lucretius

224 4472 314 4550 126,
338 4471 488 4535 Stoicidae
513 4475 614 4535 quen.
629 4475 659 4533 II
675 4476 727 4549 65,
760 4474 936 4535 Romulidae
964 4473 1029 4533 alii:
1053 4474 1125 4533 conf
1147 4474 1239 4533 dubia
1265 4476 1375 4556 fragm.
