3000 5002
209 339 275 403 348
445 339 522 393 XXX
539 357 565 392 u.
588 344 770 394 rosa-1098.
805 339 902 392 incest.
922 337 979 392 scd.
999 355 1026 391 u.
1047 342 1125 391 1099.

209 509 367 570 Luciliana
393 528 456 570 esse
484 509 652 569 uoluerunt.
701 508 783 567 Malo
810 510 911 566 tamen
939 509 1019 566 stare
1047 505 1084 566 ab
1111 506 1233 565 illorum
1265 509 1364 584 parte,

208 600 275 660 ideo
299 600 379 676 quod
401 601 446 659 ita
468 599 659 659 librariorum
686 597 826 656 mendum
854 598 972 657 facilius
1000 597 1178 672 explicatur,
1206 595 1287 670 quod
1313 597 1363 654 in·

208 693 292 770 teger
319 690 427 749 herous
454 689 511 749 hac
538 691 654 748 ratione
681 687 823 761 efficitur,
851 686 930 763 quod
953 685 1102 745 Lucilium
1129 684 1231 744 Plauti
1257 686 1364 745 imita-

208 783 305 839 torem
334 798 398 839 esse
429 782 560 852 constat,
592 777 673 853 quod
703 777 828 837 eundem
856 776 958 835 Plauti
989 776 1088 835 locum
1118 776 1207 834 initio
1239 773 1363 834 fabulae

210 869 342 946 positum
373 870 512 928 imitatur
543 867 646 928 Cicero
674 868 760 943 epist.
784 867 823 926 ad
844 865 1073 940 Brut.118‚4
1107 860 1172 941 ‘qui
1203 864 1363 941 splendore

208 960 280 1019 falsi
306 959 426 1018 honoris
454 957 570 1017 obiecto
599 959 692 1016 aciem
719 956 791 1016 boni
819 957 932 1035 ingenii
959 956 1141 1033 praestringi
1171 973 1257 1031 posse
1290 973 1362 1013 con·

208 1043 326 1123 fidunt’,
350 1049 478 1125 denique
501 1046 580 1124 quod
603 1066 690 1125 aegre
713 1046 798 1105 aliud
821 1046 970 1106 obiectum
992 1045 1092 1121 potuit
1114 1043 1247 1104 Lucilius
1266 1062 1362 1120 appo-

210 1159 278 1199 nere
302 1141 393 1214 atque
415 1137 492 1196 illud
517 1133 682 1198 ‘oculorum
708 1131 823 1195 aciem'.

300 1219 406 1288 1095.
430 1228 546 1286 Nonius
568 1247 597 1304 p.
618 1227 669 1300 33,
688 1227 706 1283 2
733 1220 883 1285 ‘Inuolare
906 1227 951 1284 est
968 1224 1095 1297 inruere,
1116 1223 1245 1299 insilire3
1268 1227 1322 1282 aut
1341 1242 1362 1283 a

207 1318 312 1378 uolatu
344 1320 398 1376 aut
431 1336 449 1375 a
483 1317 565 1390 nola,
597 1315 628 1374 id
660 1319 706 1375 est
736 1314 835 1374 media
864 1332 969 1388 manu,
1001 1313 1121 1373 dictum.
1146 1312 1361 1373 ...Lucilius

209 1407 261 1466 lib.
280 1406 362 1464 XXX
391 1402 484 1465 “inde
512 1407 618 1465 canino
648 1407 704 1464 rito
736 1398 823 1484 (olim
854 1404 992 1479 impressi
1023 1393 1097 1484 rite)
1127 1401 1281 1478 oculisque
1312 1405 1360 1460 in-

208 1490 353 1556 uolem”.'
399 1497 504 1554 canino
527 1498 587 1555 rito
610 1494 756 1570 estquod
780 1493 940 1570 Sophocles
963 1496 994 1552 et
1016 1492 1232 1570 Aristophanes
1254 1492 1361 1551 dicunt

208 1584 349 1663 κυνηδόν.
397 1585 438 1644 ut
459 1585 639 1644 uocabulum
662 1585 789 1643 inecclem
811 1586 842 1642 et
864 1583 992 1642 formam
1015 1583 1199 1643 coniunctiui
1221 1583 1318 1658 ipsam
1343 1601 1361 1641 e

208 1675 361 1735 comoedia
384 1676 511 1751 sumpsit
538 1677 640 1751 poeta:
668 1672 766 1732 Plaut.
785 1673 873 1732 Most.
894 1674 957 1732 203
987 1667 1051 1730 ‘uix
1078 1671 1257 1747 comprimor
1285 1673 1361 1747 quin

206 1765 337 1824 inuelem
355 1763 403 1823 illi
420 1765 453 1822 in
471 1764 572 1823 oculos
590 1757 794 1822 stimulatrici'
818 1763 934 1821 Terent
953 1761 1028 1820 Eun.
1049 1763 1112 1821 859
1137 1755 1200 1819 ‘uix
1223 1780 1270 1820 me
1290 1778 1360 1820 con-

207 1855 289 1913 tineo
313 1855 385 1930 quin
407 1853 540 1912 iuuolem
561 1854 594 1910 iu
617 1852 760 1928 capillum
782 1847 926 1912 monstro'
953 1853 1015 1910 647
1039 1846 1103 1926 ‘qui
1126 1869 1203 1910 nunc
1226 1850 1361 1909 aidetur

207 1943 283 2002 mihi
314 1946 349 2001 ut
381 1961 436 2018 ego
468 1942 616 2019 unguibus
649 1941 738 2001 facile
769 1942 817 2000 illi
848 1944 880 2000 in
912 1940 1013 2000 oculos
1045 1940 1176 1999 inuelem
1204 1935 1359 2000 uenefico'.

208 2032 369 2091 Muellerus
392 2031 528 2108 Lipsium
551 2034 581 2090 et
605 2030 765 2106 (lorpetum
792 2034 909 2091 secutus
938 2030 1043 2090 scribit
1071 2025 1151 2088 ‘inde
1178 2031 1285 2090 canino
1313 2033 1360 2088 ori

208 2124 235 2180 si
257 2121 318 2180 ritu
341 2122 494 2197 oculisque
515 2116 657 2181 inuolem'
678 2140 806 2196 quocum
823 2120 860 2179 de
878 2119 1084 2197 supplemento
1104 2121 1270 2180 consentias
1289 2138 1360 2179 con-

208 2212 306 2270 ferens
334 2210 454 2269 Sueton.
474 2209 568 2289 Oalig.
589 2212 713 2270 251111.
748 2206 794 2269 ‘ut
823 2211 941 2270 infestis
973 2210 1077 2287 digitis
1109 2229 1163 2269 ora
1194 2210 1225 2268 et
1255 2210 1360 2269 oculos

208 2300 298 2360 simul
312 2299 480 2359 ludentium
493 2348 499 2358 .
511 2349 516 2360 .
528 2294 719 2361 incesserit.
742 2299 849 2377 Itaque
863 2301 1042 2359 sententiam
1057 2299 1095 2359 ad
1109 2300 1290 2359 comicorum
1303 2299 1361 2357 illa

208 2390 344 2467 exempla
366 2392 531 2450 constituas
554 2391 609 2449 hoe
632 2392 693 2450 fere
715 2388 803 2449 modo
828 2385 890 2447 ‘uix
913 2391 1102 2465 comprimor,
1124 2388 1256 2464 inquam,
1285 2388 1359 2464 quin

208 2480 283 2539 furis
306 2481 382 2539 facie
405 2479 474 2539 inde
498 2482 604 2540 canino
627 2482 688 2539 ritu
711 2480 863 2555 oculisque
885 2474 1038 2538 inuelem’.

300 2562 406 2630 1097.
430 2570 545 2629 Nonius
568 2589 596 2646 p.
617 2570 690 2641 343,
710 2571 728 2628 9
755 2564 849 2628 ‘Mitis
872 2572 918 2629 est
939 2568 1121 2643 tranquillus
1144 2570 1174 2627 et
1201 2568 1285 2626 lenis.
1306 2614 1359 2626 ...

207 2657 341 2719 Lucilius
363 2659 414 2717 lib.
434 2659 516 2718 XXX
541 2654 590 2717 “ct
612 2658 688 2718 illud
712 2678 829 2735 quoque
856 2660 928 2717 mite
956 2658 1070 2717 malum
1096 2657 1239 2716 blandum
1266 2660 1359 2735 atque
1393 2721 1404 2740 .

208 2742 390 2808 dolosum”.'
432 2748 541 2827 Agitur
564 2747 600 2806 de
623 2749 757 2807 mulieris
779 2749 908 2826 ing'enio.
950 2748 1019 2807 Non
1042 2747 1249 2807 tantummodo
1273 2747 1359 2807 ferox

207 2838 341 2897 mulieris
365 2837 518 2916 ingenium
541 2841 572 2897 et
595 2841 752 2897 contumax
776 2841 806 2897 et
828 2838 996 2916 litigiosum
1017 2837 1176 2896 molestum
1200 2840 1257 2897 est:
1280 2837 1360 2896 illud

208 2945 326 3004 quoque
349 2929 421 2986 mite
445 2929 490 2986 est
512 2927 625 2986 malurn
647 2927 792 2986 blandum
814 2930 844 2986 et
867 2925 1016 3001 dolosum,
1044 2927 1238 3002 quodetiam
1261 2928 1359 3005 magis

208 3017 374 3078 cauendum
394 3018 446 3076 est.
479 3017 558 3075 Nam
576 3017 679 3076 mitem
700 3019 730 3076 et
747 3016 844 3075 lenem
864 3017 934 3075 dum
953 3016 1076 3076 simulat
1096 3017 1238 3088 animum,
1261 3015 1358 3075 malas

206 3125 253 3166 res
277 3109 330 3165 aut
352 3105 541 3165 machinatur
565 3109 618 3165 aut
640 3105 789 3166 malarum
806 3125 905 3165 rerum
924 3107 1043 3166 conscia
1060 3107 1184 3183 peccata
1201 3123 1255 3164 sua
1273 3107 1360 3181 eupit

207 3194 353 3272 obtegere.
391 3199 432 3254 cst
448 3194 471 3253 Ι.
486 3195 596 3255 Dousa.

299 3276 406 3345 1098.
438 3285 553 3345 Nouius
583 3287 744 3361 p.180‚3
778 3280 946 3358 ‘Temnere‚
978 3287 1172 3345 contemnere.
1222 3283 1358 3345 Lucilius

207 3372 258 3430 lib.
278 3373 359 3432 XXX
383 3369 545 3450 “quodque
566 3377 767 3434 ...temnere
790 3367 994 3450 superbum’'.’
1035 3378 1145 3433 temere
1169 3375 1197 3433 L
1215 3393 1253 3432 m.
1275 3377 1303 3447 1,
1326 3377 1358 3433 te

207 3465 352 3539 tempsere
376 3465 496 3540 superbi
513 3465 540 3522 Ι.
556 3465 668 3523 Dcuso.
706 3469 827 3539 quotque
844 3464 939 3524 edidit
956 3463 1124 3539 Lindsayus
1145 3464 1235 3538 solus,
1258 3482 1358 3523 errore

208 3555 242 3610 ut
268 3552 400 3612 uidetur:
428 3555 558 3628 quodque
585 3571 688 3614 uersus
714 3555 802 3613 initio
830 3555 962 3630 positum
988 3555 1023 3612 ut
1047 3553 1097 3613 lib.
1117 3553 1216 3611 XXVI
1234 3573 1262 3612 u.
1283 3553 1357 3612 626.

424 3855 670 3929 ΙΝΟΕΒΤΑΕ
700 3854 832 3929 SEDIS
859 3854 1132 3940 RELIQUIAE.

299 3991 405 4061 1099.
437 3999 622 4060 Glossarium
650 4000 958 4077 (0111111151
988 3994 1137 4061 ‘eoactum
1164 3996 1285 4059 άκανθα
1315 3996 1356 4072 ὡς

207 4088 369 4160 Λουκίλιος
397 4081 571 4171 (λονκιανός
599 4083 679 4159 codl’
712 4095 824 4150 coctum
847 4089 1010 4151 Vulcanius
1035 4090 1114 4167 quod
1137 4089 1376 4172 commendauit·

207 4176 372 4239 Salmasius
395 4178 434 4238 ad
457 4179 580 4239 Tertull.
600 4180 636 4240 de
655 4181 725 4257 pall.
745 4199 808 4255 cap.
827 4179 940 4239 lIextr.
959 4200 988 4256 p.
1010 4181 1072 4239 123
1093 4175 1256 4239 ‘eradicato
1274 4181 1356 4238 omni

207 4268 326 4326 aconito
349 4269 525 4328 hostilitatis
549 4272 580 4328 et
602 4273 685 4329 cacto
710 4262 827 4350 (coacto
850 4260 939 4351 codd)
964 4272 994 4328 et
1016 4269 1090 4329 rubo
1109 4269 1250 4329 subdolae
1268 4268 1355 4327 fami-

207 4355 350 4415 liaritatis
365 4355 528 4418 conuulso’.
552 4359 718 4435 Hesychius
733 4357 910 4430 ο.1.κάκνος
923 4354 1353 4436 άκανθα,1111ο1.Τ1ιοοοτ.Χ4

208 4436 328 4527 (κάκτος
350 4439 453 4528 ἔτυψε)
477 4447 582 4519 κάκτος
605 4444 637 4508 δὲ
659 4440 738 4521 εἶδος
758 4444 907 4527 άκάνθης,
929 4449 1103 4509 testimonia
1121 4448 1157 4508 de
1175 4447 1231 4508 hac
1249 4447 1355 4524 planta
