3000 5002
565 377 663 432 ineam.
683 376 740 430 eeu.
760 395 787 429 u.
809 380 992 430 isos-1³0⁷.
1230 374 1296 439 415

144 547 284 623 suppleas
307 545 403 606 ueluti
422 541 506 607 ‘licet
523 546 692 607 coracinum
712 563 827 606 sumere
845 547 876 605 te
895 548 985 620 atque
1007 543 1107 605 amian
1125 542 1296 603 stomachus

146 637 173 695 si
196 631 318 696 firmus’.
709 640 711 643 ’

236 716 342 786 1005.
371 723 473 784 (licere
496 744 542 802 ep.
565 724 604 784 ad
630 723 767 784 Atticum
789 723 863 783 XIII
883 725 974 799 21,3
1008 718 1082 782 ‘Nec
1114 726 1159 783 est
1191 721 1297 782 melius

145 816 307 891 quicquam
330 832 420 889 quam
448 816 483 874 ut
505 814 652 874 Lucretius
675 806 825 896 (Lucilius
852 804 1036 894 Malaspina)
1067 807 1296 871 “sustineas

145 899 340 980 equosque''.'
369 903 460 964 Acad
470 904 559 980 prior.
569 902 601 962 H
616 905 667 978 29,
683 905 724 962 94
741 898 837 962 ‘Nihil
850 922 898 961 me
912 901 1014 975 laedit,
1027 901 1135 977 inquit,
1149 919 1204 979 ego
1219 900 1296 960 eninr

145 999 179 1052 ut
198 995 330 1072 agitator
352 992 478 1054 callidus
500 992 693 1069 priusquam
712 992 750 1052 ad
768 991 857 1051 finem
876 992 1006 1066 ueniam,
1023 1009 1115 1067 equos
1136 987 1297 1064 sustinebo,

145 1101 240 1159 eoque
262 1084 368 1161 magis,
391 1083 417 1143 si
438 1083 521 1142 locus
544 1082 579 1158 is,
601 1101 660 1158 quo
684 1083 817 1142 ferentur
840 1083 919 1157 equi,
936 1098 1077 1157 praeceps
1096 1075 1174 1138 erit'.
1215 1077 1298 1138 Lael.

148 1174 202 1248 17,
222 1173 262 1231 63
293 1167 359 1231 ‘Est
390 1173 485 1250 igitur
512 1171 667 1248 prudentis
695 1171 841 1231 sustinere
869 1173 903 1229 11
932 1188 1065 1244 cursum,
1088 1170 1130 1229 sic
1152 1170 1298 1244 impetum

146 1260 375 1337 beniuolentiae,
394 1280 452 1337 quo
471 1263 594 1320 utamur
612 1260 697 1337 quasi
716 1261 801 1337 equis
825 1261 994 1335 temptatis,
1018 1258 1060 1319 sic
1083 1259 1239 1332 amicitiis,
1263 1276 1297 1316 ex

146 1350 250 1427 aliqua
272 1353 358 1426 parte
381 1350 559 1427 periclitatis
581 1350 713 1410 moribus
741 1344 925 1409 amicorum'.
971 1350 1118 1408 sustinere
1146 1350 1191 1407 est
1218 1346 1296 1423 quod

147 1458 193 1516 ap.
212 1439 300 1498 Hom.
324 1441 360 1499 Ψ
375 1441 437 1499 321
463 1439 575 1499 dicitur
595 1438 750 1519 κατίσχειν.

237 1520 344 1589 1806.
377 1529 491 1588 Nonius
524 1548 559 1589 ex
591 1529 788 1608 grammatico
820 1548 848 1604 p.
869 1528 991 1602 229,2
1023 1521 1151 1602 ‘Torpor
1182 1527 1298 1604 generis

145 1617 310 1679 masculini.
344 1618 515 1679 Lueretius:
534 1613 660 1678 “tantus
679 1617 860 1678 conduxerat
876 1617 977 1676 omnia
990 1611 1139 1692 torpor”.’
1176 1614 1298 1675 Lacuna

145 1709 178 1766 in
200 1707 276 1768 codd
298 1706 430 1767 Lucretii
453 1708 534 1768 facta
556 1709 696 1769 haustum
719 1726 782 1768 esse
804 1707 883 1766 hunc
906 1725 1025 1765 nemum
1047 1706 1137 1765 multi
1155 1704 1295 1781 suspicati

145 1800 215 1857 sunt
251 1796 320 1858 inde
356 1795 394 1856 ab
429 1796 620 1857 Lachmanno
658 1789 828 1877 (comment.
854 1797 887 1855 in
919 1794 1034 1855 Lucret.
1062 1814 1091 1872 p.
1112 1795 1175 1855 399
1202 1785 1297 1874 1111).

145 1887 258 1946 Tamen
290 1904 357 1947 cum
389 1890 488 1962 torpor
519 1905 626 1947 nomen
658 1886 738 1963 apud
765 1886 862 1946 solum
889 1883 1039 1944 Lucilium
1072 1884 1243 1943 inueniatur
1272 1884 1297 1941 si

145 1979 259 2037 1111111
283 1979 397 2053 spectes
421 1975 579 2054 scriptores
603 1970 760 2058 (libitu.
781 1968 870 2057 391),
893 1974 968 2034 nihil
999 1972 1184 2050 probabilius
1207 1991 1298 2051 quam

146 2065 254 2125 Lucilii
273 2084 379 2125 nornen
401 2066 602 2142 reponendum
622 2083 684 2126 esse
702 2065 782 2142 quod
800 2067 879 2125 recte
897 2064 1031 2140 reposuit
1050 2063 1184 2122 Rothius.
1200 2061 1297 2121 Plaut.

146 2153 305 2215 1111215
331 2150 429 2231 ‘algor
455 2174 537 2214 error
566 2173 661 2232 pauor
682 2174 730 2214 me
753 2156 854 2213 omnia
876 2148 990 2213 tenent'
1014 2152 1066 2211 ubi
1089 2154 1191 2211 omnia
1214 2170 1298 2211 accu-

146 2242 261 2303 satiuus
284 2247 329 2304 131
352 2244 453 2319 petius
476 2263 567 2319 quam
589 2245 800 2303 nominatiuus.

238 2323 344 2392 1307.
367 2332 473 2392 Festus
496 2353 523 2409 p.
540 2334 614 2406 363,
634 2335 672 2392 21
700 2328 881 2407 ‘Tappulam
903 2332 1001 2410 legem
1023 2331 1209 2389 conuiualem
1228 2329 1298 2389 ficto

146 2421 265 2481 nomine
279 2421 455 2497 conscripsit
468 2423 566 2481 iocoso
579 2423 710 2480 carmine
716 2419 855 2480 Valerius
863 2419 1050 2493 Valentinus,
1065 2421 1147 2478 cuius
1163 2420 1299 2478 meminit

145 2509 279 2570 Lucilius
292 2510 349 2570 hoc
362 2510 458 2586 modo,
470 2505 650 2587 “tappulam
660 2510 759 2569 rident
767 2510 864 2588 legem
876 2513 1019 2569 materen
1028 2503 1167 2584 opimi’'.’
1187 2506 1298 2567 Paulus

146 2618 174 2674 p.
191 2600 254 2659 362
275 2594 416 2676 ‘Tapulla
435 2592 586 2681 (Tappulo
606 2598 700 2658 edidit
718 2590 953 2680 Thewrewkius)
977 2596 1058 2658 dicta
1077 2599 1123 2657 est
1141 2597 1187 2656 len
1209 2616 1297 2673 quae·

146 2689 215 2747 dam
243 2688 280 2748 de
308 2684 476 2748 conuiuiis’.
525 2688 655 2767 Egregie
683 2689 761 2748 hunc
789 2707 907 2748 uersum
936 2687 1055 2747 ornauit
1085 2688 1299 2747 commentario

146 2777 343 2838 Buechelerus
357 2778 390 2837 in
404 2777 501 2837 indice
515 2779 633 2838 lection.
647 2779 729 2837 uniu.
744 2777 909 2838 Bonnensis
929 2781 1032 2837 aestat.
1046 2776 1130 2836 1677
1146 2795 1174 2853 p.
1186 2777 1204 2835 5
1217 2795 1297 2852 seqq.

147 2869 199 2943 qui
231 2866 375 2946 Scaligen'
405 2869 550 2927 rationem
584 2871 726 2944 sequatur
756 2867 789 2926 in
821 2868 969 2943 scriptura
1003 2864 1211 2927 constituenda
1242 2865 1299 2924 hoc

146 2956 234 3016 modo
258 2951 439 3034 ‘Tappulam
462 2957 562 3017 rident
583 2958 680 3036 legem
701 2974 861 3034 congerrae
880 2952 1002 3032 Opimi'‚
1025 2956 1045 3014 i.
1060 2975 1084 3014 e.
1104 2973 1298 3033 congerrones

146 3046 210 3105 siue
242 3046 410 3107 conlusores
438 3043 539 3124 Opimi
565 3046 716 3125 Iugurtini
746 3046 840 3121 illius,
872 3045 909 3104 de
937 3064 996 3121 quo
1024 3044 1125 3122 agitur
1152 3043 1228 3103 libro
1256 3043 1298 3102 XI

146 3155 174 3194 u.
194 3136 268 3195 418.
314 3135 426 3195 Tamen
459 3140 601 3196 emerere
632 3136 681 3195 uel
713 3133 810 3194 mate?
841 3135 1028 3213 apographa,
1060 3151 1176 3193 1111111
1205 3132 1300 3193 edidit

146 3223 286 3284 Vrsinus:
310 3228 374 3284 tum
398 3242 553 3300 11191111
575 3224 794 3285 substantiuum
819 3224 903 3283 nulla
925 3228 1060 3283 ueterum
1090 3223 1147 3283 niti
1171 3225 1298 3283 auctori·

147 3317 209 3373 1111
233 3314 297 3374 iure
321 3333 375 3374 suc
399 3315 525 3376 adnotat
547 3315 766 3389 Lachmannus3
787 3332 884 3392 neque
907 3312 990 3373 Festi
1008 3313 1106 3373 locum
1125 3316 1298 3389 corruptum

146 3423 175 3479 p.
192 3405 264 3478 297,
285 3406 326 3463 29
356 3404 435 3481 quod
463 3403 541 3464 idem
567 3408 647 3463 recte
675 3403 749 3464 dicit
776 3402 986 3463 Lachmannus
1015 3403 1092 3462 hanc
1119 3420 1223 3462 uocem
1250 3420 1298 3460 er·

147 3491 278 3552 hibuisse
301 3495 411 3570 poterit
430 3493 626 3554 demonstrari
649 3512 744 3570 neque
764 3494 816 3569 qui
834 3494 931 3552 oritur
948 3492 1047 3551 hiatus
1066 3491 1139 3552 licet
1156 3492 1298 3568 exemplis

146 3583 279 3658 potuerit
301 3585 434 3642 excusari
457 3583 577 3643 aliunde
600 3583 703 3660 petitis
727 3582 872 3661 Scaligeri
901 3580 1120 3642 commendabit
1141 3583 1297 3641 rationem.

148 3668 213 3737 Qua
244 3670 280 3729 de
312 3690 402 3734 causa
433 3691 470 3731 ne
498 3672 659 3733 111111
692 3671 812 3748 quidem
847 3673 1018 3733 coniectura
1053 3672 1191 3747 plausum
1223 3670 1299 3728 feret

148 3751 264 3839 (incest
289 3754 345 3841 46)
379 3763 432 3837 qui
464 3760 599 3821 adhibita
631 3762 729 3840 glossa
762 3758 846 3820 OGL
863 3761 895 3821 H
922 3780 950 3838 p.
969 3761 1045 3834 106,
1064 3761 1104 3818 41
1140 3755 1298 3819 ‘concanae

147 3843 331 3908 odvdsrrsvos’
355 3869 474 3909 uersum
496 3851 594 3909 uoluit
616 3850 725 3910 sanari.
775 3851 841 3928 Ego
873 3851 1021 3926 temptaui
1050 3849 1187 3908 walard:
1218 3847 1298 3924 quod

148 3938 174 3995 si
211 3937 330 4013 scripsit
360 3937 494 3999 Lucilius
531 3940 664 3999 homines
701 3941 801 3998 fatuos
837 3940 882 3998 ita
914 3937 1080 4015 appellauit
1112 3940 1143 3996 et
1174 3937 1298 4014 opimos.

148 4025 292 4086 Varronis
306 4029 337 4086 et
347 4026 447 4086 Verrii
460 4028 644 4108 temporibus
658 4027 829 4088 cantherius
844 4027 1053 4104 appellabatur
1067 4045 1136 4085 ecus
1150 4028 1299 4086 cmtratus

149 4108 250 4197 (Varr.
269 4135 324 4177 rer.
343 4119 416 4177 rust.
438 4120 466 4193 2,
488 4121 515 4193 7,
536 4119 576 4178 15
605 4117 690 4177 Paul.
709 4137 744 4176 er
767 4115 846 4177 Test.
865 4137 893 4194 p.
910 4117 961 4192 46,
981 4108 1030 4196 8),
1054 4115 1134 4191 apud
1156 4115 1298 4175 Plautum

147 4223 202 4281 pro
224 4205 344 4267 homine
370 4207 490 4284 stupido
517 4209 641 4284 ponitur
668 4209 699 4266 et
721 4206 908 4268 somnulenta
930 4205 1007 4264 Men.
1024 4206 1087 4264 395
1114 4201 1203 4264 ‘certe
1225 4205 1299 4264 haec

148 4295 321 4355 cantherino
348 4297 410 4355 ritu
438 4297 546 4356 mulier
572 4300 674 4356 astans
702 4291 842 4356 somniat’
874 4294 1069 4355 0111111307
1105 4289 1298 4371 ‘quamquam

148 4386 234 4444 uetus
254 4384 423 4445 motharius
442 4404 517 4461 sum,
536 4387 715 4460 etiamnunc,
729 4388 764 4444 ut
783 4404 837 4463 ego
856 4386 971 4464 opiner,
989 4383 1146 4443 adhinnire
1160 4385 1299 4461 equolam
1421 4379 1427 4388 ’

147 4492 268 4550 possum
291 4493 346 4554 ego
369 4471 467 4549 hanc',
491 4476 632 4553 Pompon.
654 4478 716 4535 112
743 4471 880 4553 ‘magnus
904 4473 1063 4549 manduco,
1087 4473 1298 4534 camellus
