3060 5010
491 338 496 347 ’
586 358 639 422 ιιι
656 386 683 423 u.
703 368 852 423 eoo-oro.
1232 360 1295 432 189

145 540 175 600 et
197 535 294 619 magis
316 537 446 598 dilucide
464 538 595 599 dixisset.
632 538 677 597 De
697 558 773 615 equo
791 537 920 599 uiatorio
939 537 1073 614 loquitur
1090 540 1188 615 poeta,
1212 539 1295 597 cuius

145 631 362 706 praestantiam
390 630 508 689 extollit
535 631 567 688 in
595 629 684 708 longo
712 629 810 706 spatio
837 628 954 688 itineris
981 627 1171 688 conficiendo.
1217 628 1297 686 Nam

145 719 181 778 de
205 720 320 779 itineris
337 719 433 798 ¹longo
457 720 554 796 spatio
579 719 642 796 ogi,
669 737 728 777 non
752 718 788 776 de
811 720 889 779 circo
913 721 944 777 et
965 717 1046 777 ludis
1069 716 1138 776 inde
1161 721 1297 794 apparet,

146 808 226 885 quod
249 808 331 867 mille
356 827 460 886 passus
484 811 687 868 memorantur
709 811 740 866 et
762 808 821 868 duo
844 808 928 867 milia
946 806 1054 885 quibus
1073 808 1150 866 alter
1168 807 1296 866 alterum

145 899 341 976 superauerit.
387 898 452 975 Ego
475 897 531 957 hoo
556 897 644 957 modo
672 896 764 957 uerba
791 899 972 975 interpretor
1000 892 1089 956 ‘hunc
1117 914 1202 955 ecum
1230 914 1298 955 eous

148 987 327 1065 Campanus,
351 988 403 1063 qui
425 988 475 1047 uel
499 987 576 1046 milli
598 1005 719 1063 passum
743 987 791 1046 uel
815 986 929 1047 duobus
952 986 1073 1046 milibus
1096 986 1184 1046 initio
1212 1004 1298 1063 supe·

147 1078 233 1150 sarit,
267 1079 379 1136 maiore
406 1079 439 1134 in
466 1079 564 1154 spatio
593 1076 722 1151 itineris,
754 1095 846 1152 quam
873 1075 931 1135 duo
959 1079 1029 1136 sunt
1055 1075 1141 1135 milia
1167 1093 1298 1152 passum,

147 1167 230 1227 nullo
252 1170 341 1243 pacto
364 1168 476 1242 poterit
501 1167 585 1242 sequi
612 1184 647 1225 ac
675 1165 809 1226 diuersus
837 1165 988 1226 uidebitur
1014 1167 1072 1240 ire,
1099 1165 1131 1224 id
1158 1169 1204 1225 est
1230 1164 1299 1241 plus

149 1275 238 1333 quam
262 1252 436 1315 remanere’.
482 1256 588 1332 Itaque
610 1256 693 1314 mille
716 1273 837 1332 passum
860 1259 951 1332 atque
978 1255 1037 1315 <luo
1065 1254 1151 1314 milia
1177 1272 1299 1331 passum

147 1346 178 1405 id
202 1347 334 1423 spatium
356 1346 499 1420 indicant,
522 1344 600 1422 qnod
624 1347 692 1404 uiae
715 1347 900 1422 praeceperit
923 1343 1095 1422 Campanus
1117 1344 1178 1420 ille,
1203 1345 1299 1420 prius·

149 1455 238 1512 quam
261 1435 310 1494 hic
332 1454 400 1495 ecus
422 1435 549 1512 incipiat
571 1434 723 1513 progredi:
752 1437 811 1494 alio
835 1434 922 1495 modo
946 1440 1031 1509 σίςιια
1054 1434 1204 1512 particula
1226 1433 1300 1493 bene

148 1525 285 1604 intellegi
308 1526 419 1602 nequit.
458 1526 531 1585 507.
554 1525 656 1583 nullus
677 1529 824 1600 sequetur,
847 1544 906 1584 non
930 1528 1083 1601 sequetur,
1111 1524 1232 1583 minime
1256 1541 1299 1582 se·

150 1618 259 1691 quatur
282 1617 317 1674 ut
339 1633 426 1691 saepe
450 1613 576 1673 Plautus
600 1615 698 1673 nullus
721 1615 806 1673 uenit
828 1608 918 1696 (llud.
941 1606 1028 1694 143).
1050 1645 1088 1654 -
1111 1614 1184 1673 508.
1203 1613 1299 1672 <liuer-

149 1723 198 1764 sus
221 1702 373 1763 uidebitur
391 1698 449 1783 ire]
466 1703 566 1762 Plaut.
585 1703 691 1764 Pseud.
710 1705 773 1763 955
795 1699 840 1762 ‘ut
859 1714 1046 1765 transuersus
1065 1721 1123 1761 non
1142 1720 1301 1779 prouersua

150 1793 229 1853 cedit
251 1793 338 1870 quasi
361 1812 466 1853 cancer
489 1789 586 1868 solet’‚
615 1792 749 1853 diuersus
771 1794 866 1872 igitur
888 1792 966 1853 idem
990 1798 1080 1870 atque
1107 1796 1300 1853 retrouersus.

151 1883 272 1942 Sallust.
296 1883 361 1962 lug.
383 1883 472 1958 25‚6
512 1879 605 1942 ‘metu
641 1885 732 1959 atque
772 1882 897 1943 libidine
937 1883 1073 1943 diuersus
1114 1877 1300 1961 agitabatur'

150 1973 215 2032 Liu.
235 1972 333 2031 XXVI
353 1974 381 2047 5,
403 1976 429 2032 1.
476 1973 520 2032 De
544 1973 738 2050 Hispaniensi
760 1993 836 2049 equo
860 1973 909 2051 agi
933 1971 1088 2050 probabile
1111 1975 1158 2032 est
1180 1974 1303 2049 propter

150 2061 226 2121 illud
269 2061 440 2137 Campanus
476 2064 593 2139 sonipes
630 2080 796 2123 succussor:
838 2062 906 2122 uide
943 2062 982 2121 ad
1012 2063 1065 2124 lib.
1084 2061 1159 2120 VIII
1182 2081 1212 2120 u.
1236 2061 1300 2120 313

152 2151 222 2210 XIV
242 2172 271 2210 u.
291 2153 363 2211 476.

241 2233 325 2301 500.
358 2239 471 2301 Gellius
489 2239 532 2299 IV
555 2242 643 2315 17‚3
673 2236 760 2301 ‘Item
780 2242 835 2301 XV
873 2237 1008 2302 “subicit
1037 2288 1044 2300 .
1069 2286 1075 2299 .
1101 2286 1107 2298 .
1136 2240 1303 2300 suffercitus

152 2326 379 2406 posteriorem”‚
402 2330 512 2389 subicit
534 2350 554 2388 u
577 2331 679 2390 littera
701 2331 793 2410 longa
810 2326 934 2409 legunt’.
973 2330 1115 2390 Subiecta
1133 2332 1164 2390 et
1181 2329 1303 2388 humilis

154 2414 250 2500 [Sem]
270 2417 374 2479 Ootau.
397 2421 468 2480 196.
506 2419 565 2498 Agi
588 2419 625 2478 de
648 2438 734 2480 seruo
754 2423 807 2496 qui
825 2420 1019 2495 posteriorem
1037 2420 1169 2496 corporis
1187 2421 1304 2495 partem

153 2510 192 2568 ad
216 2528 343 2586 poenam
370 2510 475 2570 suffert
501 2508 621 2569 domino
649 2511 748 2569 minus
775 2507 928 2587 probabile
956 2508 1089 2589 uidetur,
1116 2509 1189 2585 quia
1215 2507 1304 2566 homo

153 2601 224 2659 talis
248 2618 306 2658 non
330 2600 407 2659 citus
429 2602 548 2678 tergum
571 2598 674 2658 suffert
701 2597 884 2659 uerberibus:
912 2602 991 2659 recte
1019 2600 1098 2658 enim
1121 2596 1177 2656 Lio
1204 2598 1305 2673 posuit

153 2691 257 2764 surlet
278 2690 352 2749 citus
374 2708 428 2766 pro
451 2691 616 2763 suffercitus
640 2688 719 2765 quod
741 2708 801 2748 non
824 2688 970 2766 explicare
989 2706 1145 2765 possumus
1164 2686 1304 2764 analogia

153 2781 267 2838 formae
296 2781 466 2854 caperottus.
512 2777 557 2838 De
584 2780 708 2854 suffore
737 2778 882 2838 uocabulo
910 2779 982 2838 conf
1002 2776 1102 2837 Plaut.
1123 2775 1219 2836 Oasin.
1240 2777 1304 2836 948

155 2864 366 2944 ‘sufferamque
389 2867 416 2927 ei
439 2887 538 2927 meum
560 2871 678 2946 tergum
706 2867 744 2927 ob
772 2864 925 2927 iniuriam'
949 2866 1038 2927 Poen.
1059 2867 1122 2925 855
1153 2861 1199 2925 ‘ut
1226 2864 1304 2923 enim

154 2958 207 3017 ubi
229 2958 303 3017 mihi
330 2957 536 3036 uapulandum
564 2959 618 3032 sit,
645 2960 679 3016 tu
706 2960 820 3018 corium
847 2952 990 3017 sufferas'.
1037 2955 1164 3015 Videtur
1192 2956 1243 3033 agi
1270 2953 1306 3013 de

156 3067 232 3124 equo
255 3042 407 3119 ὀκλάζοντι
429 3046 592 3124 Hispanico
615 3045 652 3106 de
680 3066 739 3124 quo
763 3047 860 3106 Strab.
879 3047 925 3106 HI
943 3067 971 3124 p.
995 3047 1056 3106 163
1086 3040 1306 3125 δεδιδαγμένων

155 3135 256 3197 ἵππων
292 3131 454 3216 ὀρειβατεῖν
490 3133 539 3197 καί
575 3135 806 3209 κατοκλᾶζεσδαι
842 3135 951 3219 ῥᾳδίως
987 3133 1046 3195 ἀπὸ
1083 3133 1306 3215 προστάγματος

155 3219 321 3308 (Plutarch.
340 3227 457 3306 eoniug.
476 3245 573 3303 praec.
592 3247 620 3303 p.
637 3227 699 3286 139
710 3219 764 3308 B):
784 3222 864 3286 ‘ecus
882 3228 965 3287 iussu
984 3225 1098 3285 domini
1116 3243 1179 3284 sese
1198 3221 1307 3284 subicit

155 3315 225 3376 huic
247 3316 390 3377 humilem
413 3320 444 3376 et
466 3316 569 3376 surore
591 3316 667 3377 citus
689 3318 883 3395 posteriorem
910 3316 1042 3394 eorporis
1064 3317 1185 3392 partem
1213 3331 1304 3391 eques

157 3410 192 3465 ut
214 3402 375 3466 ascendat'.

247 3487 331 3556 510.
355 3495 471 3558 Nonius
490 3516 518 3573 p.
539 3498 613 3571 490,
633 3497 674 3556 23
704 3491 894 3556 ‘Holerorum
926 3514 980 3572 pro
1012 3493 1146 3554 holerum
1173 3492 1306 3552 Lucilius

157 3588 327 3661 satyrarum
344 3585 395 3643 lib.
414 3585 469 3643 XV
490 3580 749 3645 “tintinnabulum
765 3634 770 3646 .
788 3633 793 3644 .
809 3631 815 3644 .
830 3579 1044 3645 holerorum’'.’
1081 3580 1307 3642 [tintinabulum

158 3675 187 3732 L
205 3693 242 3733 m.
264 3679 282 3733 1
303 3677 334 3733 et
353 3673 395 3733 G:
418 3674 489 3734 conf
509 3674 644 3743 Haustus
668 3675 706 3735 ed
729 3675 854 3736 Phaedr.
872 3674 904 3734 11
925 3676 953 3749 7,
972 3676 1001 3733 5.
1046 3671 1198 3746 Surpiereb'
1220 3689 1307 3731 uoca-

158 3762 263 3822 bulum
286 3762 444 3839 pluraliter
465 3763 575 3840 nbique
597 3766 721 3841 ponitur
743 3768 862 3841 praeter
880 3763 994 3824 Colum.
1013 3763 1040 3821 X
1059 3762 1123 3822 305
1144 3754 1210 3842 (ubi
1228 3762 1307 3819 recte

159 3851 235 3912 codd
256 3845 453 3934 meseum)
481 3855 552 3929 quia
580 3853 639 3913 duo
668 3853 766 3914 solent
793 3874 852 3914 uno
879 3856 951 3932 iugo
979 3850 1125 3912 contineri
1152 3849 1309 3925 surpiculi:

159 3941 245 4000 Varr.
264 3961 320 4001 rer.
338 3944 410 4001 rust.
429 3941 461 4000 11
481 3945 509 4017 2,
531 3945 572 4016 10
594 3938 673 4001 ‘cum
691 3944 771 4003 inter
787 3943 861 4003 baec
878 3943 950 4001 bina
968 3941 1043 4016 loca,
1066 3943 1101 4000 ut
1117 3940 1223 4017 iugum
1241 3956 1309 3997 con·

159 4031 237 4090 tinet
259 4031 424 4107 sirpiculos
446 4030 489 4092 sio
512 4031 603 4091 calles
626 4030 762 4108 publicae
785 4033 930 4092 anunm
948 4024 1120 4107 pastiones'.
1157 4027 1309 4104 Surpiculi

161 4119 272 4181 Graece
294 4119 434 4180 dicuntur
451 4121 593 4201 σπυρίδες
616 4140 692 4197 qnae
714 4123 785 4199 iugo
808 4120 888 4198 quod
913 4116 1016 4180 tesso
1043 4117 1215 4195 appellatur
1241 4135 1309 4193 por·

160 4212 278 4270 tantur:
305 4209 437 4287 Alciphr.
457 4210 472 4268 Ι
494 4214 521 4285 1,
541 4213 560 4270 4
584 4214 688 4270 narrat
713 4212 857 4287 piscator:
885 4207 980 4281 εὐθὺς
1007 4197 1062 4268 οὖν
1089 4202 1209 4284 δψῶναι
1235 4210 1309 4285 πλη-

161 4298 243 4380 σίον,
274 4296 324 4360 καί
353 4296 405 4371 τὰς
434 4296 553 4372 δσίλλας
581 4297 732 4379 ἐπωμίδας
763 4297 933 4378 ἀνελόμενοι
965 4296 1014 4358 καί
1045 4294 1098 4369 τὰς
1128 4293 1310 4378 ἑκατέρωθεν

162 4389 309 4472 σπυρίδας
340 4381 548 4469 ἐξαρτήσαντες
579 4381 683 4450 ἄστυδ’
716 4385 874 4471 ἠπείγοντο
906 4388 1004 4450 Plaut.
1028 4386 1115 4464 Gapt,
1134 4387 1199 4446 813
1235 4382 1310 4446 ‘tum

162 4480 323 4556 piscatores
351 4480 402 4557 qui
433 4480 576 4560 praebent
607 4480 718 4558 populo
750 4482 846 4557 pisces
877 4478 1005 4541 foetidos
1037 4478 1089 4554 qui
1121 4476 1312 4536 aduehuntur
