3000 5002
576 364 642 419 dub.
662 383 688 418 u.
710 364 893 420 rare-ura
1247 358 1310 424 437

166 538 257 596 Ennii
280 540 380 596 tamen
403 534 586 612 probabilius
606 537 651 593 est
669 533 821 593 annalium
841 532 909 593 libri
928 532 943 591 Ι
961 534 1052 592 hrisse
1071 550 1173 591 uersus
1191 535 1314 608 propter

167 644 303 685 numeros
330 644 432 684 uersus
461 624 584 684 alterius
616 619 730 684 ‘saxum
759 622 868 683 sudans
896 617 1029 682 nitendo’
1059 640 1135 698 quae
1148 619 1254 681 ‘uerba
1277 639 1313 679 ue

166 721 394 791 transponamus
427 717 528 774 mouet
558 713 650 774 Nonii
682 713 853 774 auctoritas.
905 709 1012 782 Quales
1045 710 1177 770 Lucilius
1210 709 1314 770 derisit

166 823 312 879 numeros,
336 805 411 863 tales
431 804 545 863 Ennius
568 801 706 862 adhibuit
729 794 811 883 (uide
835 801 873 863 ad
895 802 1001 883 incest
1017 821 1045 860 u.
1069 795 1181 879 maol:
1208 818 1313 876 nempe

166 895 263 954 uoluit
293 893 345 952 ille
378 893 523 952 aemulari
555 893 717 952 Homerum
749 894 781 951 in
814 892 998 951 aerumnosis
1028 890 1126 950 herois
1163 887 1313 948 laboribus

167 987 260 1044 metro
293 982 469 1061 effingendis
505 977 643 1062 (Dionys.
661 981 758 1042 Halic.
777 981 813 1041 de
841 1000 934 1058 comp.
954 979 1035 1040 uerb.
1056 980 1098 1039 20
1130 999 1158 1056 p.
1179 979 1221 1039 90
1235 970 1313 1057 VR).

166 1073 271 1150 Itaque
295 1074 430 1132 imitatus
454 1074 498 1131 est
520 1072 653 1131 Lucilius
677 1070 727 1130 lib.
746 1071 828 1130 XXX
851 1070 870 1129 l.
893 1089 915 1130 s.
940 1070 1079 1143 Ennium,
1102 1068 1185 1128 cuius
1203 1071 1234 1127 et
1251 1087 1313 1126 rem

167 1164 320 1222 metricam
340 1164 371 1221 et
388 1162 582 1221 elocutionem
602 1179 745 1240 agnoscas
763 1162 796 1220 in
812 1153 1062 1240 lrilscn(anual.1
1078 1161 1118 1217 14
1129 1151 1181 1238 V),
1199 1157 1314 1216 nitcado

168 1245 280 1329 (annal.
299 1250 355 1311 XV
374 1252 438 1311 404
449 1245 490 1333 V)
515 1251 583 1311 aliis
606 1252 700 1311 ueluti
725 1253 831 1310 uasat

259 1332 364 1402 1377.
399 1339 501 1400 (licere
534 1340 569 1400 de
602 1339 817 1414 diuinlldd,
839 1340 900 1398 133
935 1334 982 1397 ‘ut
1017 1340 1043 1397 si
1079 1338 1147 1415 quie
1183 1337 1314 1397 medicus

169 1433 293 1509 aegroto
315 1431 443 1506 imporat
465 1433 500 1489 ut
518 1432 618 1490 sumat
638 1423 851 1506 “terrigenam
875 1427 1093 1506 herbigradam‚
1116 1426 1314 1504 dorniportcm

168 1521 312 1599 sanguine
335 1514 473 1580 cassam”
499 1521 599 1596 potius
623 1538 712 1595 quam
735 1518 889 1578 hominum
912 1536 993 1577 more
1018 1509 1105 1598 (coni
1120 1516 1237 1575 Patron.
1258 1507 1314 1597 90)

169 1604 346 1668 “cocleam’'
357 1607 474 1667 dicerer.
494 1627 564 1667 uam
574 1608 761 1668 Pacuuianus
771 1607 901 1685 Amphio
912 1602 1119 1683 “Quadrupes
1133 1604 1316 1684 tardigrade,

168 1699 308 1776 agrestis,
340 1698 461 1759 hrunilis
485 1716 603 1774 aspera,
631 1699 729 1775 capite
752 1696 848 1772 breui,
877 1697 990 1756 comice
1014 1696 1160 1773 anguina,
1194 1697 1315 1771 aspectu

168 1789 254 1863 truci,
278 1789 443 1849 eruscerata
466 1788 608 1862 inanima,
631 1805 697 1846 cum
717 1787 841 1846 animali
863 1780 960 1846 sono''
985 1804 1052 1845 cum
1071 1785 1194 1844 dixisset
1213 1783 1314 1843 obscu-

168 1879 243 1952 rius,
271 1880 335 1937 tum
364 1877 459 1936 Attici
489 1874 586 1954 (calici
613 1868 757 1957 Orellius)
784 1875 964 1952 respondent
992 1870 1074 1935 “uon
1107 1875 1316 1952 intellegimus,

169 1967 227 2026 nisi
254 1969 279 2025 si
308 1970 409 2044 aperte
437 1961 580 2026 dixeris”.
631 1966 674 2025 At
700 1965 752 2026 ille
779 1984 839 2026 uno
869 1963 972 2024 uerbo:
1007 1959 1194 2024 “testudo’''
1224 1955 1316 2043 (Tau

169 2056 205 2116 ed
224 2055 270 2115 ΙΙΙ
288 2075 316 2132 p.
337 2057 388 2115 86.
408 2048 511 2137 ssu).
557 2055 682 2115 Versum
715 2056 801 2114 illurn
832 2053 949 2114 Lucilio
977 2054 1084 2113 tribuit
1106 2052 1139 2113 G.
1154 2053 1177 2113 Ι.
1192 2051 1317 2113 Vossius

169 2146 205 2204 de
237 2145 321 2203 uitiis
354 2163 440 2204 serm.
459 2144 474 2203 I
494 2163 557 2221 cap.
579 2146 619 2204 28
640 2137 724 2225 (edit.
744 2144 879 2204 Francos.
902 2144 985 2203 1666
1011 2164 1038 2219 p.
1060 2135 1138 2223 120)
1172 2141 1316 2220 Corpetus

170 2233 239 2293 edit.
259 2253 287 2310 p.
308 2234 371 2292 274
397 2229 487 2292 ‘haud
511 2232 646 2307 absurde,
669 2253 735 2292 cum
759 2233 919 2292 uideantur
941 2251 976 2292 eo
999 2231 1117 2292 irrideri
1145 2231 1317 2292 Pacuuiano

169 2317 234 2383 illa’
258 2325 294 2381 ut
316 2323 361 2381 ait
383 2321 415 2380 L.
430 2322 590 2382 Muellerus
613 2321 683 2382 edit.
702 2342 730 2399 p.
752 2323 824 2381 160.
861 2321 904 2380 st
926 2337 1030 2380 uersus
1057 2321 1107 2380 ille
1127 2321 1202 2380 nihil
1222 2339 1316 2397 neque

170 2411 207 2471 ad
231 2411 394 2471 Pacuuium
418 2431 513 2488 neque
537 2411 576 2471 ad
597 2410 755 2471 Lucilium
798 2411 891 2481 Quem
915 2430 950 2469 ex
974 2409 1086 2470 Graeco
1110 2409 1229 2470 uidetur
1252 2429 1316 2469 uer-

169 2505 241 2562 tisse
271 2501 372 2561 (licere
400 2503 463 2578 ipse
491 2520 558 2560 cum
585 2501 683 2560 simile
711 2502 752 2560 sit
784 2501 923 2578 aenigma
949 2519 996 2576 ap.
1015 2499 1122 2558 Athen.
1142 2498 1173 2558 ΙΙ
1190 2519 1218 2576 p.
1239 2498 1317 2559 aaa

170 2589 363 2670 προβάλλεται
390 2586 422 2650 δὲ
450 2586 507 2649 κᾶν
534 2593 595 2662 τοῖς
621 2589 797 2667 συμποσίοις
824 2588 934 2670 γρίφου
962 2587 1044 2662 τάξιν
1071 2586 1138 2667 ἔχου
1165 2585 1231 2668 περὶ
1259 2595 1317 2648 τῶν

170 2684 294 2759 κοχλιῶν
326 2679 432 2751 οὕτως’
466 2676 621 2759 ὑλογενής,
657 2675 846 2755 ἀνάκανθος,
880 2675 1056 2755 ἀναίματος,
1092 2673 1317 2758 ὑγροκέλευθος.

171 2768 242 2829 (lum
267 2769 324 2829 hoc
346 2788 434 2829 uersu
458 2768 535 2828 alius
559 2770 649 2846 poeta
672 2767 807 2828 confudit
824 2767 947 2828 Hesiodi
970 2786 1089 2827 uersum
1110 2786 1232 2844 operum
1253 2767 1312 2825 571

170 2852 232 2917 ἀλλ’
259 2850 341 2918 ὁπότ’
366 2855 405 2916 dv
428 2853 580 2936 φερέοικος
602 2854 661 2919 ἀπὸ
684 2854 795 2937 χθονὸς
816 2853 858 2935 ἃμ
881 2853 962 2933 φυτὰ
984 2855 1075 2940 βαίνῃ
1098 2855 1176 2916 unde
1203 2854 1316 2915 cicero-

170 2948 216 3007 nis
240 2951 390 3008 auctorem
413 2949 486 3008 haec
516 2949 668 3025 scripsisse
696 2947 825 3007 conicias
853 2943 1009 3026 ὑλογενής,
1038 2941 1205 3025 φερίοικος,
1232 2941 1316 3004 ἀναί-

171 3060 270 3114 ματος,
291 3033 333 3114 ἂμ
356 3034 436 3112 φυτὰ
458 3036 581 3115 βαίνων.

263 3119 367 3187 1378.
391 3127 544 3186 quenalis
563 3126 629 3185 XlV
651 3128 713 3187 205
739 3121 805 3185 ‘illa
827 3129 879 3185 tuo
903 3127 1051 3185 sententia
1074 3143 1189 3201 semper
1211 3125 1243 3183 in
1267 3143 1317 3184 ora

170 3220 304 3276 uersctur
327 3217 373 3275 dis
397 3219 487 3292 atque
509 3218 576 3294 ipso
598 3217 670 3276 Ioue
693 3215 784 3296 digua
806 3217 909 3292 poeta:
937 3209 1039 3274 “uude
1061 3213 1172 3274 habeas
1200 3216 1319 3290 quaerit

171 3325 266 3379 nemo,
289 3306 340 3365 ssd
363 3308 482 3383 oportet
499 3298 640 3366 habere”.
679 3305 735 3364 hoc
757 3306 927 3365 monstrant
949 3304 1069 3364 uetulae
1092 3305 1192 3380 pueris
1215 3322 1317 3380 repen-

172 3395 252 3455 tibus
275 3414 368 3471 assae,
390 3395 447 3455 hoc
469 3394 588 3455 diseunt
606 3413 706 3454 omnes
731 3398 800 3454 ante
823 3393 914 3471 alpha
937 3397 967 3454 et
989 3392 1058 3453 beta
1076 3386 1214 3469 puellae'.
1260 3391 1317 3451 Lu·

171 3485 234 3544 eilii
257 3502 320 3544 esse
339 3503 458 3544 uersum
479 3486 542 3545 207
562 3485 731 3561 suspicatur
749 3482 955 3558 Buechelerus,
978 3482 1111 3543 ciusdem
1128 3485 1235 3560 poetam
1256 3500 1318 3541 esse

171 3575 281 3634 conicit
298 3592 401 3634 uersus
419 3576 568 3651 sequentis
589 3575 651 3635 206
672 3573 867 3651 paraphrasin
887 3591 977 3650 quam
1000 3572 1123 3650 praebet
1144 3570 1317 3632 scholiasta:

172 3660 251 3724 ‘essa
275 3665 374 3722 nutrix
398 3663 509 3723 dieitur
531 3682 607 3740 quae
635 3663 681 3722 lac
709 3683 767 3723 non
796 3665 931 3740 praestat
953 3662 1119 3722 infantibus
1142 3661 1194 3721 sed
1222 3661 1318 3722 solum

171 3753 357 3830 diligentiam
383 3756 414 3812 et
436 3753 614 3812 munditiam
639 3753 760 3813 adhibet
784 3747 904 3829 “<hoc>
928 3752 1077 3811 nutricula
1098 3752 1176 3810 sicca
1200 3753 1319 3809 uetusta

172 3841 336 3901 infantibus
351 3837 543 3901 monstrst”.’
568 3842 612 3900 De
626 3842 680 3900 illo
694 3860 781 3901 uersu
796 3841 901 3902 dubito
914 3860 953 3901 au
967 3842 1068 3917 potius
1082 3839 1138 3899 tali
1152 3859 1187 3899 ex
1201 3839 1318 3899 senario

171 3928 315 3989 deductus
338 3930 379 3989 sit
402 3925 490 3989 ‘uude
514 3930 623 3990 habeas
648 3932 766 4007 quaerit
788 3950 884 4004 nemo,
906 3928 957 3990 sed
981 3928 1088 3989 babere
1111 3921 1259 3988 addecet’:
1283 3926 1319 3985 de

172 4018 227 4078 hoc
250 4037 286 4078 ea
308 4016 344 4078 de
367 4037 456 4078 causa
480 4018 583 4078 dubito
606 4018 685 4095 quod
709 4018 842 4078 Lucilius
868 4018 915 4078 bis
932 4020 1021 4093 pareri
1044 4020 1171 4093 arsames
1193 4016 1244 4075 lib.
1264 4015 1318 4074 XV

171 4125 201 4164 u.
225 4107 288 4165 486
316 4107 387 4166 XIX
410 4128 438 4166 u.
463 4110 525 4168 566
559 4127 618 4168 non
642 4109 783 4182 insontes,
814 4108 868 4167 ubi
895 4106 963 4169 uide
996 4125 1072 4186 quae
1099 4105 1318 4169 adnotauimus.

640 4357 828 4380 ’.ηδ’-ω
835 4367 850 4374 -
