3036 5004
219 339 285 404 346
632 338 707 393 xxx
726 357 753 393 u.
775 345 959 393 rosc-roes.

217 510 358 570 hibuisse.
413 509 549 570 Adnotat
578 509 741 570 Muellerus
778 505 873 569 ‘Maro
911 529 975 570 aen.
994 509 1022 568 X
1041 510 1104 569 802
1143 510 1217 568 bix-it
1252 507 1375 567 Aeneas
1402 509 1405 513 ’

218 603 372 677 tectusque
395 602 479 660 tenet
501 594 553 659 se’.
589 599 746 659 Promittit
768 600 857 676 poeta
880 601 985 677 postea
1008 618 1038 659 se
1062 598 1191 676 amplius
1211 599 1242 658 et
1256 598 1374 658 lortius

218 708 337 749 carmen
359 692 392 748 in
414 689 558 748 honorem
581 707 643 749 esse
667 690 849 766 scripturum
871 690 970 749 amici.

281 833 284 837 .
310 771 416 840 1088.
440 780 556 839 Nonius
579 799 608 855 p.
629 781 680 854 10,
700 781 739 838 21
769 773 864 839 ‘Inlex
892 781 923 838 et
950 779 1033 838 exlex
1061 781 1106 838 est
1133 779 1186 855 qni
1212 779 1276 837 sine
1304 777 1373 856 lege

218 870 304 927 uiuit.
321 915 326 926 .
342 867 519 929 ..Lucilius
533 872 704 945 satyrarum
718 868 992 928 lib.H...Varro
1008 915 1013 927 .
1030 867 1207 927 ..Lucilius
1225 867 1372 926 lib.XXX
1432 904 1436 909 -

219 952 397 1035 “accipiunt
419 958 499 1036 leges
522 959 652 1035 populus
676 958 783 1033 quibus
806 958 922 1037 legibus
945 952 1073 1018 exlex''.’
1110 956 1205 1036 Leges
1223 958 1373 1032 accipiunt

218 1050 264 1107 est
286 1048 401 1108 dictum
423 1052 458 1106 ut
476 1045 536 1107 016.
556 1067 610 1124 pro
630 1046 744 1108 (lornel.
765 1068 811 1126 66.
830 1048 937 1109 Ascon.
956 1069 984 1125 p.
1005 1048 1057 1122 63,
1077 1046 1187 1106 18118
1221 1042 1286 1106 ‘nec
1314 1048 1372 1106 cri·

218 1139 375 1213 minosius‚
402 1137 498 1197 tribus
522 1136 561 1196 ad
587 1137 684 1217 legem
712 1138 917 1216 accipiendam
945 1155 1035 1214 quam
1063 1136 1101 1195 ad
1128 1137 1274 1214 collegam
1302 1135 1373 1195 red-

218 1227 347 1286 dendum
370 1229 524 1304 priuatum
547 1229 627 1287 intro
650 1222 768 1288 uocare’
794 1226 1034 1300 66611ΠῚ30,
1055 1228 1117 1286 109
1138 1222 1302 1286 ‘honestius
1321 1225 1373 1285 hic

219 1337 309 1393 quam
332 1315 365 1385 Q.
380 1317 554 1394 Pompeius,
580 1335 730 1393 quocum
757 1319 790 1376 in
818 1317 921 1376 eadem
949 1334 1040 1376 causa
1067 1318 1156 1391 esset,
1184 1315 1373 1392 deprecante,

219 1410 341 1484 accepta
364 1407 411 1465 lex
434 1426 493 1467 non
517 1401 859 1483 est’adAtt.114‚5
885 1400 932 1467 ‘ut
950 1406 1084 1467 consules
1103 1405 1247 1483 populum
1265 1405 1372 1464 cohor-

218 1499 354 1556 tarentur
372 1496 410 1556 ad
429 1499 617 1576 rogationem
637 1490 861 1574 accipiendam'.
894 1496 1058 1573 Accipiunt
1075 1495 1165 1573 leges,
1183 1513 1257 1571 quas
1275 1495 1372 1573 uulgo

218 1588 277 1663 ipsi
300 1589 486 1646 contemnere
510 1586 634 1646 cottidie
656 1606 687 1646 66
710 1605 797 1663 posse
825 1586 1023 1645 arbitrantur:
1051 1584 1117 1644 Liu.
1136 1585 1179 1644 IX
1199 1586 1249 1658 34,
1269 1586 1289 1642 8
1319 1579 1371 1643 ‘an

218 1676 364 1753 populum
400 1677 509 1751 teneri,
546 1679 576 1734 te
613 1696 705 1735 unum
736 1676 866 1754 exlegem
899 1670 994 1736 esse?’
1035 1675 1131 1734 Varro
1164 1677 1218 1735 sut.
1237 1674 1371 1750 Menipp.

220 1764 321 1825 5078
350 1760 512 1841 ‘postremo
540 1782 665 1840 quaero:
697 1765 816 1842 parebis
843 1765 960 1843 legibus
990 1784 1029 1825 an
1060 1762 1141 1824 non?
1178 1782 1255 1823 anne
1286 1763 1372 1824 exlex

218 1854 299 1915 solus
321 1849 433 1914 uiuisl'

310 1935 416 2004 1089.
444 1943 560 2002 Nonius
583 1963 611 2019 p.
633 1944 771 2018 370,18
806 1938 943 2004 ‘Parcere
974 1947 1020 2005 est
1051 1944 1171 2004 ueniam
1205 1942 1283 2003 dare.

218 2032 352 2093 Lucilius
374 2032 425 2091 lib.
444 2033 527 2092 XXX
551 2028 682 2108 “quanti
705 2052 758 2094 uos
780 2033 895 2094 faciant
912 2035 986 2094 socii
1003 2052 1189 2110 comparuere
1207 2027 1370 2110 possint’'.’

219 2121 404 2183 Sententiam
428 2122 484 2182 hoc
506 2122 594 2183 modo
617 2123 771 2199 suppleas:
800 2119 863 2184 ‘isti
885 2123 1019 2184 homines
1041 2123 1164 2197 uidetis,
1187 2124 1293 2198 quenti
1316 2141 1373 2183 uos

220 2213 348 2285 faciant,
371 2213 457 2287 socii,
481 2233 571 2288 quom
594 2231 716 2288 parcere
738 2214 868 2289 possint,
893 2213 1016 2289 perdere
1039 2232 1093 2272 uos
1116 2207 1253 2272 malunt'.
1299 2214 1373 2271 socie·

221 2302 388 2376 nocuimus,
415 2305 450 2360 ut
473 2303 576 2362 incert.
596 2323 623 2360 u.
645 2303 739 2361 1323.
786 2300 869 2361 (lons.
890 2301 949 2362 016.
968 2302 1053 2361 Verr.
1071 2301 1115 2360 IV
1135 2303 1164 2377 9,
1185 2304 1225 2361 19
1251 2297 1371 2378 ‘quenti

218 2409 244 2450 rs
269 2409 287 2449 6
310 2391 425 2452 ciuibus
447 2393 509 2452 suis
531 2391 625 2465 fieret,
648 2393 755 2469 quanti
778 2393 942 2451 auctoritas
966 2392 1030 2451 eius
1052 2391 1220 2466 haberetur,
1249 2393 1371 2470 ignora·

218 2473 305 2539 bas?'
329 2500 383 2556 pro
407 2480 585 2550 Quinctil
612 2477 760 2561 ‘iugulare
784 2483 881 2540 ciuem
903 2500 940 2541 ne
970 2483 1034 2540 iure
1059 2481 1182 2557 quidem
1210 2483 1371 2557 quisquam

218 2570 314 2630 bonus
335 2571 416 2643 uult,
444 2571 561 2631 mauult
583 2572 809 2631 commemorari
832 2590 876 2646 66,
899 2590 967 2630 oum
993 2575 1094 2648 posset
1111 2569 1241 2647 perdere,
1264 2589 1371 2646 peper-

220 2658 307 2732 cisse,
334 2679 438 2735 quam,
467 2679 534 2720 cum
556 2679 677 2737 parcere
700 2662 845 2737 potuerit,
873 2655 1059 2737 perdidisse'.
1105 2659 1166 2738 Agi
1188 2660 1308 2720 uidetur
1333 2660 1371 2719 de

219 2749 314 2808 turbis
337 2751 368 2808 in
391 2749 627 2826 possessionibus
651 2752 682 2810 et
703 2749 834 2826 praediis
853 2751 1002 2811 sociorum
1019 2750 1107 2810 factis
1126 2768 1204 2808 anno
1224 2751 1372 2828 624s130

221 2831 365 2917 625s129
390 2839 426 2898 de
450 2839 557 2915 quibus
580 2839 709 2915 Appian.
728 2839 756 2898 b.
776 2858 799 2898 c.
818 2839 835 2898 I
852 2858 917 2916 cap.
939 2839 988 2898 18.
1010 2841 1059 2898 19.

184 2945 187 2948 ’
311 2920 417 2988 1000.
440 2928 556 2988 Nonius
580 2949 607 3005 p.
629 2929 702 3003 478,
723 2930 763 2987 26
789 2924 942 2988 ‘Nutritur
965 2931 997 2989 et
1014 2929 1182 2988 nutricatur
1199 2948 1254 3004 pro
1272 2930 1373 2989 nutrit

219 3020 250 3076 et
269 3019 407 3077 nutricat.
433 3064 483 3076 ...
503 3016 637 3079 Lucilius
655 3018 706 3078 lib.
721 3018 803 3077 XXX
823 3013 935 3078 “seusu
952 3021 1122 3078 auronum
1139 3035 1212 3077 eune
1233 3010 1310 3098 (sine
1326 3009 1371 3099 G)

219 3110 311 3182 caput
333 3108 478 3183 opprimit
505 3101 614 3183 ipse''.'
660 3098 770 3168 Verba
788 3126 847 3167 non
874 3108 1025 3186 intellego.
1072 3107 1187 3168 Plinius
1215 3111 1275 3166 nat.
1299 3107 1370 3168 hist.

220 3194 263 3254 XI
283 3196 345 3254 135
369 3196 405 3254 de
429 3196 527 3272 capite
551 3192 648 3257 ‘Hanc
670 3197 783 3257 habent
804 3216 907 3258 sensus
931 3215 1030 3257 arcem
1049 3244 1055 3255 .
1072 3243 1077 3255 .
1094 3244 1100 3256 .
1119 3198 1168 3256 hic
1191 3198 1299 3257 mentis
1323 3200 1372 3258 est

218 3278 372 3360 regimen’.
410 3284 515 3362 Itaque
530 3288 677 3363 temptaui
692 3283 805 3347 ‘sensus
819 3288 1003 3346 nutricatum
1019 3288 1097 3347 asini
1116 3288 1208 3364 caput
1225 3287 1372 3363 opprimit

217 3368 307 3451 ipse’:
337 3392 443 3450 nempe
470 3375 558 3434 homo
586 3376 713 3436 stolidus
740 3378 805 3452 ipse
836 3395 921 3436 snum
955 3379 1046 3452 caput
1077 3375 1160 3435 dedit
1191 3378 1257 3436 neci
1288 3376 1370 3452 qnod

219 3464 402 3522 nutricatum
426 3466 491 3522 erat
514 3466 591 3524 asini
614 3484 724 3525 sensus.

311 3543 416 3612 1091.
440 3552 555 3612 Nonius
578 3574 606 3630 p.
627 3556 701 3630 269,
721 3555 762 3614 20
787 3549 961 3630 ‘Oonficare‚
989 3573 1175 3629 consumere,
1201 3553 1369 3614 finire.

218 3639 351 3701 Lucilius
378 3641 429 3701 lib.
448 3641 530 3700 XXX
559 3636 703 3716 “couscmt
732 3645 797 3719 1666
827 3638 1043 3719 comestque”.'
1093 3644 1178 3703 Idem
1204 3664 1233 3720 p.
1254 3644 1305 3717 81,
1326 3646 1368 3702 27

220 3726 352 3790 ‘domest
382 3749 437 3806 pro
469 3732 598 3790 comedit
622 3779 628 3790 .
649 3779 655 3791 .
676 3779 682 3791 .
705 3732 838 3794 Lucilius
862 3779 869 3793 .
889 3780 895 3791 .
916 3779 922 3790 .
946 3733 987 3794 ut
1009 3733 1091 3792 XXX
1124 3729 1269 3792 “conficit
1302 3735 1370 3810 ipse

219 3815 412 3894 comesque”.’

310 3902 415 3970 1092.
440 3909 556 3969 Nonius
573 3930 602 3986 p.
623 3912 674 3986 35,
695 3912 735 3970 15
756 3907 921 3989 ‘Arquatus
942 3912 1062 3973 morbus
1081 3911 1177 3971 dictus
1196 3913 1249 3987 qui
1266 3913 1369 3990 regius

219 3999 338 4074 dicitur,
362 3999 441 4077 quod
464 4018 550 4058 arcus
573 4001 614 4060 sit
636 4003 782 4076 concolor,
805 4003 840 4061 de
865 4004 972 4077 uirore,
995 4002 1044 4061 uel
1066 4001 1147 4077 quod
1169 4003 1214 4059 ita
1237 4001 1371 4079 stringat

219 4108 357 4166 corpora,
385 4091 419 4147 ut
440 4090 473 4148 in
496 4108 598 4149 arcum
621 4090 718 4151 ducat.
765 4091 844 4167 quod
864 4109 879 4144 6
896 4109 911 4144 6
928 4109 943 4144 6
963 4109 1016 4150 nos
1043 4108 1105 4150 esse
1133 4092 1275 4166 arquatos
1302 4108 1369 4149 sur-
1411 4083 1414 4088 ⁴

218 4196 337 4256 366166,
364 4197 478 4254 eamus,
506 4175 651 4257 agamus’.
692 4180 827 4239 Adnotat
849 4180 1070 4240 Lachmannus:
1099 4175 1221 4238 ‘Lucilii
1247 4197 1369 4238 uersum

219 4285 281 4327 esse
304 4286 405 4328 omnes
427 4267 580 4328 uiderunt:
604 4269 655 4330 sed
678 4272 724 4349 666
746 4289 781 4328 ex
803 4268 880 4328 libro
898 4269 989 4344 XXX,
1012 4289 1028 4328 e
1051 4288 1109 4344 quo
1127 4268 1242 4327 Nonius
1266 4271 1369 4328 omnia

218 4358 355 4433 sumpsit,
378 4375 455 4433 quae
478 4362 549 4417 sunt
570 4360 603 4416 in
621 4361 734 4418 6161616
756 4357 843 4417 huius
863 4353 1009 4435 capituli'.
1043 4357 1139 4416 Sicuti
1157 4356 1368 4418 Lachmannus

217 4447 262 4505 ita
284 4449 354 4523 post
376 4443 600 4507 Lachmannnm
623 4449 715 4508 Nonii
742 4447 869 4508 editores
897 4448 1069 4509 iudicarunt
1092 4448 1258 4506 statuentes
1285 4447 1369 4507 lacn-
