3036 5004
604 347 681 402 xxx
699 365 726 402 u.
747 352 931 402 roos-ross.
1281 346 1345 412 347

194 538 265 578 nam
288 537 350 578 esse
372 518 485 579 fsotam
508 521 576 595 post
603 518 693 594 quod,
721 536 781 593 qua
808 518 952 594 perierint
979 535 1046 576 cum
1074 517 1136 576 alis
1162 520 1228 578 tum
1254 518 1347 578 uerba

194 608 331 668 lucilius
349 609 397 667 lib.
418 608 521 667 XXX.
558 608 603 667 De
626 610 753 684 arquato
776 607 880 667 morbo
899 606 1001 668 Celsus
1020 605 1067 666 III
1085 625 1149 684 cap.
1170 609 1211 666 24
1232 603 1347 684 ‘Aeque

195 700 284 758 notus
313 700 358 758 est
384 698 519 773 morbus,
552 717 640 774 quam
666 697 817 757 interdum
845 699 1018 773 arquatum,
1049 695 1200 757 interdum
1231 698 1347 776 regium

195 789 354 848 nominant
372 834 378 846 .
394 835 400 846 .
417 835 422 846 .
442 788 524 848 oolor
541 790 642 847 autem
661 806 729 847 eum
748 786 884 846 morbum
903 787 1025 865 detegit,
1043 787 1172 846 maxime
1186 787 1348 862 oculorum,

196 879 228 937 iu
256 876 378 953 quibus,
411 877 491 954 quod
518 877 619 937 album
646 896 710 937 esse
737 876 837 951 debet,
869 876 904 935 fit
931 872 1066 938 luteum'.
1117 877 1158 936 Et
1184 879 1216 935 in
1249 878 1347 953 capite

196 969 328 1027 extremo
367 962 436 1026 ‘Per
471 986 558 1027 omne
594 986 665 1027 uero
701 971 820 1042 tempus
856 966 1000 1026 utendum
1041 968 1087 1026 est
1127 967 1348 1040 exercitatione,

194 1056 348 1133 frictione,
377 1058 403 1116 si
430 1056 525 1116 hiems
553 1060 611 1131 est,
638 1055 759 1132 balneo,
789 1057 816 1116 si
843 1058 956 1131 aestas,
988 1056 1107 1135 frigidis
1135 1056 1348 1131 natationibus,

196 1146 275 1207 lecto
299 1147 390 1205 etiam
413 1148 445 1205 at
467 1147 604 1205 conclaui
628 1145 768 1219 cultiore,
795 1146 876 1220 lusu,
903 1147 982 1220 icoo,
1009 1146 1102 1219 ludis,
1129 1146 1267 1220 lascinia,
1295 1165 1349 1221 per

198 1255 274 1312 quae
305 1253 389 1294 mens
421 1231 623 1295 exhilaretur'.
679 1233 826 1295 Similiter
856 1235 1002 1295 Horatius
1034 1231 1119 1312 epist
1138 1235 1154 1294 Ι
1173 1237 1207 1310 2,
1227 1237 1268 1294 32
1303 1230 1349 1293 ‘ut

197 1326 336 1404 iugulant
357 1325 517 1401 hominem,
540 1328 668 1403 surgunt
690 1323 726 1383 de
749 1327 835 1386 nocte
858 1324 1003 1385 latrones:
1026 1327 1062 1385 ut
1083 1327 1114 1385 te
1132 1327 1231 1402 ipsum
1249 1343 1349 1385 seruos

197 1434 257 1475 non
295 1412 527 1494 expergIsceris?
564 1416 650 1492 atqui
686 1416 713 1474 si
749 1414 832 1474 noles
869 1433 972 1490 sanus,
1009 1433 1108 1475 curres
1145 1409 1348 1492 hydropicus’.

198 1504 404 1581 Supplendum
434 1506 528 1583 igitur
554 1505 611 1565 hoc
639 1506 701 1564 fere
728 1505 830 1564 modo:
864 1500 902 1563 ‘si
929 1504 1060 1564 medicus
1093 1505 1169 1563 dixit
1200 1523 1254 1563 nos
1287 1523 1349 1564 esse

198 1597 350 1671 arquatos,
373 1613 538 1672 surgamus,
561 1613 673 1668 eamus,
696 1590 842 1673 agamus’.
887 1594 1015 1654 Versum
1038 1597 1107 1670 post
1128 1612 1282 1654 caesuram
1305 1595 1349 1652 in·

197 1702 320 1745 suauem
352 1683 452 1743 reddit
483 1684 591 1744 alacris
623 1685 729 1761 poetae
761 1685 939 1743 uociferatio
972 1685 1024 1759 qui
1057 1685 1118 1744 tres
1154 1684 1349 1761 imperatiuos

197 1774 287 1834 simul
310 1776 341 1833 et
363 1772 527 1850 asyndeton
555 1792 665 1850 ponere
692 1775 835 1834 maluerit
861 1792 952 1852 quam
979 1791 1098 1834 uersum
1125 1772 1292 1852 elegantem
1320 1775 1351 1833 et

199 1863 338 1940 polItnm.

290 1945 396 2013 1093.
420 1954 536 2014 Nonius
564 1975 592 2031 p.
613 1954 665 2029 35,
686 1955 727 2013 10
760 1948 907 2032 ‘Angina,
938 1971 1031 2031 genus
1058 1952 1169 2026 morbi,
1202 1972 1237 2012 eo
1269 1951 1351 2029 quod

199 2046 300 2123 angat.
333 2046 363 2102 et
382 2043 492 2104 Graece
511 2062 640 2120 synance
659 2034 821 2123 (synantea
834 2043 863 2101 L
882 2045 1005 2102 sinauca
1020 2035 1063 2124 G)
1083 2043 1255 2120 appellatur
1270 2033 1356 2124 (cons

201 2131 274 2191 Cels.
292 2131 336 2190 IV
357 2125 399 2215 7).
432 2133 567 2194 Lucilius
589 2133 641 2192 lib.
660 2133 742 2192 XXX
766 2128 943 2209 “insperato
966 2133 1027 2191 τὸτί
1050 2151 1139 2208 quem
1161 2151 1221 2192 una
1239 2133 1351 2210 angina

200 2213 348 2301 (anguina
367 2213 409 2303 G)
433 2223 556 2282 sustulit
576 2215 696 2282 hora''.'
734 2222 815 2281 Bene
838 2221 937 2281 adfert
959 2222 1061 2281 Dousa
1083 2224 1116 2281 in
1139 2222 1351 2282 commentario

201 2310 329 2370 Senecae
352 2313 438 2387 epist.
459 2313 532 2386 101,
552 2312 571 2371 3
597 2307 615 2370 ‘.
629 2358 659 2383 ,.
679 2330 786 2388 genere
813 2311 991 2370 ualitudinis
1018 2312 1179 2388 praecipiti
1206 2313 1352 2388 arreptus,

200 2402 321 2478 snpra,
343 2403 394 2459 un
418 2419 609 2476 conpressum
632 2402 740 2460 assas
763 2377 899 2460 Missus
922 2401 1063 2477 spiritum
1085 2402 1180 2459 crant
1197 2402 1229 2459 sn
1247 2399 1350 2459 lucem.

201 2491 283 2549 intre
304 2490 499 2567 paucissimas
523 2509 592 2568 ergo
615 2490 712 2562 horas,
736 2508 825 2565 qnam
845 2489 982 2549 omnibus
1000 2491 1067 2549 erat
1084 2491 1150 2549 sani
1169 2507 1204 2549 ac
1222 2489 1351 2548 ualentis

201 2579 308 2640 officiis
336 2581 469 2657 iunctm,
497 2575 644 2639 decessit’.
695 2578 739 2638 De
767 2580 937 2654 quantitate
964 2580 977 2637 i
1003 2579 1116 2639 uocalis
1148 2580 1266 2638 constat
1297 2578 1352 2636 hoo

201 2667 311 2728 Lucilii
343 2687 430 2728 nemu
468 2689 557 2744 quem
592 2670 743 2747 integrum
780 2669 914 2727 seruauit
946 2667 1091 2745 Oorpetus
1122 2667 1265 2727 Waseum
1302 2659 1352 2746 (de

202 2776 298 2818 senar.
316 2758 387 2817 XIV
406 2778 434 2835 p.
455 2751 534 2839 210)
559 2762 683 2818 secutis.
730 2759 821 2818 Recte
843 2757 946 2817 Dousa
969 2758 1041 2817 abitt
1063 2759 1197 2817 seruauit
1217 2757 1352 2817 indicens

203 2843 378 2907 ‘abitionem
397 2849 515 2924 antiqui
532 2847 672 2908 dicebant
689 2842 827 2907 mortem’
847 2847 930 2906 Paul.
948 2847 1026 2906 Fest.
1047 2848 1118 2924 epit
1137 2867 1166 2923 p.
1182 2847 1223 2906 23
1244 2837 1353 2927 (380);

204 2932 292 2996 ‘abiit
310 2937 349 2996 ad
367 2931 478 3014 plures’
497 2937 615 2997 Patron.
636 2939 692 2996 42:
710 2937 798 3014 plura
816 2937 952 3014 exempla
970 2936 1055 2997 dabit
1069 2936 1237 2997 Thesaurus
1251 2935 1272 2995 1.
1286 2935 1352 2994 Lat.

202 3047 230 3103 p.
251 3027 293 3085 68
313 3045 334 3086 s.
353 3047 382 3085 u.
401 3026 482 3086 abeo.
536 3025 658 3087 Luoian.
681 3027 797 3087 Timon.
818 3019 941 3087 lbext'r.
975 3025 1031 3087 οὐκ
1062 3024 1176 3097 εἰδότας
1209 3021 1248 3098 ὡς
1284 3022 1352 3102 μετὰ

203 3113 309 3195 μικρὸν
331 3113 454 3176 ἀπίασιν
476 3112 553 3199 ἄλλῳ
577 3113 634 3176 τινὶ
657 3124 716 3177 τῶν
738 3113 925 3195 εὐδαιμόνων
952 3137 987 3194 με
1015 3113 1229 3186 καταλιπόντες.
1276 3114 1353 3174 Vide

205 3205 243 3265 ad
265 3205 317 3266 lib.
335 3205 422 3265 XXII
440 3226 468 3265 u.
489 3207 562 3266 581.

295 3287 401 3357 1094.
422 3296 539 3357 Nonius
557 3317 586 3374 p.
606 3298 658 3372 34,
677 3297 717 3356 31
740 3290 1107 3375 ‘Praestringeredictum
1125 3298 1248 3355 estnon
1266 3293 1354 3353 ualde

204 3387 350 3464 stringere
371 3388 402 3445 et
419 3385 565 3446 claudere.
598 3385 723 3446 Plautus
741 3387 773 3445 in
791 3385 889 3445 Milite
908 3386 1038 3464 glorioso
1057 3375 1108 3466 (4)
1129 3380 1356 3462 “praestringat

204 3475 357 3534 oculorum
389 3477 484 3535 aciem
515 3477 547 3535 in
578 3477 641 3535 acie
672 3470 840 3536 hostibus”.
895 3474 1029 3535 Lucilius
1061 3474 1112 3535 lib.
1131 3474 1213 3533 XXX
1246 3468 1354 3550 “prae-

204 3566 335 3643 stringat
361 3565 511 3625 oculorum
538 3567 629 3625 adun
656 3559 703 3645 [ic
728 3567 791 3626 ccr'c
821 3561 962 3642 hostibus]
996 3564 1152 3642 splendore
1184 3557 1353 3623 micenti”.'

205 3652 366 3714 Aban-rasse
385 3654 486 3715 oculos
504 3654 622 3714 librarii
641 3675 659 3714 a
676 3673 764 3714 uersu
780 3654 890 3715 Lucilii
907 3656 940 3713 in
959 3673 1078 3715 uersum
1096 3653 1198 3713 Plauti
1216 3653 1356 3729 apparet:

204 3742 329 3802 dubium
355 3747 456 3803 tamen
484 3746 543 3820 est,
571 3764 629 3821 quo
656 3747 689 3803 in
716 3744 861 3804 uocabulo
891 3744 1066 3804 aberrarint.
1113 3742 1228 3802 Statuit
1255 3741 1356 3800 Dousa

205 3834 359 3909 scripsisse
390 3833 540 3893 Lucilium
573 3829 844 3912 ‘praestringatqua
878 3833 1031 3894 oculorum
1068 3835 1163 3893 aciem
1199 3829 1356 3907 splendore

207 3916 342 3980 micanti'
371 3940 441 3981 usus
469 3923 551 3983 mala
572 3925 688 3983 rstione
716 3923 946 3996 emendationis,
977 3915 1223 4000 ‘praestringant’
1243 3939 1267 3978 e.
1287 3938 1314 3995 q.
1333 3939 1355 3978 s.

207 4008 352 4087 Gorpetus
388 4013 462 4071 item
497 4013 589 4087 malo,
624 4009 784 4073 Onionsius
823 4008 1037 4089 ‘praestringat
1072 4011 1226 4070 oculorum
1262 4007 1357 4068 aciem

206 4099 362 4176 splendore
389 4097 535 4177 micanti’,
567 4102 646 4177 quod
674 4102 746 4160 ferri
775 4104 875 4177 potest
900 4100 967 4159 ideo
995 4100 1076 4177 quod
1102 4100 1221 4175 saepius
1254 4098 1357 4158 eadem

206 4208 310 4248 uersus
333 4188 402 4249 sede
427 4190 602 4267 producitur
629 4194 761 4250 extrema
788 4189 905 4266 syllaba
933 4181 1019 4268 (conf
1034 4188 1123 4248 indic.
1142 4207 1267 4267 gram.
1286 4206 1309 4247 e.
1328 4207 1356 4246 u.

201 4271 380 4360 productio).
423 4277 507 4349 Quod
530 4283 556 4341 si
579 4300 683 4339 reuera
706 4281 825 4355 scripsit
846 4278 990 4353 Lucilius,
1013 4297 1115 4338 uersus
1139 4279 1292 4357 egregium
1312 4280 1358 4336 est

206 4369 412 4427 testimonium
434 4369 529 4429 lectae
552 4370 658 4430 Militis
682 4368 801 4428 fabulae
818 4368 986 4427 Plautinae.
1020 4367 1131 4428 Contra
1149 4367 1358 4427 Lachmannus

208 4460 239 4517 et
260 4457 421 4518 Muellerus
444 4459 652 4520 tentummodo
677 4458 768 4518 uerba
796 4452 1012 4536 ‘praestringat
1038 4456 1193 4535 splendore
1221 4450 1357 4517 micanti’
