3030 5002
205 355 249 422 42
681 402 686 413 ,
753 354 782 410 11
799 373 826 410 u.
846 360 888 410 89.

204 526 359 586 hominum
396 544 430 586 ac
467 526 630 604 primorum
667 486 916 605 signiferumque]
953 523 985 584 id
1021 526 1068 585 est
1103 543 1193 601 quam
1225 524 1355 585 incolam

204 615 361 693 municipii
375 616 429 675 aut
442 615 576 675 coloniae
590 614 692 675 Latini
702 607 917 696 (Mommsenus
931 614 967 674 de
977 616 1041 675 iure
1055 613 1175 693 publico
1184 633 1212 692 p.
1223 612 1258 672 u.
1268 612 1315 675 III
1326 616 1355 688 1,

208 704 292 765 1887
311 724 340 780 p.
357 705 430 780 232,
445 697 498 787 -3):
518 703 656 765 Gessium
675 703 860 765 Sassinatem
877 703 1026 764 Martialis
1044 705 1180 782 appellat
1194 702 1252 761 VH
1268 705 1319 778 97,
1334 704 1353 762 3

207 790 290 853 ‘Auli
317 795 497 871 municipem
525 795 585 854 mei
611 789 767 853 Pudentis’
797 795 978 855 centurionis
1008 793 1126 870 dequo
1150 792 1251 870 agitur
1269 793 1285 852 I
1304 794 1354 852 31.

204 884 329 944 Pontius
365 884 417 942 ille
454 886 485 945 st
521 883 662 945 Tritanus
697 882 817 943 fuerant
853 882 1002 962 signiferi,
1042 886 1112 959 post
1154 883 1354 943 centuriones:

204 974 345 1033 missione
376 974 459 1033 facte
489 973 615 1034 honeste
645 972 823 1032 habitabant
853 973 885 1032 in
914 973 1077 1050 municipio
1111 972 1213 1050 aliquo
1245 970 1355 1033 Latino

204 1063 294 1123 sicuti
315 1062 354 1121 M.
370 1061 491 1123 Caesius
516 1062 650 1122 Blandus
678 1063 812 1122 centurio
835 1061 973 1139 Pompeis
998 1054 1212 1142 (Overbeolrius
1235 1060 1355 1121 Meuius

205 1151 242 1213 de
265 1151 402 1229 Pompeis
426 1152 496 1213 edit
509 1151 553 1212 IV
576 1172 605 1229 p.
621 1143 701 1233 282)
725 1170 899 1229 summeque
922 1154 1008 1212 erant
1028 1152 1207 1211 auctoritate
1226 1169 1354 1211 summo-

206 1260 264 1318 que
287 1242 397 1302 bonore
419 1243 499 1302 inter
521 1243 686 1318 municipes
709 1259 778 1301 suos
801 1242 890 1302 sicuti
907 1240 1058 1302 Venusiae
1077 1239 1180 1318 magni
1198 1285 1205 1298 .
1222 1285 1227 1297 .
1243 1285 1250 1298 .
1269 1241 1355 1317 pueri

204 1332 321 1408 magnis
340 1350 375 1390 ex
394 1330 615 1391 centurionibus
635 1332 696 1390 orti
714 1323 799 1412 (Hor.
815 1330 931 1392 serml
951 1330 979 1404 6,
1001 1322 1065 1410 72).
1103 1327 1178 1390 (lato
1198 1328 1355 1390 Censorius

206 1418 285 1497 apud
310 1419 368 1480 Cic
388 1420 423 1479 de
447 1439 506 1481 sen.
523 1421 564 1480 33
590 1415 637 1480 ‘ne
663 1438 717 1479 uos
738 1419 867 1497 quidem,
886 1421 993 1496 inquit,
1012 1421 1045 1478 T.
1059 1419 1150 1479 Ponti
1173 1420 1354 1479 centurionis

204 1512 284 1570 uires
316 1505 458 1570 habetis’:
495 1512 597 1586 itaque
637 1529 715 1570 anno
753 1503 902 1587 eosslse
933 1510 991 1570 iste
1023 1509 1158 1569 centurio
1190 1510 1354 1569 etiamtunc

205 1599 355 1675 stipendia
387 1598 521 1660 merebat
553 1601 605 1675 qui
637 1618 716 1660 anno
747 1600 808 1659 iero
843 1591 923 1678 630)
929 1600 991 1659 124
1024 1618 1112 1660 senex
1139 1597 1297 1660 habitabat
1322 1597 1354 1657 in

204 1689 367 1766 municipio
396 1689 527 1765 quodam
564 1688 681 1749 Latino.
727 1688 916 1750 Praeclarum
947 1688 1097 1749 hominem
1126 1706 1193 1748 cum
1224 1688 1355 1766 appellet

204 1780 294 1855 poete
316 1776 457 1838 Pontium
485 1779 594 1839 omisso
617 1778 822 1854 praenomine,
849 1781 898 1838 sat
923 1781 1028 1838 notum
1051 1778 1136 1837 illum
1159 1776 1354 1856 popularibus

205 1867 295 1928 fuisse
324 1867 515 1927 manifestum
547 1868 593 1928 est
624 1868 809 1944 eundemque
842 1866 972 1928 arbitror
1002 1867 1145 1928 Pontium
1177 1866 1304 1928 describi
1336 1885 1355 1925 a

207 1954 347 2016 Sicerone
369 1955 449 2035 apud
473 1956 918 2032 Macrob.Saturn.II116,3
944 1952 962 2014 ‘.
979 2002 1007 2015 ..
1027 1956 1154 2033 accipite
1169 2002 1175 2015 .
1192 2002 1220 2016 ..
1244 1957 1353 2032 inquo

204 2046 315 2106 honore
344 2047 437 2106 fuerit
467 2047 517 2106 hic
548 2047 639 2123 piscis
675 2047 755 2122 apud
788 2046 820 2105 P.
843 2045 1011 2124 Scipionem
1034 2091 1040 2104 .
1063 2092 1068 2103 .
1094 2092 1101 2106 .
1126 2046 1354 2106 Numantinum.

203 2134 285 2195 Haec
304 2134 423 2195 suntin
442 2134 561 2214 dialogo
580 2134 616 2196 de
635 2136 699 2197 fato
719 2135 811 2196 uerba
828 2133 979 2197 (liceronis
998 2129 1118 2217 (fragm
1135 2137 1153 2194 5
1174 2127 1353 2216 duwe.)

205 2219 307 2284 “Nam
330 2243 397 2284 cum
421 2227 498 2285 esset
520 2224 600 2302 apud
623 2244 656 2286 se
684 2225 723 2285 ad
746 2225 927 2286 Lauernium
955 2224 1055 2303 Scipio
1078 2244 1197 2303 unaque
1220 2225 1355 2299 Pontius,

204 2312 322 2374 adlatus
341 2316 387 2375 est
404 2314 481 2374 forte
501 2313 634 2392 Scipioni
652 2333 822 2393 acupenser,
840 2317 894 2391 qui
912 2313 1072 2375 edmodum
1085 2331 1153 2374 raro
1168 2315 1287 2390 capitur
1301 2360 1308 2372 .
1324 2356 1353 2374 ..

204 2400 278 2462 Cum
297 2406 397 2464 autem
417 2402 517 2480 Scipio
537 2423 628 2463 unum
647 2407 678 2463 et
696 2405 823 2464 alterum
843 2423 877 2463 ex
890 2403 937 2478 iis,
957 2406 1010 2480 qui
1022 2405 1187 2465 salutatum
1201 2406 1354 2477 uenerant,

203 2491 406 2565 inuitauiseet,
442 2493 600 2570 pluresque
637 2495 727 2553 etiam
763 2493 948 2553 inuitaturus
981 2493 1146 2567 uideretur,
1182 2492 1214 2552 in
1251 2511 1353 2553 aurem

203 2580 341 2642 Pontius:
365 2580 494 2660 ,Scipio‘,
520 2584 632 2659 inquit,
659 2583 750 2657 ,uide,
778 2582 850 2658 quid
884 2601 970 2662 ages:
1000 2601 1161 2659 acupenser
1191 2584 1248 2643 iste
1279 2602 1352 2659 pau·

203 2689 305 2732 corum
317 2671 472 2733 hominum
486 2667 594 2733 est‘''.'
619 2672 704 2732 Vnde
718 2673 876 2750 suspiceris
890 2672 1031 2733 Pontium
1045 2672 1135 2732 tertio
1149 2672 1227 2732 bello
1241 2672 1353 2732 Punico

203 2761 352 2837 stipendia
378 2763 534 2822 meruisse:
563 2761 762 2839 Formiisque,
786 2764 905 2838 opinor,
929 2781 1005 2838 quae
1028 2763 1161 2838 proxime
1185 2765 1255 2821 sunt
1277 2760 1354 2822 sitae

203 2842 277 2930 (Sic.
287 2850 327 2912 ad
340 2851 404 2912 Att.
415 2851 475 2912 VH
493 2852 523 2925 8,
542 2843 577 2932 4)
597 2870 674 2911 anno
692 2852 754 2911 fere
774 2844 924 2931 624l130
938 2851 978 2911 ad
992 2851 1173 2911 Lauernium
1187 2852 1353 2912 salutatum

204 2941 328 3001 uenerat
349 2943 510 3001 ueteranus
532 2942 750 3017 imperatorem.
798 2941 843 3001 De
866 2940 991 3002 Tritano
1014 2941 1110 3002 multo
1136 2939 1287 3002 difficilior
1309 2944 1354 3001 est

203 3030 347 3104 quaestio.
401 3029 516 3090 Nomen
548 3032 630 3090 recte
659 3030 721 3091 iere
752 3033 904 3090 somatum
937 3049 1000 3092 esse
1031 3032 1063 3091 in
1093 3030 1148 3090 cod
1175 3029 1353 3108 Erlangensi

202 3119 341 3194 recteque
367 3119 561 3179 correctorem
589 3118 644 3178 cod
675 3119 809 3180 Palatini
840 3120 920 3180 idem
950 3119 1115 3181 restituisse
1148 3120 1270 3187 tritorsii,
1300 3118 1351 3195 qui

201 3208 273 3265 ml
303 3204 413 3267 habeat
440 3209 551 3276 cruorit,
579 3207 720 3268 credibile
752 3210 798 3269 est
827 3211 858 3268 et
888 3208 1048 3268 admodum
1080 3206 1243 3285 probabile.
1295 3207 1353 3267 Sed

202 3295 318 3357 Plinius
340 3298 401 3357 nat.
417 3296 485 3356 bist.
500 3295 560 3355 VH
579 3298 618 3357 81
645 3317 703 3374 quo
726 3296 792 3359 loco
815 3300 1017 3358 centurionem
1040 3298 1188 3375 quendem
1208 3296 1352 3357 Vinnium

202 3384 360 3447 Valentem
383 3386 551 3446 incredibili
570 3390 701 3463 corporis
720 3387 825 3449 robore
843 3389 1012 3465 praeditum
1032 3389 1123 3447 fuisse
1140 3389 1353 3447 commemorat

201 3473 336 3537 Varrone
365 3477 484 3537 auctore
512 3476 585 3536 haec
613 3477 707 3538 tradit
735 3472 878 3555 ‘Corpore
906 3496 993 3538 uesoo
1021 3477 1072 3538 sed
1100 3476 1215 3537 eximiis
1239 3476 1353 3538 ruribus

202 3564 360 3629 Tritanum
395 3564 426 3623 in
463 3565 642 3642 gladiatorio
674 3567 759 3641 ludo,
797 3566 977 3627 Samnitium
1015 3570 1168 3627 armatura
1200 3565 1353 3641 celebrem,

201 3652 354 3730 filiumque
386 3655 450 3715 eius
481 3655 609 3716 militem
635 3655 740 3735 Magni
766 3656 915 3734 Pompei.
936 3703 943 3716 .
963 3703 969 3716 .
990 3660 1094 3717 auctor
1124 3661 1170 3717 est
1196 3655 1293 3716 Varro
1320 3656 1353 3715 in

202 3742 438 3822 prodigiosarum
462 3743 572 3804 uirium
595 3741 767 3805 relatione':
791 3765 878 3822 quem
902 3747 1001 3806 locum
1022 3748 1241 3823 exscripserunt
1260 3745 1352 3805 Solin.

200 3832 216 3892 I
242 3834 281 3893 75
306 3833 483 3911 FiVopiso.
507 3834 597 3894 Firm.
623 3837 657 3910 4,
682 3838 709 3895 2.
760 3833 861 3910 Atque
893 3835 1016 3912 Vopisci
1047 3836 1113 3896 loco
1145 3856 1166 3896 s.
1186 3834 1245 3895 duo
1278 3835 1352 3896 codd

201 3921 339 3982 similiter
357 3923 499 4000 praebent
517 3926 608 4000 atque
626 3924 784 3984 Palatinus
803 3922 953 3985 Ciceronis
972 3927 1038 3985 m.l
1056 3927 1196 3995 triacum,
1215 3928 1284 3985 mi
1300 3927 1353 3986 aut

201 4013 371 4081 criscecum,
384 4013 464 4089 quod
473 4013 586 4073 babent
599 4013 673 4073 codd
688 4013 793 4088 Solini,
807 4017 861 4073 aut
874 4016 1017 4075 tritonem
1031 4015 1111 4091 quod
1125 4015 1206 4092 apud
1219 4014 1352 4075 Plinium

200 4101 282 4161 solus
296 4102 430 4161 seruauit
447 4101 601 4163 Parisinus
618 4104 766 4163 correctus
784 4103 953 4180 habentque
973 4103 1122 4164 Ciceronis
1141 4103 1258 4164 codices
1278 4121 1351 4178 quos

201 4207 292 4264 supra
309 4191 471 4252 nominaui.
512 4192 670 4253 Praeterea
688 4194 720 4252 in
743 4192 853 4252 Naeuii
875 4211 964 4253 uersu
987 4191 1068 4269 apud
1089 4191 1234 4252 Priscian.
1254 4190 1306 4250 GL
1320 4191 1352 4250 H

201 4298 228 4352 p.
250 4279 328 4352 198,
353 4279 436 4339 16Κ
467 4299 522 4355 pro
555 4280 658 4341 Titani
694 4281 750 4341 cod
785 4281 939 4342 Parisinus
971 4285 1050 4343 ml
1084 4280 1209 4357 praebet
1240 4281 1351 4348 bimi,

201 4367 359 4427 Bernensis
386 4371 504 4442 mmcd,
531 4371 629 4428 titaoa'i
655 4369 808 4431 Leidensr's
830 4390 869 4430 m.
885 4373 918 4444 2,
946 4370 1026 4447 quod
1053 4368 1131 4430 stud.
1150 4367 1244 4428 Lucil.
1262 4388 1293 4447 p.
1308 4370 1349 4429 63

199 4455 282 4538 apud
304 4455 452 4519 Lucilium
481 4458 699 4521 restituendum
721 4477 785 4520 esse
807 4460 909 4538 posui,
938 4460 1010 4538 quia
1032 4457 1228 4541 gladiatorem
1251 4460 1351 4521 aetetc
