3060 5010
602 372 652 426 Vll
670 391 696 424 u.
717 377 866 425 272-278.
1261 370 1323 435 103

174 544 272 601 aetate
296 542 427 601 nondum
448 541 648 617 usurpabatur
665 541 696 599 in
715 540 824 600 litteris
842 540 968 601 Latinis.
1006 539 1135 598 Directis
1154 539 1323 600 nominibus

174 633 371 707 prostituerat
388 631 520 691 Lucilius
543 650 601 690 non
621 631 717 691 solum
736 648 843 707 pueros
862 630 911 690 sed
931 629 1022 689 etiam
1041 630 1209 689 meretrices
1229 629 1323 688 ueluti

174 720 325 798 Collyram
360 712 424 801 (lib.
448 720 519 779 XVI
542 740 569 778 u.
595 711 674 800 517)
712 719 892 796 Hymnidem
929 712 1047 796 (insert.
1070 738 1098 776 u.
1125 720 1210 778 1115
1235 711 1322 799 alibi)

174 808 329 870 Cretaeam
347 803 389 892 (u.
411 802 499 890 925).

262 892 345 960 273.
369 899 478 959 Donat.
498 899 535 958 ad
555 899 619 958 Ter.
641 898 731 957 Andr.
746 897 774 954 V
792 901 820 972 o,
842 899 880 957 12
903 894 994 956 ‘Tuus
1014 900 1059 957 est
1077 916 1156 957 nuuc
1175 896 1321 958 Chremes,

172 988 303 1049 Lucilius
327 991 358 1047 in
382 990 508 1066 septimo
533 985 635 1048 “nunc
657 991 778 1064 praetor
800 992 869 1047 tuus
893 992 939 1046 est
961 979 1024 1064 (om
1045 984 1085 1065 Τ)
1109 1005 1191 1046 meus
1214 989 1240 1045 si
1263 986 1320 1047 dis·

171 1079 292 1138 cesserit
318 1078 411 1138 horno
437 1073 582 1152 prutili'’.'
630 1077 709 1137 Conf
729 1076 764 1135 de
792 1077 848 1137 hoe
876 1077 941 1137 loco
964 1076 1109 1135 Dziatzlro
1133 1076 1207 1134 Mus.
1228 1076 1320 1135 Rhen.

140 1224 148 1233 .
172 1167 301 1227 XXXIII
322 1169 407 1228 1878
431 1188 459 1244 p.
476 1170 541 1226 ’111
568 1167 648 1226 XXX
671 1168 755 1225 1875
779 1187 808 1243 p.
830 1168 901 1226 141.
956 1165 1118 1224 Dccasserit
1152 1165 1319 1225 Muellerus.

171 1256 261 1316 Recte
284 1257 459 1318 Francisous
483 1256 585 1316 Dousa
606 1258 638 1314 in
662 1255 792 1314 editione
815 1255 853 1314 ad
876 1254 955 1315 huuc
977 1256 1074 1315 locum
1098 1255 1216 1315 rettulit
1243 1274 1320 1330 quae

169 1344 258 1423 Apul.
283 1347 360 1424 apol.
384 1365 447 1423 cap.
470 1348 511 1406 10
543 1345 579 1405 de
612 1345 719 1405 Gentio
756 1349 787 1404 et
818 1344 978 1404 Macedone
1014 1345 1114 1419 pueris
1151 1363 1169 1403 a
1203 1344 1319 1404 Lucilio

169 1436 200 1492 in
224 1437 354 1495 carmine
378 1454 431 1495 suo
454 1436 624 1513 prostitutis
647 1434 780 1493 tradidit.
819 1433 916 1503 Quare
938 1453 1006 1493 cum
1023 1433 1193 1504 Macedonis
1212 1453 1318 1492 nomen

169 1524 245 1583 illud
267 1526 438 1585 inueniatur
461 1525 511 1583 lib.
531 1525 590 1582 VII
608 1543 637 1582 u.
657 1525 731 1598 275,
758 1523 889 1583 eiusdem
911 1523 982 1581 libri
1001 1522 1060 1580 VII
1086 1522 1142 1582 hoc
1170 1525 1318 1600 fragmen·

168 1615 233 1672 tum
265 1615 355 1675 fuisse
389 1615 424 1674 de
453 1613 560 1674 Gentio
593 1613 728 1673 indicant
759 1614 878 1672 litterae
908 1613 1009 1686 perutili
1036 1612 1067 1670 irr
1095 1612 1206 1671 Donati
1234 1613 1318 1672 codd.

168 1702 278 1764 Pueros
292 1705 367 1764 istos
380 1704 490 1764 Lucilii
504 1705 598 1781 ipsius
613 1704 702 1763 fuisse
719 1703 848 1762 amasios
868 1720 1050 1777 quemquam
1064 1701 1209 1778 Apuleius
1223 1702 1242 1760 l.
1258 1722 1279 1762 s.
1295 1722 1317 1763 s.

168 1810 227 1853 non
250 1793 345 1854 tradit
367 1798 467 1852 tamen
492 1793 655 1852 uerisimile
678 1795 724 1851 est
746 1796 868 1867 propter
892 1810 927 1850 ea
951 1810 1026 1867 quae
1054 1790 1134 1866 apud
1157 1791 1317 1867 Apuleium

168 1881 204 1939 dc
223 1882 332 1943 Lesbia
350 1883 438 1942 Delia
456 1882 564 1942 Hostia
588 1885 618 1940 et
641 1881 676 1940 de
696 1881 783 1941 Alexi
804 1883 977 1941 narrantur:
1001 1880 1079 1957 quod
1099 1881 1189 1939 etiam
1208 1881 1316 1940 Lucilii

167 1972 300 2031 uersibus
324 1972 475 2047 probatur.
518 1972 637 2031 Etenim
660 1975 787 2047 apparet
809 1971 855 2030 his
878 1969 1012 2029 uersibus
1035 1973 1202 2047 praetorem
1227 1989 1316 2047 quen-

167 2059 235 2121 dam
263 2062 294 2119 in
322 2061 508 2138 prouinciam
530 2059 638 2119 Lucilii
666 2060 822 2119 adduxisse
850 2079 973 2135 puerum
1002 2059 1090 2119 sicuti
1118 2063 1238 2135 praetor
1265 2061 1315 2119 ille

167 2150 246 2226 apud
282 2149 471 2227 Propertium
493 2151 524 2210 Π
550 2151 604 2225 16,
630 2143 680 2230 1¹)
704 2149 762 2209 18
800 2151 831 2208 in
873 2149 1026 2225 Illyricum
1068 2149 1210 2209 (lechnus
1251 2155 1316 2210 erat

168 2237 339 2315 Cynthium,
377 2240 453 2299 alius
492 2238 682 2316 Cytheridem
719 2239 804 2298 duxit
840 2256 938 2298 seeum
976 2240 1008 2296 in
1045 2237 1174 2297 Galliam
1212 2231 1314 2319 (Verg.

165 2328 256 2407 eclog.
275 2329 302 2387 X
322 2322 484 2410 liseqq.),
518 2328 592 2389 Cato
621 2327 701 2404 apud
728 2329 849 2387 Liuium
868 2326 992 2386 XXXIX
1012 2328 1107 2402 42,8
1139 2332 1243 2388 auctor
1270 2334 1316 2388 est

165 2437 184 2475 a
211 2417 244 2476 L.
260 2417 399 2487 Quinctio
431 2418 601 2477 Flaminino
634 2414 819 2494 ‘Philippum
851 2416 983 2476 Poenum
1015 2435 1116 2476 carum
1149 2436 1183 2476 ac
1215 2418 1314 2477 nobile

165 2509 294 2566 scortum
319 2508 356 2568 ab
375 2507 471 2567 Roma
493 2509 523 2567 in
543 2506 673 2566 Galliam
696 2506 882 2584 prouinciam
906 2525 958 2582 spe
981 2505 1148 2582 ingentium
1169 2507 1313 2567 donorum

163 2593 360 2672 perductum'.
398 2596 456 2657 Hie
473 2597 631 2673 Philippus
655 2617 721 2655 eum
740 2596 855 2655 Poenus
874 2596 975 2668 fuerit,
997 2594 1120 2654 Macedo
1141 2598 1171 2654 et
1189 2593 1313 2656 Gentius

164 2688 246 2744 cuius
278 2688 409 2746 nationis
443 2687 555 2745 fuerint
586 2688 709 2745 nomina
740 2684 893 2744 declarant
924 2685 998 2761 ipsa.
1050 2681 1175 2744 Gentius
1204 2684 1313 2746 Γειίων

165 2771 293 2848 Γένθιος
315 2795 422 2835 nomen
441 2775 556 2852 Illyrici
578 2777 658 2853 regis
681 2775 839 2834 clarissimi
858 2773 963 2849 Illyria
985 2777 1085 2833 ortum
1108 2792 1170 2833 esse
1188 2794 1311 2850 puerum

164 2863 271 2939 prodit.
321 2865 428 2942 Itaque
459 2863 584 2925 Gentius
617 2864 670 2924 illo
702 2868 835 2940 ternpore
867 2863 947 2940 quod
978 2865 1095 2940 spectat
1126 2862 1174 2922 hie
1203 2863 1312 2924 Lucilii

164 2972 279 3027 uersus,
312 2973 386 3031 puer
417 2973 476 3014 non
508 2954 618 3014 Lucilii
650 2954 700 3013 sed
734 2954 859 3013 alicuius
892 2955 958 3012 erat
988 2954 1149 3029 praetoris,
1181 2953 1311 3012 eiusdem

164 3043 300 3119 t'aprarii
323 3045 429 3120 opinor
452 3062 539 3121 quem
563 3047 598 3103 ut
620 3043 808 3122 designatum
836 3042 930 3102 laedit
956 3044 1045 3119 poeta
1072 3043 1123 3102 lib.
1143 3042 1170 3098 V
1189 3063 1217 3101 u.
1238 3046 1310 3102 210.

163 3131 342 3193 Vocatiuum
379 3152 467 3210 quem
499 3136 621 3210 propter
652 3136 722 3192 tuus
759 3134 908 3209 expectes,
944 3134 976 3191 in
1008 3137 1128 3205 praetor
1165 3133 1310 3192 uocabulo

162 3223 379 3300 agnoscendum
404 3241 466 3283 esse
489 3223 626 3284 arbitror.
674 3221 829 3282 Sententia
852 3222 945 3301 igitur
967 3223 1040 3281 haee
1063 3222 1183 3282 uidetur
1205 3222 1310 3282 hrisse:

163 3311 269 3371 irridet
286 3311 420 3372 Lucilius
443 3317 610 3388 praetorem
634 3314 681 3373 cui
704 3314 799 3372 iratus
818 3315 864 3372 est
887 3312 966 3388 quod
989 3332 1116 3390 puerum
1138 3313 1170 3371 in
1188 3314 1309 3389 prouin-

162 3400 239 3459 ciam
262 3400 388 3461 abduxit
407 3402 713 3476 pretiofconductum:
738 3397 857 3478 ‘Nunc’,
880 3402 988 3478 inquit,
1014 3398 1154 3478 praetor,
1176 3404 1246 3462 tuus
1265 3407 1309 3462 est

162 3488 303 3549 Gentius:
327 3494 360 3551 at
377 3509 459 3550 meus
479 3493 545 3567 erit,
568 3494 594 3552 si
613 3492 668 3551 hoc
687 3511 764 3551 anno
783 3491 952 3552 discesserit
971 3509 986 3550 e
1005 3493 1174 3568 prouincia:
1198 3494 1308 3569 quippe

162 3582 277 3638 eertum
300 3583 365 3639 erat
387 3580 442 3645 hoe
465 3599 543 3640 anno
567 3583 728 3642 successori
751 3583 918 3659 praetorem
941 3599 1091 3641 cessurum
1114 3600 1184 3641 esse.
1230 3582 1308 3641 Nam

162 3668 273 3728 Rornae
296 3688 351 3748 ego
375 3670 424 3729 uel
447 3669 532 3731 donis
555 3672 605 3731 uel
628 3672 728 3749 gratia
750 3670 846 3730 denuo
869 3689 994 3748 puerum
1017 3670 1095 3729 hunc
1118 3690 1183 3730 meo
1202 3671 1308 3730 ducam

161 3758 293 3817 arbitrio.
340 3757 526 3819 Sententiam
549 3763 627 3820 recte
649 3762 838 3839 inter-pungit
859 3761 1073 3836 semiquinaria
1096 3778 1225 3819 caesura.
1262 3761 1307 3818 De

160 3846 309 3907 locutione
333 3852 400 3908 tuus
424 3854 464 3908 est
487 3851 558 3910 conf
579 3849 730 3928 Spengelii
751 3845 912 3910 adnotatio
941 3848 979 3907 ad
1002 3847 1094 3908 Andr.
1115 3848 1132 3906 l.
1152 3866 1174 3906 s.
1194 3865 1215 3907 s.
1262 3849 1307 3908 De

160 3934 307 3996 discedere
345 3937 416 3997 conf
447 3936 506 3998 Cic.
526 3938 657 4015 Philipp.
677 3938 751 3998 VIII
772 3940 804 4012 7,
829 3940 867 3998 21
905 3934 1000 3997 ‘illum
1038 3937 1074 3996 de
1110 3935 1210 3995 Gallia
1247 3956 1306 3996 non

159 4021 338 4085 discessisse’
363 4026 463 4088 Plaut.
482 4027 564 4087 Asin.
586 4029 647 4087 251
675 4024 777 4103 ‘quom
800 4027 919 4086 discesti
943 4027 981 4086 ab
995 4044 1059 4085 ‘ero
1087 4029 1177 4102 atque
1204 4026 1304 4086 abiisti

161 4113 197 4172 ad
212 4112 332 4175 forum’.
355 4116 449 4176 horno
464 4118 535 4177 conf
546 4116 640 4176 Lucil.
655 4117 704 4176 lib.
720 4116 849 4175 XXVIII
864 4136 891 4174 u.
909 4118 968 4175 781
987 4115 1083 4175 Plaut.
1098 4115 1225 4175 Mostell.
1242 4119 1304 4175 159

232 4341 257 4406 1)
277 4337 404 4394 ‘Praetor
423 4338 458 4393 ab
477 4339 597 4408 Illyricis
616 4340 695 4396 uenit
713 4341 796 4394 modo
816 4339 937 4410 Cynthia
956 4339 1037 4394 terrie
1056 4339 1178 4394 maxima
1198 4342 1305 4410 praeda

159 4408 213 4462 tibi
232 4411 355 4464 maxima
373 4428 440 4466 cura
459 4411 551 4477 mihi’,
570 4412 619 4466 ubi
638 4412 754 4467 Ticidae
772 4411 942 4465 uersiculum
961 4412 1046 4481 (Suet.
1067 4413 1102 4467 de
1123 4430 1238 4482 gramm
1261 4417 1304 4483 ll)

157 4479 287 4536 imitatus
305 4485 350 4536 est
367 4486 452 4552 poeta
472 4483 573 4554 ‘Lydia
592 4486 737 4539 doctorum
755 4484 878 4539 maxima
897 4499 964 4539 cura
982 4484 1073 4540 liber’.
