3036 5004
525 369 740 426 XXVI-XXIX
759 391 785 426 u.
806 377 956 426 oea-ees.
1252 371 1318 435 315

165 563 194 618 p.
212 543 263 616 45,
284 543 324 601 16
345 537 461 602 ‘casula
480 589 486 600 .
503 589 509 600 .
527 590 532 600 .
551 542 662 601 6161161
681 545 781 601 autem
801 561 819 601 a
837 540 950 601 Graeco
969 544 1070 617 66166,
1089 540 1168 617 quod
1190 541 1318 601 fustibus

166 632 321 709 clarisque
357 632 466 710 ligneis
502 631 541 690 ad
577 631 704 690 tutelam
741 631 927 690 dominorum
965 630 1076 690 armari
1113 631 1195 690 soliti
1236 624 1317 690 sint'.

166 742 194 798 p.
216 722 268 796 46,
289 723 328 780 15
354 718 485 781 ‘calones
509 722 600 780 calcei
618 740 654 778 61
672 721 756 799 ligno
774 717 858 779 facti'
878 741 906 797 p.
928 721 979 794 62,
999 721 1017 778 8
1039 714 1167 779 ‘calones
1186 719 1318 779 militum

168 812 247 870 serui
270 810 352 887 dicti,
377 812 429 887 qui
451 812 568 888 ligneas
587 811 689 871 616666
708 809 859 889 gerebant,
883 829 960 886 quae
980 808 1086 868 Graeci
1104 813 1179 868 κᾶλα
1196 804 1318 868 uooant’

168 927 211 948 =
225 901 302 960 Non.
321 922 350 977 p.
371 902 423 975 62,
444 902 494 960 16.
527 899 1102 977 6661666611661.66666322.
1132 898 1319 958 Vocabulum

167 990 277 1050 Lucilii
300 991 397 1050 colom
419 991 549 1067 priorem
572 989 681 1048 habere
704 988 881 1066 productam
903 988 972 1047 inde
996 987 1150 1065 probabile
1173 988 1216 1063 fit,
1240 987 1320 1064 quod

168 1099 186 1138 a
209 1082 414 1158 grammaticis
437 1082 629 1156 eomparatur
651 1099 718 1139 eum
744 1080 859 1138 calones
886 1081 915 1137 ei
943 1081 1018 1137 κᾶλα
1041 1076 1167 1138 Graeco:
1197 1096 1255 1153 quo
1283 1077 1319 1135 de

168 1168 314 1229 uocabulo
348 1169 420 1228 conf
444 1168 637 1229 Herwerdeni
668 1168 724 1228 lex.
754 1166 856 1228 Graec.
889 1168 1016 1244 supplet
1045 1169 1075 1226 et
1103 1167 1220 1227 dialect.
1244 1186 1266 1226 s.
1290 1186 1319 1225 6.

168 1281 196 1336 p.
217 1260 296 1318 416:
318 1277 424 1318 reuera
447 1277 509 1318 esse
533 1258 713 1318 uocabulum
736 1256 882 1317 Graecum
900 1256 969 1316 inde
988 1257 1112 1334 colligas
1132 1255 1211 1333 quod
1225 1256 1320 1333 Hesy-

169 1349 236 1409 chio
254 1351 330 1408 teste
349 1347 490 1408 similiter
507 1352 598 1424 atque
616 1347 750 1408 Lucilius
769 1346 845 1406 dixit
862 1347 962 1407 661666
980 1347 1076 1407 calam
1095 1345 1174 1422 apud
1193 1345 1321 1405 Graecos

169 1438 323 1497 dicebatur
354 1440 556 1516 καλοκοπῆσαι
588 1456 643 1514 616
671 1436 880 1516 talonensem.
930 1435 1030 1495 Verba
1057 1438 1220 1513 septenarii
1251 1438 1321 1495 6661

169 1528 333 1604 particula:
356 1547 453 1588 sermo
477 1529 645 1587 castrensis.

258 1610 343 1679 967.
366 1617 528 1676 Puerorum
551 1619 728 1676 sectatorem
754 1634 822 1674 cum
850 1615 1008 1675 scarabaeo
1036 1616 1213 1675 stercorario
1243 1632 1321 1674 com-

170 1709 258 1782 parat
280 1709 382 1783 poeta:
405 1706 476 1765 uide
499 1705 538 1765 ad
561 1706 664 1765 ineert.
683 1726 711 1764 u.
733 1706 827 1764 1186.
874 1704 935 1774 Qui
957 1705 1030 1764 feles
1052 1704 1184 1780 pullaria
1211 1703 1323 1763 dieitur

172 1815 239 1855 cum
262 1798 302 1855 sit
323 1793 504 1877 caedendos}
528 1787 596 1877 (ΑΡ
613 1795 673 1854 XII
692 1787 749 1875 42)
773 1794 934 1854 6666116616
957 1793 1056 1852 Plauti
1079 1793 1245 1871 exemplum
1269 1793 1321 1869 qui

171 1886 232 1944 alia
262 1884 379 1945 ratione
411 1885 547 1944 lenonem
580 1885 747 1962 appellauit
780 1880 880 1943 ‘felem
916 1878 1124 1960 uirginuriam'
1158 1884 1237 1942 Pers.
1259 1884 1320 1942 151

171 1968 260 2055 (liud.
283 1967 370 2056 748).
407 1975 452 2034 De
470 1976 624 2049 6661161166
647 1974 719 2033 coni
733 1972 982 2033 Friedlaenderus
1001 1973 1039 2031 ad
1058 1972 1176 2032 Petron.
1196 1973 1238 2031 43
1250 1975 1322 2032 extr.

171 2063 256 2133 Quod
279 2064 391 2124 dieitur
415 2059 582 2141 ‘peruersae
605 2064 730 2123 Veneris
753 2063 868 2138 postico
891 2063 1013 2121 uolnere
1031 2054 1096 2144 ,(116
1119 2062 1174 2122 cod
1196 2062 1323 2140 Maglia-

171 2153 357 2228 beoehianus,
376 2155 498 2214 6616616
512 2148 661 2234 Τ1116666)
680 2148 798 2227 166661’,
817 2151 848 2210 16
867 2151 986 2211 6166161
999 2151 1150 2211 Ausonius
1170 2152 1323 2227 scripsisse

172 2243 209 2301 ad
227 2244 427 2302 imitationem
446 2243 582 2302 Sallustii
602 2241 795 2302 historiarum
814 2235 874 2322 (HI
890 2242 941 2315 98,
956 2243 999 2299 20
1016 2261 1045 2317 p.
1067 2233 1323 2321 152116616611.)

172 2333 224 2409 qui
246 2332 282 2390 de
306 2334 418 2408 stupris
441 2331 536 2390 illatis
560 2351 578 2390 6
601 2330 739 2409 fugitiuis
764 2325 881 2391 ‘contra
903 2333 1097 2407 praeceptum
1116 2328 1199 2389 ducis
1218 2348 1323 2406 rapere

172 2422 211 2481 66
234 2426 370 2498 stuprum
392 2422 526 2499 uirgines
549 2424 775 2496 matronasque:
799 2423 829 2479 et
852 2420 906 2478 alii
929 2411 1048 2501 (666661
1070 2419 1128 2478 duo
1150 2412 1325 2499 661666)...

172 2531 251 2571 6666
274 2503 422 2570 restantes
446 2514 476 2569 61
499 2509 658 2569 eludebant
681 2509 771 2568 simul
795 2508 957 2568 nefandum
979 2508 1011 2566 in
1034 2507 1154 2567 modum
1181 2526 1323 2584 peruerse

172 2601 294 2659 uolnere
325 2603 356 2659 61
390 2599 538 2659 interdum
574 2599 705 2658 lacemm
741 2617 847 2674 corpus
885 2598 1091 2657 semianimum
1129 2592 1324 2656 omittentes’.

172 2688 282 2749 Lucilii
304 2688 397 2748 66116
419 2689 560 2748 uidentur
582 2689 673 2748 fuisse
697 2682 838 2764 ‘subpilo'
865 2686 895 2744 16
925 2690 970 2746 661
998 2689 1050 2762 qui
1077 2705 1184 2762 pueros
1211 2686 1324 2763 pilosos

174 2778 317 2837 subuellit
339 2778 510 2854 glabrorum
534 2781 650 2837 amator
672 2770 723 2857 (66
747 2777 881 2836 66166116
905 2777 974 2835 6166
998 2774 1036 2834 66
1054 2775 1104 2834 lib.
1124 2774 1182 2833 VH
1200 2795 1229 2834 u.
1251 2776 1326 2849 264,

174 2867 210 2926 66
229 2867 367 2946 glabellis
386 2867 689 2926 666166161186666,
709 2866 794 2943 epist.
816 2868 867 2941 47,
888 2857 931 2946 7),
956 2860 1072 2942 ‘pullo’,
1096 2859 1221 2940 ‘premo'
1242 2857 1325 2944 (pre-

174 2972 237 3015 mor
260 2950 359 3036 codd).
404 2956 440 3015 In
468 2956 577 3033 quibus
603 2957 719 3030 subpilo
747 2955 858 3014 dietum
887 2958 918 3015 61
939 2971 1041 3029 premo
1069 2958 1104 3013 ut
1130 2954 1185 3012 ille
1212 2956 1326 3015 6616666

174 3047 299 3105 combibe
327 3047 435 3106 mondo
458 3065 535 3122 quae
563 3047 691 3105 nouauit
713 3044 861 3119 Lucilius,
889 3049 992 3119 oppeto
1020 3061 1084 3103 erro
1112 3045 1229 3104 calcitro
1257 3043 1327 3118 6116,

172 3137 254 3209 66116
282 3154 336 3211 616
359 3136 493 3209 pullario
521 3136 652 3211 positum
679 3139 714 3194 ut
741 3137 811 3194 trice
838 3135 936 3195 666116
967 3134 1005 3192 61
1038 3133 1154 3209 eodem,
1187 3135 1327 3194 66611666

174 3227 303 3299 Persius,
325 3224 398 3284 Stilo
422 3226 631 3302 appellabatur
653 3224 767 3300 Aelius,
791 3225 860 3282 6116.
905 3223 970 3283 1166
992 3225 1101 3284 Proeto
1124 3226 1169 3282 est
1190 3223 1326 3283 concubi-

175 3318 224 3374 tus
244 3335 292 3391 ap.
307 3315 466 3394 Augustin.
482 3315 517 3373 66
538 3315 620 3374 cinit.
631 3315 658 3373 6.
669 3314 713 3373 VI
728 3315 747 3373 9
762 3314 821 3373 nol.
836 3314 893 3390 Ip.
908 3315 981 3386 291,
997 3315 1037 3372 25
1053 3313 1222 3372 Hoffmann.
1254 3312 1327 3372 Ver·

175 3425 242 3463 sum
263 3404 374 3464 Lucilii
397 3407 599 3481 septenarium
622 3404 713 3464 fuisse
736 3402 891 3480 probabile
914 3402 1049 3461 redditur
1071 3404 1185 3477 subpilo
1207 3402 1327 3461 nomine

176 3494 298 3553 cretico:
322 3493 475 3570 scripseris
497 3490 635 3570 ‘subpilo
658 3494 742 3570 pullo
760 3488 932 3569 premoque'
952 3493 997 3551 ita
1015 3496 1050 3551 ut
1067 3493 1147 3552 iusta
1165 3493 1328 3568 septenarii

176 3583 287 3642 euadat
314 3601 445 3643 caesura.
491 3585 585 3643 Nouit
607 3583 758 3643 Ausonius
787 3581 933 3642 uocabula
960 3581 1119 3641 Luciliana
1146 3602 1181 3640 ex
1208 3580 1328 3640 Horatii

177 3672 225 3730 uel
254 3672 349 3731 Persii
378 3673 479 3749 aliquo
507 3673 720 3732 commentario
748 3672 838 3731 sicuti
860 3672 975 3732 Mosell.
996 3673 1059 3730 245
1084 3673 1114 3730 61
1138 3671 1201 3729 298
1227 3673 1328 3746 666116

178 3760 269 3819 Ennii
292 3780 396 3821 uersus
419 3763 556 3822 imitatur
578 3780 649 3823 usus
672 3761 893 3821 commentariis
917 3761 1108 3840 Vergilianis.

685 3986 819 4052 Dubia.

268 4111 351 4178 968.
371 4116 510 4177 Placidus
530 4116 604 4177 OGL
624 4117 652 4173 V
670 4138 698 4195 p.
719 4119 771 4191 58,
791 4118 832 4176 39
853 4113 1044 4193 ‘Gordipugis
1062 4115 1198 4174 uersibus
1218 4115 1329 4175 litteris

178 4207 269 4268 66166
291 4202 563 4285 pungenti<bu>s':
589 4207 707 4266 Lucilio
735 4206 843 4265 tribuit
867 4205 1065 4265 Bnehrensius
1086 4206 1164 4264 943:
1192 4203 1262 4263 uide
1292 4204 1330 4264 ad

178 4299 281 4359 166611.
303 4300 397 4357 1222.
435 4297 541 4356 Exitus
564 4296 684 4355 uidetur
707 4314 770 4355 esse
794 4295 957 4372 septenarii
979 4295 1028 4353 uel
1051 4295 1174 4354 senarii:
1200 4295 1331 4353 tristibus

133 4431 137 4437 -
179 4388 263 4447 dietis
286 4387 338 4447 lib.
358 4387 439 4446 XXX
457 4407 485 4445 u.
508 4389 593 4447 1014
617 4385 653 4445 66
676 4385 813 4444 66161166
837 4388 967 4459 6616166,
990 4386 1009 4443 i.
1029 4404 1053 4443 e.
1076 4381 1269 4464 66661γὲ66.

268 4471 354 4539 969.
381 4476 497 4537 Nouius
520 4497 549 4554 p.
570 4478 644 4550 274,
664 4478 705 4535 22
736 4471 932 4550 ‘conducere
963 4474 1037 4536 utile
1065 4493 1129 4539 esse
1148 4493 1164 4529 a
1180 4492 1195 4528 *
1212 4492 1228 4528 a
1248 4473 1331 4541 solus
