3060 5010
217 385 281 452 134
658 381 697 436 1x
714 401 742 436 u.
762 386 911 437 ese-aea.

145 583 147 586 >
215 555 271 617 GL
295 555 340 616 VI
366 575 395 633 p.
415 554 471 630 16,
498 552 560 613 31<
599 548 709 613 ‘Pilum
746 554 832 612 aiunt
869 550 1000 612 militare
1039 554 1070 611 et
1096 552 1195 612 ¹uinea
1311 574 1368 633 per

215 665 231 707 e
264 649 295 706 et
326 647 338 705 i
369 643 537 719 scribenda,
565 645 598 702 at
625 642 650 702 si
682 643 778 720 pilum
810 642 850 702 sit
882 660 940 718 quo
972 641 1132 719 pinsitores
1163 645 1367 704 utuntur

215 755 269 814 per
290 731 323 794 i'.
363 733 429 795 lem
451 732 488 793 de
510 732 522 790 i
544 733 648 792 littera
665 733 729 811 egit
750 734 848 810 poeta.
889 732 1048 810 Ilongam
1065 731 1128 791 iam
1144 732 1248 793 Plauti
1267 737 1367 795 aetate

216 827 242 885 ci
274 828 304 885 et
335 824 562 903 pronuntiatam
591 825 622 882 et
649 823 792 899 scriptam
818 820 911 881 fuisse
939 821 1056 900 egregie
1086 823 1215 883 testatur
1241 823 1368 884 Plautus

216 915 287 975 dum
311 917 374 990 aira
397 915 427 972 et
451 930 502 974 cra
524 912 678 972 uocabulis
705 911 785 971 ludit
814 911 932 971 Trucul.
953 911 1026 970 262.
1073 911 1162 989 Apud
1183 911 1333 975 Lucilium
1356 913 1368 972 i

215 1006 309 1086 longa
336 986 388 1063 uel
408 1003 502 1078 plenu
528 1002 579 1060 uel
600 1003 724 1077 ptnpuis
752 1000 922 1078 appellatur
950 992 993 1082 (u.
1012 1001 1085 1060 361.
1115 993 1209 1083 370):
1241 1004 1369 1078 opimius

216 1097 304 1155 sonat
329 1094 385 1153 illa
414 1090 534 1170 quidem
563 1091 641 1168 apud
670 1090 730 1151 cio.
749 1089 798 1150 Or.
820 1092 882 1150 157
907 1093 998 1166 extus
1026 1091 1078 1168 qui
1107 1092 1120 1149 i
1146 1090 1265 1153 sublata
1293 1095 1324 1152 et
1351 1114 1368 1152 e

216 1184 390 1262 plenissima
404 1182 600 1260 pronuntiata
612 1199 775 1260 messorum
789 1181 923 1259 linguam
938 1180 1016 1240 effici
1028 1179 1143 1240 iudicat
1156 1180 1192 1241 de
1211 1201 1252 1242 or.
1263 1183 1309 1242 111
1324 1184 1366 1242 46

218 1265 328 1355 (Varro
352 1292 408 1332 rer.
425 1274 501 1331 rust.
519 1272 536 1330 I
554 1272 606 1344 48,
626 1262 669 1352 2).
718 1270 877 1330 Tcacuodo
906 1269 986 1347 quod
1015 1272 1120 1330 auctor
1140 1271 1306 1332 rhetoricae
1329 1272 1369 1332 ad

217 1362 287 1422 Her.
301 1362 346 1422 IV
366 1363 417 1436 21,
433 1363 474 1421 29
500 1361 634 1438 appellat
656 1361 861 1420 adtenuatiooc
882 1361 894 1418 i
915 1359 1040 1438 simplex
1059 1377 1095 1418 er
1113 1362 1139 1420 εἰ
1158 1361 1267 1431 euadit,
1292 1381 1368 1439 quae

217 1454 248 1512 et
269 1453 368 1512 breuis
392 1453 423 1510 et
444 1451 536 1528 longa
559 1468 621 1510 esse
644 1451 744 1527 potest
765 1450 778 1508 i
801 1449 921 1509 uocalis.
966 1449 1059 1509 Poeta
1081 1450 1141 1508 tria
1163 1449 1211 1511 his
1234 1451 1368 1512 uersibus

218 1541 304 1619 ponit
331 1542 500 1619 praecepta.
550 1539 683 1599 Primum
716 1539 803 1599 docet
829 1539 841 1597 i
873 1539 995 1618 longam
1025 1539 1200 1617 plerumque
1233 1544 1368 1619 oportere

217 1650 271 1709 per
303 1632 328 1689 ei
360 1629 450 1690 scribi
481 1629 578 1689 ueluti
609 1630 715 1697 mcillc,
745 1629 857 1698 mollia,
889 1629 999 1698 mettas,
1030 1628 1189 1689 matidiam.
1223 1663 1264 1672 —-
1295 1632 1369 1690 item

217 1721 308 1779 huce
331 1722 459 1795 utroque
483 1713 570 1796 opus]
595 1717 669 1777 haec
690 1720 769 1778 recte
793 1717 906 1778 medita
929 1737 991 1778 esse
1015 1718 1127 1778 credidi
1149 1739 1217 1779 cum
1239 1720 1369 1799 legerem

218 1829 266 1888 ap.
284 1809 382 1890 Plaut.
402 1808 477 1867 Rud.
499 1808 561 1867 726
587 1803 644 1866 ‘Tu
667 1826 755 1868 senex
778 1808 805 1866 si
826 1808 901 1868 istas
925 1826 1008 1867 amas
1030 1809 1090 1868 huc
1111 1809 1195 1869 arido
1214 1812 1370 1890 argentost

218 1893 314 1977 opus’.
344 1930 385 1940 -
413 1901 534 1971 morae
561 1897 599 1957 ad
627 1897 685 1957 duo
713 1895 860 1956 uocabula
887 1916 965 1974 quae
992 1900 1132 1958 secuntur
1157 1901 1288 1976 pertinet
1317 1900 1369 1959 ad·

218 1989 363 2064 uerbium,
386 1985 645 2063 c'monosyllabon
664 1986 957 2064 elisionem‘patitur
979 1990 1014 2047 ut
1036 2007 1065 2046 u.
1084 1988 1173 2049 huius
1196 1989 1267 2048 libri
1290 1991 1369 2051 3⁷0:

219 2074 322 2139 ‘addes
359 2097 375 2135 e
411 2079 446 2136 nt
481 2076 602 2156 pingius
629 2071 708 2136 fiat':
741 2076 809 2136 uide
841 2076 930 2136 indic.
956 2096 1080 2157 gramm.
1108 2096 1130 2137 s.
1158 2098 1187 2137 u.
1213 2080 1369 2154 prodacto

219 2170 250 2227 et
281 2168 369 2227 elisio.
402 2198 446 2208 -
480 2166 552 2226 359.
585 2165 701 2226 Deinde
732 2166 892 2243 praecipit:
925 2161 1055 2245 ‘oportet
1090 2169 1194 2228 tenues
1230 2171 1242 2227 i
1274 2169 1370 2228 ueluti

220 2252 352 2334 “pilam,
379 2256 412 2314 in
440 2274 501 2332 qua
528 2250 688 2315 lusimus”.
738 2255 952 2316 Accusatinum
984 2276 1044 2316 non
1070 2257 1158 2317 tolles
1186 2276 1253 2317 cum
1280 2261 1370 2318 antea

218 2346 338 2426 legatur
357 2339 574 2421 “meilitiam'',
591 2348 697 2423 postea
715 2339 832 2421 “pitum
851 2363 906 2421 quo
919 2349 988 2421 ptso
1010 2341 1141 2407 Μεθ’.
1178 2347 1223 2408 De
1236 2350 1271 2408 in
1283 2368 1370 2426 prae·

219 2436 367 2513 positione
390 2434 459 2494 uide
483 2434 521 2496 ad
543 2434 642 2494 XXVI
660 2455 688 2494 u.
709 2436 782 2495 641.
824 2434 930 2495 Sueius
954 2455 1001 2513 ap.
1019 2436 1096 2497 Non.
1109 2456 1138 2512 p.
1157 2437 1229 2512 139,
1249 2439 1290 2496 24
1314 2433 1370 2498 ‘sic

219 2525 361 2586 incedunt
388 2527 419 2584 et
444 2526 476 2583 in
504 2524 622 2585 labellis
649 2525 833 2587 morsicatim
860 2519 1008 2585 lusitant'.
1039 2558 1077 2567 —
1106 2527 1213 2603 Itaque
1236 2529 1249 2586 i
1270 2527 1370 2587 breuis

220 2635 336 2693 semper
362 2614 524 2695 secundum
550 2613 699 2676 Lucilium
727 2615 738 2673 i
766 2615 830 2675 sola
857 2615 1012 2675 scribenda
1040 2617 1092 2675 est.
1142 2615 1207 2676 Iam
1235 2618 1371 2694 sequitur

220 2707 342 2765 tertium
378 2706 571 2783 praeceptum
608 2705 688 2781 quod
722 2704 858 2782 ineptum
894 2723 957 2765 esse
994 2707 1073 2764 recte
1109 2705 1224 2765 iudicat
1256 2706 1370 2768 Marius

220 2794 393 2855 Victorinus
425 2794 445 2853 l.
464 2813 486 2855 s.
506 2813 528 2854 s.
579 2794 699 2854 Etenim
733 2794 745 2852 i
782 2795 903 2873 longam
940 2793 1027 2853 modo
1064 2796 1090 2854 ct
1121 2794 1307 2856 scribendam
1340 2799 1372 2857 et

220 2883 475 2961 pronuntiandam
497 2883 586 2943 modo
609 2886 620 2942 ι’
643 2885 675 2943 in
698 2883 796 2944 uerbis
819 2882 967 2944 similibus
986 2903 1048 2944 esse
1066 2884 1172 2961 uoluit,
1196 2905 1255 2961 quo
1273 2887 1371 2964 magis

221 2975 333 3034 similia
365 2973 458 3032 uerba
488 2972 568 3033 inter
600 2992 631 3033 se
664 2972 790 3034 discerni
821 2975 945 3050 possint.
995 2974 1102 3050 Itaque
1134 2974 1249 3040 docuit:
1283 2970 1371 3035 ‘illud

221 3065 317 3140 pilum
341 3081 399 3138 quo
422 3063 487 3140 piso
511 3064 614 3122 tenues
638 3065 763 3140 oportet.
808 3064 850 3123 At
872 3063 936 3140 pila
959 3082 1034 3139 quae
1057 3065 1183 3124 iacimus
1206 3066 1236 3124 et
1259 3065 1370 3126 scribas

222 3156 252 3212 et
275 3152 448 3229 pronunties
471 3147 571 3228 peila’.
617 3151 750 3212 Lucilius
778 3157 880 3213 tamen
910 3173 1002 3229 quare
1022 3171 1080 3212 non
1104 3154 1255 3232 singulare
1272 3156 1372 3228 pilum

222 3242 301 3319 quod
333 3241 457 3301 iacimus
487 3241 620 3300 militare
651 3242 786 3318 posuerit
817 3243 992 3320 exemplum,
1024 3244 1076 3303 sed
1105 3244 1216 3320 plurali
1247 3264 1371 3305 numero

217 3331 284 3406 peta
307 3330 409 3407 plura,
435 3349 495 3389 non
522 3331 583 3389 iam
611 3333 711 3407 potest
732 3332 876 3412 intellegi.
922 3333 1012 3393 Recte
1035 3333 1134 3393 locum
1155 3335 1371 3410 interpretetus

222 3423 268 3480 est
294 3420 406 3480 Marius
432 3418 605 3479 Victorinus
633 3420 652 3478 l.
668 3440 690 3479 s.
704 3438 741 3480 a:
770 3420 874 3482 Velius
901 3422 1023 3503 Longus
1050 3442 1105 3500 pro
1127 3424 1225 3498 pilum
1254 3425 1371 3502 generis

221 3510 322 3570 neutri
350 3527 408 3585 quo
436 3510 654 3569 concinniorem
681 3509 817 3570 redderet
842 3511 953 3570 Lucilii
985 3531 1150 3573 samonem
1176 3516 1277 3589 posuit
1303 3514 1372 3588 pilu

222 3599 397 3681 femininum
421 3599 439 3656 l.
455 3617 477 3658 s.
492 3617 528 3657 sa
552 3594 642 3673 ‘peila
665 3599 774 3676 quibus
796 3601 907 3660 milites
930 3603 1067 3678 utantur,
1096 3621 1151 3680 per
1172 3622 1188 3662 e
1211 3604 1243 3662 et
1264 3605 1276 3661 i
1299 3604 1372 3662 scri·

222 3688 319 3749 benda
341 3689 502 3763 existimat,
525 3691 558 3748 at
575 3690 643 3763 pila
665 3691 697 3748 in
725 3708 785 3767 qua
807 3692 943 3768 pinsetur
964 3712 1018 3768 per
1040 3687 1076 3751 i':
1104 3711 1201 3769 neque
1228 3694 1329 3752 tamen
1353 3713 1372 3752 a

222 3799 362 3839 uersuum
397 3779 530 3856 ipsorum
566 3779 716 3856 scriptura
753 3781 805 3856 qui
836 3781 934 3856 ptlaon
970 3799 1026 3856 qao
1061 3783 1211 3842 testantur
1242 3781 1372 3842 arbitror

222 3867 425 3929 recedendum.
444 3869 580 3928 -361,
600 3885 675 3941 occe
692 3871 832 3930 mamus:
850 3869 919 3930 uide
933 3870 993 3930 ind.
1003 3890 1126 3950 gramm.
1137 3891 1198 3932 su.
1207 3873 1371 3947 productio.

313 3950 396 4019 362.
424 3957 507 4018 Beda
534 3957 570 4017 de
598 3960 662 4018 arte
689 3961 813 4018 metrica
841 3958 896 4018 GL
915 3960 974 4020 Vll
996 3981 1025 4038 p.
1046 3961 1161 4036 251,e
1191 3961 1265 4021 dicit
1292 3961 1372 4022 enim

223 4046 380 4107 Paulinus:
412 4041 576 4108 ‘oblectans
607 4049 727 4125 inopem
758 4068 845 4110 sensu
878 4051 1034 4127 fructuque
1065 4045 1187 4126 peculii’
1297 4043 1371 4133 (16)

223 4136 418 4197 Fortunatus:
442 4131 640 4198 “‘Vinoentii
662 4137 826 4216 Hispaniae
854 4141 950 4219 surgit
982 4138 1019 4199 ab
1043 4158 1109 4198 arce
1133 4135 1254 4199 decus”.
1287 4140 1371 4201 cuius

223 4227 339 4286 scansio
362 4243 467 4285 uersus
494 4246 551 4304 par
574 4229 619 4288 est
640 4229 784 4304 praefati,
805 4229 865 4288 nisi
886 4229 964 4288 forte
987 4228 1122 4307 regulam
1144 4228 1255 4289 Lucilii
1277 4233 1372 4290 secuti

224 4317 302 4388 sunt,
325 4314 377 4391 qui
398 4315 526 4375 Lucium
549 4308 608 4399 (ite
630 4311 697 4376 ΡΨ
719 4319 851 4378 lucilium
873 4310 954 4399 P’L)
983 4320 1014 4378 et
1035 4317 1198 4378 Aemilium
1221 4321 1252 4379 et
1273 4322 1372 4380 cetera

223 4404 353 4478 nomina,
377 4423 453 4481 quae
476 4408 546 4465 ante
568 4426 588 4464 u
610 4405 723 4465 habent
744 4408 765 4481 i,
787 4425 846 4466 non
870 4408 966 4467 solum
984 4409 1016 4467 in
1037 4407 1186 4476 uocatiuo,
1209 4408 1372 4469 sedetiam

223 4493 256 4553 in
288 4492 429 4572 genetiuo
462 4512 532 4554 casu
561 4514 615 4571 per
646 4515 739 4554 unum
765 4498 777 4554 i
809 4496 960 4556 existimat
987 4494 1077 4557 scribi
1105 4493 1211 4574 posse!
1260 4497 1372 4559 Lucilii
