3060 5010
584 350 673 405 xxv]
691 370 718 405 u.
739 356 890 407 ers-cer.
1248 352 1312 417 231

165 523 234 582 aluo
257 522 362 582 matris
385 523 494 581 natura
511 515 666 599 profudit'.
679 551 725 563 —
738 521 857 597 Exponi
874 521 993 581 uidetur
1011 521 1173 582 secundum
1191 522 1315 600 Epicuri

165 611 333 672 doctrinam
355 612 514 685 hominem,
538 613 572 670 ut
594 610 708 670 animal
731 630 826 686 omne,
848 613 894 670 ita
912 612 958 670 uti
976 613 1081 671 netum
1099 616 1154 688 est,
1175 612 1314 690 uolupta-

165 705 227 762 tem
249 703 390 777 appetere
414 692 488 781 (cic.
507 700 610 759 defin.
630 701 645 760 Ι
666 702 694 774 9,
714 702 757 759 30
780 701 927 776 Epicurea
950 721 978 777 p.
999 694 1146 783 26433).

254 783 338 852 624.
361 791 477 849 Nonius
490 810 524 866 p.
544 791 618 864 367,
640 793 681 850 10
706 785 830 865 ‘Patara
858 809 974 867 cupere,
1004 794 1151 867 appetere.
1177 791 1314 851 ...Lu-

165 880 251 941 cilius
274 880 325 940 lib.
344 880 444 939 XXVI
467 874 539 940 “siu
558 925 564 937 .
585 926 591 938 .
612 926 617 938 .
638 883 668 939 et
689 873 845 956 putant’'.'
887 880 983 940 ctdel
1005 880 1117 941 Iunius.
1159 879 1315 941 Sententia

165 974 210 1031 est
232 970 416 1047 imperfecta,
440 974 466 1028 et
488 969 585 1028 deleto
608 969 703 1029 nihilo
726 968 832 1029 melior
854 968 889 1028 fit
911 970 1108 1030 enuntiatum.
1148 969 1260 1048 Agitur
1278 971 1314 1030 de

164 1062 299 1136 sapiente
323 1060 482 1136 Epicureo:
510 1078 598 1135 quem
621 1061 645 1119 si
674 1060 807 1118 homines
834 1058 939 1118 uident
966 1058 1044 1119 bona
1071 1078 1187 1137 semper
1213 1063 1314 1137 petere

165 1153 195 1210 et
216 1153 326 1226 putent
346 1148 504 1227 iudignum
526 1166 590 1208 esse
616 1148 737 1208 homine
763 1149 929 1224 uoluptatis
959 1148 1106 1224 studium,
1134 1169 1314 1227 magnopere

164 1242 273 1299 errant.
323 1238 521 1298 Aduerserius
553 1238 633 1297 enirn
664 1238 815 1312 hortatur,
846 1240 883 1296 ut
913 1236 1119 1314 philosophiae
1152 1239 1252 1299 studio
1283 1259 1314 1299 se

165 1328 255 1389 dedet
277 1330 378 1406 potius
401 1329 491 1405 poete
514 1345 639 1404 eamque
661 1327 851 1388 commendat
875 1330 1048 1404 praecipue:
1075 1331 1148 1388 conf
1167 1328 1315 1404 Epicurea

164 1439 193 1494 p.
209 1419 272 1477 333
288 1437 326 1477 no
342 1419 407 1477 580
415 1436 495 1494 seqq.
510 1416 560 1477 Vs.
576 1449 620 1458 —
634 1418 710 1477 bona
718 1422 825 1493 petere,
841 1417 913 1476 conf
923 1416 1001 1476 TRF
1015 1417 1058 1479 ed.
1075 1417 1190 1478 3Ribb.
1205 1438 1233 1494 p.
1250 1420 1312 1478 277

165 1503 247 1567 ‘nam
276 1506 394 1584 sapiens
421 1507 530 1566 uirtuti
557 1507 699 1567 honorem
726 1508 905 1583 praemium,
936 1506 1016 1565 haud
1045 1508 1188 1584 praedam
1215 1504 1314 1586 petit’:

164 1599 217 1657 hoc
238 1598 413 1674 pronomine
435 1600 673 1675 praeoccupatum
695 1598 883 1657 accusatiuus
906 1615 972 1656 cum
995 1597 1154 1657 infinitiuo.

258 1679 341 1747 625.
365 1686 481 1748 Nouius
504 1706 533 1762 p.
554 1688 605 1761 88,
625 1689 666 1746 33
696 1681 790 1746 ‘cordi
818 1689 875 1761 est,
906 1686 1029 1746 honeste
1057 1687 1183 1761 dictum,
1215 1687 1314 1746 animo

165 1776 249 1837 sedet
274 1767 360 1855 (ocni
379 1776 435 1837 Iul.
454 1776 554 1835 Valer.
578 1776 615 1836 ed
641 1776 784 1836 Kuebleri
806 1796 834 1853 p.
856 1776 918 1835 256
939 1794 961 1835 3.
980 1797 1008 1835 u.
1032 1768 1150 1857 sedere)
1181 1776 1314 1836 Lucilius

164 1865 214 1925 lib.
233 1866 333 1925 XXVI
347 1911 353 1924 .
369 1911 376 1925 .
392 1910 398 1924 .
412 1865 552 1942 idemque
577 1861 627 1925 “si
649 1865 706 1925 tibi
721 1912 727 1924 .
743 1913 748 1924 .
765 1911 771 1924 .
786 1865 867 1942 quod
888 1884 920 1925 rc
941 1860 1092 1925 utilem''.’
1130 1866 1257 1942 Propter
1282 1865 1314 1924 id

165 1955 245 2033 quod
267 1957 402 2032 sequitur
425 1956 626 2033 fragmentum
650 1956 687 2015 ad
708 1954 914 2032 philosophiae
933 1955 1065 2015 studium
1083 1974 1204 2016 uersum
1222 1957 1314 2033 perti-

164 2065 233 2105 nere
260 2045 402 2105 arbitror:
431 2064 612 2122 quamquam
641 2048 732 2104 etiam
762 2044 801 2105 ad
832 2044 974 2105 historiae
1002 2044 1135 2105 studium
1166 2046 1315 2122 pertinere

164 2137 264 2211 potest
297 2138 383 2194 euius
415 2134 451 2194 de
483 2135 616 2195 utilitate
649 2137 714 2212 agit
739 2135 826 2194 Diod.
846 2135 861 2193 Ι
881 2137 947 2208 2,7
977 2134 1098 2195 Lucian.
1123 2154 1222 2211 quom.
1245 2135 1314 2194 hist.

166 2243 276 2285 consor.
298 2226 326 2283 9.
366 2223 483 2283 Lueret
502 2224 546 2283 IV
567 2226 609 2283 24
638 2220 719 2284 ‘dum
747 2226 875 2301 percipis
903 2243 1020 2283 omnem
1047 2227 1187 2285 natiuam
1215 2244 1315 2284 rerum

165 2333 201 2374 ac
223 2314 370 2391 persentis
393 2309 685 2373 utilitatem’133l
713 2309 804 2389 ‘quod
827 2313 882 2372 tibi
905 2330 1048 2391 cognosse
1070 2315 1103 2374 in
1128 2314 1232 2374 multis
1257 2315 1316 2374 erit

165 2404 240 2463 utile
263 2397 362 2463 rebus'
382 2402 429 2462 111
448 2404 526 2464 206:
554 2404 625 2463 conf
650 2420 726 2479 quae
754 2403 853 2462 adnot.
877 2403 915 2462 ad
938 2422 966 2461 u.
990 2407 1171 2479 sequentem.
1191 2436 1232 2445 —
1251 2420 1316 2463 rere

165 2494 279 2565 Iunius,
302 2494 421 2569 optime.
447 2492 449 2497 ’

254 2575 338 2643 626.
361 2583 477 2642 Nonius
496 2603 523 2659 p.
544 2582 618 2655 388,
639 2584 678 2641 16
707 2575 850 2640 ‘Saeuum
877 2581 987 2641 dicitur
1015 2582 1129 2640 inmite.
1154 2627 1159 2639 .
1181 2626 1186 2639 .
1207 2625 1213 2638 .
1233 2580 1313 2641 idem

164 2672 215 2732 lib.
234 2672 333 2730 XXVI
352 2666 514 2747 “quodque
533 2674 563 2730 te
581 2670 613 2729 in
632 2674 658 2730 tc
675 2673 707 2730 in
725 2671 944 2747 tranquillum.
961 2717 966 2728 .
983 2672 1134 2746 ,transfer
1154 2672 1313 2746 tempesta·

164 2755 290 2822 tibus''.'
336 2762 476 2835 tonsfcrt
498 2762 654 2820 Meroerus.
699 2760 810 2838 Agitur
832 2760 868 2818 de
891 2760 1097 2837 philosophiae
1121 2759 1220 2820 studio
1242 2760 1314 2837 Epi·

165 2871 283 2912 cureae:
307 2845 387 2925 ‘Tu’,
408 2852 516 2926 inquit,
539 2844 620 2909 ‘huic
643 2850 742 2910 studio
764 2852 795 2909 te
818 2849 935 2923 dedisti,
958 2849 1037 2925 quod
1060 2851 1210 2926 sapientia
1231 2851 1262 2908 te
1282 2851 1315 2909 in

164 2941 363 3018 tranquillum
391 2959 425 3000 ex
454 2941 552 3000 saeuis
579 2938 806 3016 tempestatibus
833 2934 987 2999 transfert'
1016 2939 1133 2999 Lucret.
1152 2938 1179 2996 V
1200 2940 1312 3016 9seqq.

166 3027 230 3107 ‘qui
251 3031 388 3107 princeps
411 3029 493 3090 uites
515 3029 662 3089 rationem
684 3029 800 3088 inuenit
824 3048 903 3103 eam,
931 3047 1007 3104 quae
1034 3047 1112 3088 nunc
1140 3028 1311 3106 appellatur

164 3120 326 3198 sapientia,
357 3119 468 3196 quique
494 3139 549 3195 per
575 3122 671 3178 artem
698 3119 836 3178 fluctibus
864 3138 880 3178 e
907 3120 1001 3180 tantis
1031 3121 1127 3178 uitam
1158 3120 1311 3194 tantisque

164 3210 294 3271 tenebris
322 3211 354 3269 in
382 3213 444 3269 tem
470 3209 634 3286 tranquillo
662 3212 692 3269 ct
718 3211 781 3268 tarn
809 3209 891 3268 clara
918 3209 983 3268 luce
1013 3201 1138 3268 locauit'
1168 3208 1314 3285 Epicurus

165 3300 250 3378 epist.
269 3299 285 3359 I
303 3321 331 3376 p.
352 3302 382 3375 4,
401 3299 481 3359 833.
506 3297 580 3359 ὅθεν
603 3297 640 3376 δὴ
663 3306 736 3358 πᾶσι
759 3297 903 3377 χρησίμης
926 3294 1019 3376 ούσης
1041 3301 1103 3371 τοῖς
1120 3289 1314 3380 ᾠκειωμένοις

165 3389 343 3471 φυσιολογίᾳ
365 3397 418 3467 τῆς
439 3389 578 3466 τοιαύτης
601 3384 674 3448 ὀδοῦ
700 3395 876 3467 παρεγγυῶν
902 3386 935 3447 τὸ
962 3383 1080 3466 συνεχὲς
1107 3384 1253 3467 ἐνέργημα
1282 3385 1315 3447 ἐν

165 3479 342 3561 φυσιολογίᾳ
360 3476 410 3538 καί
428 3477 550 3562 τοιούτῳ
570 3476 692 3555 μάλιστα
710 3475 907 3558 ἐγγαληνίζων
925 3481 965 3559 τῷ
984 3477 1040 3560 βίη)
1059 3481 1117 3536 κτλ.
1136 3469 1314 3558 (Epicureus

166 3589 211 3645 ap.
233 3568 291 3628 (lic.
311 3568 347 3628 de
365 3568 414 3628 fin.
432 3569 449 3627 I
467 3570 509 3628 43
520 3587 600 3644 seqq.
625 3568 772 3645 Epicurus
799 3568 905 3645 fragm.
926 3567 989 3625 425
1001 3585 1081 3643 seqq.
1105 3587 1134 3643 p.
1155 3567 1227 3625 284.
1249 3568 1315 3625 544

166 3678 194 3734 p.
214 3650 352 3739 32533.)
372 3659 457 3736 epist.
476 3657 524 3717 ΙΙΙ
541 3678 570 3734 p.
591 3659 642 3733 62,
663 3657 764 3717 1733.
789 3654 860 3716 ὅταν
883 3651 914 3715 δὲ
937 3653 1014 3728 ἅπαξ
1038 3663 1125 3715 τοῦτο
1148 3653 1214 3734 περὶ
1237 3649 1315 3731 ἡμᾶς

166 3743 296 3826 γίνηται,
319 3746 416 3807 λύεται
438 3755 497 3818 πᾶς
520 3744 536 3807 ὁ
559 3755 610 3824 τῆς
633 3754 734 3825 ψυχῆς
757 3745 864 3824 χειμών
886 3748 946 3804 κτλ.
992 3745 1137 3804 Similiter
1164 3743 1314 3803 Lucienus

165 3834 202 3894 de
225 3836 414 3912 philosophia
432 3835 539 3896 Piscat.
561 3839 600 3896 29
625 3833 674 3896 est
696 3832 728 3896 δὲ
750 3833 786 3894 τὰ
808 3833 856 3914 σύ,
879 3825 903 3894 ὦ
928 3833 1106 3910 Φιλοσοφία,
1128 3829 1202 3891 καλὰ
1222 3829 1313 3910 ὁρμή·

166 3939 221 3996 σας
242 3920 358 4002 ἠξίουν,
380 3920 492 3984 ύττύσον
514 3922 555 3985 ἔτι
578 3946 628 4002 μοι
650 3921 755 3984 λοιπὸν
776 3932 830 3984 τοῦ
848 3922 928 4002 βίον,
950 3921 1086 4001 καθάπερ
1104 3919 1137 3982 la
1156 3920 1244 3998 ζάλης
1261 3918 1312 3980 καλ

165 4012 320 4086 κλύδωνος
336 4011 379 4085 είς
396 4010 497 4073 εύδιύν
514 4034 580 4073 τινα
598 4011 701 4090 λιμένα
723 4011 862 4090 σπεύσας,
884 4009 944 4072 dat
962 4008 1010 4072 σολ
1028 4009 1207 4089 σκεπόμενος
1225 4031 1313 4069 κατα-

168 4104 283 4182 βιῶναι.

256 4185 340 4254 623.
359 4192 475 4252 Nonius
489 4211 517 4269 p.
530 4192 654 4265 250,19
671 4186 795 4265 ‘Oolera
809 4190 940 4270 diligere.
956 4188 1140 4249 ...Lucilius
1154 4189 1205 4248 lib.
1217 4188 1315 4249 XXVI

167 4277 283 4359 “quare
373 4282 421 4341 hic
444 4275 659 4342 consumere”.’
706 4280 800 4340 Poeta
822 4299 857 4338 ex
880 4298 1007 4357 persone
1031 4282 1062 4339 et
1086 4281 1235 4340 sententia
1263 4279 1314 4339 ad·

166 4373 291 4432 uersarii
314 4373 370 4432 hoo
393 4391 481 4432 uersu
503 4371 719 4449 protrepticum
742 4370 900 4430 conclusit:
924 4364 1007 4448 ‘ergo
1028 4368 1085 4429 hoo
1108 4369 1314 4447 philosophiae

167 4463 297 4521 studium
326 4463 420 4522 satius
448 4465 494 4522 est
520 4461 616 4522 colere
644 4481 733 4537 quam
765 4460 833 4536 illa,
865 4461 960 4520 satius
992 4462 1038 4519 est
1069 4459 1201 4519 studium
1228 4477 1314 4518 omne
