3060 5010
671 335 709 390 VI
727 353 753 390 u.
774 339 923 392 ees-nei.

765 616 831 702 Vl.

313 767 395 836 228.
427 775 593 852 Porphyrio
623 775 661 836 ad
691 774 811 836 Horatii
841 775 1018 851 1111115,
1043 775 1084 834 87
1114 770 1269 852 ‘oppidulo
1293 776 1372 853 quod

222 882 310 925 uersu
328 863 424 925 dicere
447 883 506 924 non
530 859 595 924 eet'.
643 861 791 940 ‘Aequum
812 865 954 924 Tuticum
977 863 1135 943 signifieat,
1157 866 1241 925 ouius
1264 884 1371 926 nomen

222 956 372 1014 exametro
404 972 491 1014 uersu
524 955 666 1031 compleri
698 973 757 1013 non
784 957 891 1031 potest.
941 953 998 1014 hoo
1025 956 1126 1014 autom
1153 954 1208 1015 sub
1236 957 1371 1033 exemplo

221 1042 321 1103 Luoili
343 1045 456 1120 posuit:
479 1063 550 1103 nam
572 1044 624 1104 ille
646 1046 677 1103 in
701 1045 783 1104 sexto
807 1046 978 1104 saturarum
996 1044 1039 1103 sio
1058 1044 1102 1104 111
1121 1040 1300 1105 “seruorum
1319 1091 1325 1104 .
1342 1091 1370 1105 ..

221 1127 362 1209 poesie”.'
405 1132 580 1193 Saturnalia
606 1132 786 1194 uocabulum
812 1153 880 1194 oum
906 1133 980 1193 bene
1007 1135 1079 1211 poni
1108 1134 1205 1210 possit
1226 1137 1258 1194 in
1280 1136 1370 1195 heroo

221 1241 318 1297 uersu,
338 1221 492 1302 Sigillaria
515 1243 591 1299 quee
613 1225 690 1284 16111
712 1221 864 1283 Macrobio
884 1221 1188 1301 Saturn.Ieap.10,
1209 1226 1371 1300 246111,

222 1313 263 1371 46
283 1331 365 1389 seqq.
389 1312 615 1373 celebrabantur
634 1315 704 1390 post
722 1312 895 1373 Saturnalia
913 1312 1078 1391 significari
1094 1314 1150 1373 hoo
1168 1332 1255 1374 uersu
1274 1314 1371 1374 uoluit

222 1400 363 1480 Scaliger.
418 1402 531 1462 Tamen
568 1420 664 1479 neque
697 1401 869 1463 Saturnalia
901 1421 997 1479 neque
1030 1402 1184 1481 Sigillaria
1216 1414 1370 1463 seruorum

220 1492 340 1569 proprie
363 1492 454 1552 111116
477 1493 571 1551 stated
593 1494 705 1568 potest,
733 1510 801 1552 oum
827 1491 940 1551 fuerint
963 1491 1136 1552 Saturnalia
1163 1495 1194 1551 et
1216 1511 1371 1553 seruorum

221 1584 252 1640 et
287 1581 369 1641 statu
405 1581 566 1642 liberorum
603 1581 666 1640 dies
707 1582 785 1641 festi.
844 1581 949 1659 Neque
985 1581 1022 1641 de
1058 1582 1107 1641 die
1143 1582 1219 1642 festo
1255 1584 1369 1643 ueteres

220 1671 410 1749 grammatioi
438 1671 579 1747 quiequid
606 1670 678 1730 boni
707 1672 869 1747 potuerunt
898 1670 1016 1746 dooere,
1040 1690 1169 1748 quorum
1190 1672 1369 1748 interprete·

219 1761 354 1819 mentum
381 1759 462 1821 Festi
494 1761 565 1821 sunt
595 1759 687 1820 uerbe
714 1781 742 1837 p.
759 1761 837 1834 343,
864 1760 933 1820 711
960 1753 1052 1843 (quae
1081 1763 1161 1822 reete
1189 1762 1303 1838 primus
1331 1761 1370 1822 ed

219 1849 298 1910 huno
334 1869 362 1907 u.
385 1848 496 1911 Luoilli
530 1850 650 1909 rettulit
685 1869 745 1909 nan
781 1849 936 1911 Heusdeus
968 1849 1045 1910 stud.
1069 1851 1134 1912 orit
1157 1852 1190 1910 in
1220 1851 1370 1911 Lucilium

220 1959 248 2015 p.
266 1939 337 1998 143.
364 1930 442 2020 144)
467 1934 640 1999 ‘Seruorum
663 1939 725 1999 dies
749 1940 843 1999 festus
872 1940 964 2018 uulgo
988 1941 1176 2001 existimatur
1197 1940 1268 2002 Idus
1290 1939 1368 2020 Aug.

219 2028 299 2105 quod
322 2047 357 2088 eo
380 2027 427 2088 die
452 2027 513 2090 Sor.
532 2028 649 2089 Tullius
677 2031 765 2089 natus
795 2047 897 2089 seruus
921 2028 1023 2089 eedem
1046 2028 1161 2090 Dienae
1185 2029 1370 2091 dedieauerit

218 2118 250 2177 in
273 2117 424 2178 Auentino
452 2120 536 2178 11111
562 2119 676 2179 tutelae
703 2120 765 2179 sint
791 2119 885 2193 oemi,
913 2137 932 2178 a
960 2138 1018 2195 quo
1048 2121 1201 2180 eeleritate
1223 2120 1369 2199 fugitiuos

218 2210 326 2267 uooent
367 2203 494 2268 oeruos':
534 2208 646 2268 similia
686 2207 780 2268 tradit
820 2208 997 2269 Plutarchus
1038 2212 1151 2285 quaesi
1180 2210 1264 2270 Rom.
1295 2212 1367 2271 100.

218 2296 335 2357 Nomen
361 2300 462 2358 tamen
490 2297 550 2358 diei
578 2298 657 2372 16111,
680 2316 769 2375 quem
791 2316 896 2359 uersus
918 2297 1090 2359 hexameter
1116 2318 1176 2369 non
1199 2299 1368 2377 capiatne

218 2387 306 2447 huiue
333 2386 589 2464 interpretationis
618 2386 737 2463 quidem
769 2392 873 2448 auetor
900 2387 1001 2464 potuit
1028 2389 1227 2465 suppeditare.
1278 2388 1368 2450 Grae·

219 2495 320 2538 eorum
343 2476 454 2537 similes
477 2478 559 2537 lusus
582 2475 729 2537 adnotant
750 2478 928 2554 interpretes
951 2477 991 2537 ad
1007 2476 1128 2538 Horatii
1149 2479 1169 2538 1.
1189 2497 1212 2538 1.
1230 2497 1253 2539 1.
1273 2480 1369 2539 161111

218 2565 406 2628 Archestreti
428 2567 553 2627 XXXIX
580 2565 720 2628 Brandtii
749 2564 855 2646 ἰχθύος
881 2563 1068 2645 αὐξηθέντος
1094 2562 1130 2628 ὃν
1159 2564 1192 2628 ἐν
1215 2563 1308 2651 μένρῳ
1331 2567 1368 2629 οὐ

218 2652 307 2733 θέμις
329 2654 430 2717 εἰπεῖν.
471 2656 505 2716 L.
519 2655 680 2716 Muellerus
702 2675 816 2716 memor
838 2656 898 2717 fuit
916 2655 1028 2717 Critiae
1048 2677 1190 2719 uersuum
1209 2649 1309 2739 (Pte
1323 2650 1369 2717 Π*

218 2765 246 2822 p.
268 2737 348 2828 282)
380 2744 416 2807 od
447 2744 503 2825 γάρ
535 2765 600 2818 πως
631 2735 669 2823 ἦν
705 2739 824 2824 τοῦνομ’
858 2742 1035 2825 ἐφαρμόζειν
1065 2743 1178 2832 ἐλεγείῳ
1211 2767 1270 2824 quo
1302 2748 1367 2808 loeo

218 2836 365 2915 Bergkius
396 2835 511 2914 relegat
541 2835 682 2895 lentorem
713 2834 752 2894 ad
784 2835 969 2914 epigramma
996 2834 1054 2896 EG
1079 2838 1144 2897 616
1173 2836 1304 2897 Kaibelii
1331 2836 1368 2899 od

217 2923 273 3005 μὰρ
303 2921 335 2986 ἐν
365 2921 564 3003 ἕξαμέτροισιν
591 2922 721 3003 ἥρμοσεν
747 2917 864 3003 τοῦνομ’
894 2920 979 3002 ἐμόνε
1011 2926 1082 2986 oonf
1108 2926 1368 3003 1111111111,

221 3014 513 3091 101111111Πί1.
533 3013 634 3074 Sidon.
654 3032 742 3073 earm.
757 3014 859 3074 xxm
878 3015 942 3074 485
962 3033 1043 3092 seqq.
1070 3047 1108 3058 -
1134 3015 1196 3076 dies
1219 3009 1281 3094 hio]
1302 3017 1322 3075 i.
1341 3036 1365 3076 e.
1386 3015 1388 3021 '

218 3103 280 3164 dies
302 3102 463 3164 hodiernus
486 3122 546 3180 quo
569 3105 702 3163 aetnam
725 3102 830 3163 soribit
856 3107 947 3181 poeta
974 3105 1096 3165 otiosus.
1141 3103 1299 3165 Probabile
1322 3107 1368 3166 611

218 3193 265 3253 his
288 3191 387 3252 uerbis
411 3194 544 3252 saturam
567 3194 698 3271 insipere
721 3194 800 3253 11111
821 3194 931 3255 Tibull.
949 3194 1004 3253 17
1030 3190 1120 3255 ‘huno
1138 3195 1269 3254 oscinere
1287 3193 1366 3255 diem

217 3282 329 3343 Pareae
352 3282 458 3341 fetalia
481 3277 595 3342 uentes'
620 3302 644 3343 e.
660 3303 688 3360 q.
702 3301 724 3343 1.
743 3315 788 3325 -
806 3283 895 3361 plene
919 3283 1025 3359 dioere,
1046 3286 1082 3344 ut
1103 3283 1184 3343 lib.I
1201 3303 1231 3343 u.
1247 3286 1275 3343 2.

309 3362 391 3433 230.
410 3371 526 3432 Nonius
544 3392 572 3448 p.
588 3372 696 3448 324,5
718 3367 835 3433 ‘Iubere
854 3375 901 3434 611
920 3373 1005 3434 uelle.
1046 3373 1179 3434 Luoilius
1198 3376 1367 3451 satyrarum

217 3460 268 3520 lib.
283 3459 328 3520 VI
356 3455 496 3521 “saluere
592 3456 733 3522 emioo''.'
785 3460 919 3523 Salutem
951 3463 1075 3524 miseret
1106 3464 1218 3525 amiens
1249 3463 1366 3526 Luoilio

217 3551 341 3629 aegroto
373 3552 427 3610 aut
457 3552 522 3628 ipse
553 3553 607 3611 eut
637 3572 692 3630 per
722 3553 865 3612 amioum:
898 3552 978 3628 quod
1005 3552 1151 3631 arripiens
1177 3556 1268 3630 poeta
1294 3552 1368 3614 dioit
1440 3560 1444 3566 ’

217 3641 345 3701 salutem
367 3642 487 3701 mittere
513 3641 593 3702 idem
623 3659 687 3702 6116
710 3644 800 3719 atque
823 3643 849 3702 11
871 3641 993 3703 iusserit
1015 3662 1084 3702 eum
1106 3661 1228 3720 oorpore
1251 3643 1366 3704 saluere

217 3729 280 3792 siue
316 3731 434 3792 saluum
470 3750 533 3792 6116
569 3730 749 3792 ualetudine.
809 3729 912 3792 Morbo
955 3731 1092 3793 laborare
1128 3732 1278 3793 Lucilium
1313 3733 1366 3793 illo

216 3822 351 3898 tempore
382 3840 418 3880 ex
444 3821 515 3880 libri
536 3820 565 3877 V
592 3820 712 3881 exordio
739 3821 955 3881 intelleximus:
987 3823 1095 3882 iterum
1128 3822 1165 3883 do
1194 3821 1367 3883 ualetudine

217 3911 353 3986 queritur
370 3910 447 3970 libro
461 3909 513 3970 VI.
552 3909 610 3971 cie.
630 3910 668 3970 ad
686 3908 750 3969 eu.
769 3909 840 3970 XVI
860 3911 889 3985 3,
909 3912 942 3971 6:
962 3905 1108 3973 ‘Atticam
1126 3914 1261 3973 nostram
1278 3912 1366 3990 oupio

217 3999 369 4060 absentem
397 4000 544 4060 sueuieri:
571 4001 617 4059 ite
644 3999 719 4059 mihi
746 3999 842 4061 duleis
870 4001 950 4061 selus
977 4003 1046 4062 uiae
1072 4004 1118 4062 est
1147 4021 1200 4080 per
1221 4004 1252 4063 te
1275 4004 1367 4063 missa

217 4088 255 4148 eb
277 4084 352 4148 illa?
399 4087 485 4150 Ouid.
504 4088 617 4149 heroid.
637 4091 666 4165 4,
687 4091 704 4149 1
731 4080 798 4170 (16,
819 4081 861 4171 1).

306 4169 390 4238 231.
423 4178 589 4255 Porphyrio
621 4178 661 4239 ed
687 4177 808 4238 Horatii
835 4197 1003 4240 sermonum
1029 4179 1098 4255 19,
1123 4181 1163 4240 78
1196 4175 1292 4241 “‘Sio
1318 4198 1366 4240 me

216 4267 349 4325 seruauit
375 4262 523 4343 Apollo‘':
551 4263 574 4347 †
602 4267 638 4326 de
665 4268 721 4328 hoo
747 4269 800 4328 illo
824 4286 912 4329 sensu
935 4267 1092 4331 Homerioo
1119 4272 1254 4348 sumpsit,
1278 4289 1366 4347 quom

216 4356 244 4413 et
276 4354 409 4415 Lucilius
440 4358 473 4415 in
505 4359 586 4416 serto
618 4358 788 4432 satyrarum
819 4361 1056 4435 repraesentauit
1087 4360 1130 4420 sio
1158 4349 1277 4438 {dioene
1310 4355 1367 4419 “ot

216 4443 356 4519 discrepet
377 4445 432 4505 boo
450 4441 535 4505 τόνδε
555 4441 718 4525 ἐξήρπασεν
734 4438 885 4507 Ἀπόλλων
903 4441 1002 4526 [quem
1019 4451 1120 4524 rapuit
1137 4446 1258 4527 Apollo]
1278 4443 1365 4509 1111”.
