3000 5002
217 332 283 398 392
630 329 728 384 insert.
748 329 804 384 rod.
824 347 851 383 u.
872 335 949 384 rese.

216 502 281 576 ille,
314 503 366 577 qui
392 501 557 579 Diogenem
581 499 715 559 Stoicum
745 497 926 574 adulescens,
957 502 1027 577 post
1058 501 1159 560 autem
1192 499 1387 560 Panaetium

217 590 368 665 andierat,
400 590 533 666 Laelius,
566 608 600 649 eo
632 588 730 648 dictus
763 590 809 648 est
835 589 953 665 sapiens
981 589 1060 665 quod
1090 609 1149 650 non
1182 590 1387 668 intellegeret

217 680 290 757 quid
313 679 524 741 suauissimnm
547 681 625 739 esset
648 670 717 760 (nec
739 679 819 737 enim
841 681 977 755 sequitur
998 681 1042 754 ul,
1065 680 1116 738 cui
1136 698 1186 738 cor
1209 682 1327 757 sapiat,
1352 683 1384 739 ei

219 789 278 830 nou
301 770 401 846 sapiat
423 761 573 850 palatus),
595 768 647 829 sed
677 768 750 845 quia
772 768 860 845 parui
882 767 913 826 id
937 767 1064 828 duceret.
1112 762 1154 828 “o
1177 769 1303 846 lapatbe
1327 817 1382 831 ...

218 860 377 920 necessatis
413 861 536 936 cognitu
572 859 625 935 qui
661 857 702 917 sis
803 859 920 935 gumias
961 849 1019 939 (sic
1054 858 1210 918 Palatinus
1247 858 1382 936 primus,

215 951 334 1024 patmos
355 948 522 1009 Vaticanus
545 949 576 1007 st
598 938 805 1026 Erlangensis)
829 967 865 1007 ex
892 946 996 1007 ordine
1023 941 1173 1009 nostros’'.
1218 950 1382 1025 praeclare

220 1037 353 1113 Laelius,
380 1040 411 1098 et
432 1040 513 1098 recte
535 1038 653 1114 sophos.
685 1036 820 1113 illudque
848 1055 918 1096 uere
946 1032 988 1096 “o
1015 1036 1103 1097 Publi
1194 1055 1381 1112 acuperserc

218 1120 378 1210 (accubens
401 1145 468 1188 aere
490 1126 648 1187 Palatinus
671 1128 785 1203 primus
808 1128 840 1185 st
861 1125 1036 1200 Vaticanus,
1059 1127 1204 1188 necabam
1224 1144 1294 1187 acre
1319 1129 1379 1188 Er·

217 1209 383 1299 langensis)
411 1236 478 1277 cum
501 1211 689 1277 decimano”.
734 1217 761 1276 is
793 1215 866 1275 baec
895 1217 1030 1292 loquitur
1057 1217 1122 1293 qui,
1154 1218 1187 1276 in
1214 1217 1379 1295 uoluptate

218 1307 293 1367 nihil
312 1325 433 1385 ponens,
451 1310 543 1384 negat
561 1326 628 1366 eum
646 1305 721 1366 bene
740 1323 845 1365 cenare
862 1307 916 1383 qui
929 1307 1030 1365 omnia
1042 1307 1137 1383 ponat
1154 1307 1187 1365 in
1200 1307 1378 1384 uoluptates

219 1400 250 1457 et
285 1398 387 1456 temen
416 1391 524 1475 (non)
566 1398 658 1475 negat
700 1394 828 1454 libenter
863 1415 1007 1472 umquam
1043 1414 1162 1456 cerame
1199 1394 1377 1457 Gallonium

219 1479 410 1569 (mentiretur
432 1477 536 1568 enim),
558 1485 610 1546 sed
632 1484 715 1545 bene.
760 1486 805 1544 ita
833 1487 967 1563 grauiter
993 1488 1025 1545 st
1051 1504 1155 1545 seuere
1182 1486 1376 1563 uoluptatem

218 1577 346 1636 secernit
368 1595 387 1635 e
409 1575 494 1634 bono.
541 1594 577 1633 ex
607 1593 666 1651 quo
693 1573 771 1633 illud
801 1573 937 1648 efficitur,
961 1575 1013 1651 qui
1034 1574 1108 1634 bene
1132 1578 1246 1651 cenent,
1270 1595 1375 1637 omnes

219 1664 347 1726 libenter
369 1683 481 1739 cenare,
505 1664 557 1740 qui
580 1662 716 1737 libenter,
738 1681 798 1723 nou
821 1665 962 1723 continuo
985 1664 1067 1726 bens.
1111 1684 1228 1742 semper
1251 1664 1375 1727 Laelius

218 1755 301 1814 bene.
344 1753 416 1830 quid
437 1751 534 1813 bene?
575 1753 655 1813 dicet
675 1751 810 1812 Lucilius
834 1744 952 1834 (insert
972 1745 1136 1835 u.1122):
1161 1749 1279 1830 “ecclo,
1303 1775 1373 1815 con·

219 1839 317 1903 dito''.
354 1844 406 1903 aad
425 1843 496 1902 cedo
515 1844 607 1919 caput
625 1860 727 1903 aenae:
747 1837 904 1903 “sermons
922 1838 1034 1903 bouo''.
1072 1842 1199 1920 quidex
1217 1843 1274 1904 eo?
1322 1841 1374 1906 “si

220 1935 352 2010 quaeris,
383 1925 544 1992 libenter”:
575 1931 716 1991 ueniebat
748 1934 826 1991 enim
864 1933 902 1993 ed
934 1951 1038 1992 cenam
1070 1936 1105 1992 ut
1138 1936 1238 1994 animo
1269 1936 1373 2012 quieto

219 2024 345 2083 estimet
367 2021 513 2081 desideria
544 2023 668 2081 naturae
688 2067 693 2078 .
710 2067 738 2079 ..
758 2041 811 2082 nec
833 2022 950 2099 lapathi
982 2024 1163 2083 suauitatem
1196 2027 1371 2100 acupenseri

220 2111 352 2172 Gallonii
373 2109 494 2172 Laelius
518 2110 719 2187 anteponebat
737 2157 743 2168 .
759 2156 766 2170 .
782 2106 800 2168 .’
822 2106 929 2191 [Acro]
953 2112 991 2172 ad
1013 2112 1133 2172 Horatii
1155 2131 1326 2173 sermonum
1340 2115 1372 2173 Π

223 2204 251 2276 2,
271 2203 312 2260 47
338 2195 463 2260 “‘baud
481 2200 527 2260 ita
544 2199 661 2278 pridem
681 2199 802 2261 Galloni
819 2201 974 2278 praeconis
994 2204 1059 2262 erat
1077 2203 1247 2279 acipensere
1269 2222 1375 2264 mensa

219 2283 379 2352 infamis'’.
427 2289 571 2350 conones
593 2290 719 2367 quidam
740 2291 800 2351 fuit
822 2308 939 2368 praeco,
962 2292 1014 2367 qui
1036 2290 1167 2350 habebat
1193 2295 1373 2369 apparatum

221 2378 401 2454 conuiuium,
424 2399 511 2457 quem
532 2378 665 2440 Lucilius
689 2380 781 2439 etiam
804 2381 914 2459 pulsat.
960 2379 1008 2440 hio
1036 2380 1127 2440 etiam
1151 2382 1375 2456 accioicrscrcm

220 2472 332 2547 piscem
355 2471 416 2530 suis
444 2470 591 2529 conuiuiis
618 2465 796 2529 exhibsbet’.
843 2468 945 2529 (licere
973 2469 1058 2546 epist
1078 2470 1116 2529 ad
1143 2470 1280 2530 Atticum
1298 2471 1375 2531 ΧΙΠ

222 2560 310 2635 52,1
337 2554 455 2636 ‘Itaque
478 2562 510 2618 st
531 2558 595 2618 edit
617 2561 648 2618 et
668 2558 746 2618 bibit
768 2555 862 2631 ἀδεῶς
885 2563 915 2618 et
936 2559 1074 2635 iucunde,
1101 2561 1224 2637 opipare
1247 2579 1319 2621 sane
1343 2564 1376 2620 et

222 2651 376 2727 apparate,
398 2667 452 2708 nec
468 2649 501 2707 id
519 2648 625 2724 solum,
643 2648 695 2708 esd
714 2642 812 2708 “bene
830 2650 915 2708 cocto
934 2650 965 2708 et
983 2648 1110 2725 condito,
1133 2669 1267 2710 sermone
1284 2650 1374 2725 bono,

222 2741 265 2813 et,
297 2740 322 2798 si
360 2739 491 2815 quaeris,
523 2731 695 2797 libenter’''
735 2729 850 2819 (iucem.
870 2757 898 2796 u.
916 2730 1025 2820 1122).
1053 2771 1094 2780 —-
1124 2739 1198 2799 lude
1229 2740 1375 2801 aDousa

220 2828 297 2887 libro
319 2827 364 2886 IV
387 2826 568 2902 adscribunt,
591 2845 646 2906 ego
669 2830 791 2904 propter
813 2827 922 2886 herbas
944 2830 1158 2906 panegyricum
1183 2847 1278 2906 paene
1300 2830 1375 2889 ridi-

221 2917 323 2976 culum
345 2916 422 2976 libro
444 2915 473 2973 V
495 2916 636 2976 libentius
659 2916 859 2976 attribuerim:
883 2917 955 2976 conf
975 2917 1013 2977 sd
1034 2916 1087 2976 lib.
1105 2917 1134 2973 V
1152 2939 1179 2976 u.
1197 2920 1259 2979 193
1316 2917 1375 2978 lo·

222 3007 326 3084 quitur
357 3005 524 3065 Stoicorum
561 3005 684 3065 illorum
721 3006 823 3082 quales
860 3009 945 3066 erant
981 3005 1014 3077 Q.
1039 3006 1156 3067 Tubero
1188 3006 1220 3067 P.
1240 3007 1374 3068 Rutilius

221 3095 254 3165 Q.
269 3096 384 3155 Mucius
409 3093 552 3155 Scaeuola
576 3087 698 3175 (Athen.
717 3094 761 3153 VI
787 3115 816 3171 p.
834 3097 897 3154 274
908 3091 936 3173 c)
962 3095 1071 3172 aliquis
1094 3097 1214 3157 similis:
1238 3096 1373 3158 Mucium

221 3185 318 3244 Laelii
345 3203 485 3263 generum
518 3185 550 3243 in
577 3184 720 3244 bonorem
747 3185 840 3245 soceri
868 3185 940 3246 baec
967 3185 1075 3246 dixisse
1105 3189 1177 3263 epte
1208 3188 1377 3265 suspicetur

223 3273 332 3352 alique
364 3293 451 3350 quem
482 3292 588 3334 reuera
617 3274 789 3350 loquentem
820 3273 898 3334 libro
920 3274 948 3331 V
980 3274 1080 3335 induci
1112 3275 1215 3338 credas
1246 3297 1274 3335 u.
1295 3280 1375 3337 203:

224 3363 295 3423 coni
319 3362 378 3423 cie.
397 3362 515 3423 Laell
548 3359 592 3434 ‘Q
606 3363 723 3424 Mucius
750 3364 856 3443 Augur
884 3365 979 3424 multa
1006 3383 1127 3424 narrare
1155 3366 1192 3425 de
1221 3365 1251 3426 0.
1270 3366 1375 3427 Laelio

223 3471 324 3513 socero
351 3471 411 3512 suo.
432 3453 603 3513 memoriter
629 3455 661 3513 et
686 3453 813 3513 iucunde
840 3453 956 3513 solebat
982 3473 1036 3514 neo
1062 3454 1199 3515 dubitare
1227 3455 1315 3515 illum
1343 3457 1375 3516 in

223 3543 305 3601 omni
336 3560 470 3604 sermons
502 3543 654 3620 appellare
687 3538 880 3619 Sapientem'.
930 3542 1049 3603 Mortuo
1080 3542 1183 3604 Laelio
1209 3546 1229 3604 i.
1249 3564 1273 3604 e.
1306 3549 1377 3622 poet

225 3652 336 3691 annum
360 3625 441 3710 625!
445 3634 507 3691 129
533 3626 616 3715 (uide
634 3634 812 3710 interpretes
835 3631 873 3691 ad
893 3631 952 3692 Gic.
971 3633 1052 3693 Lael.
1074 3625 1151 3716 104)
1171 3634 1244 3694 baec
1262 3634 1377 3712 scripta

224 3740 286 3782 esse
327 3724 358 3782 et
388 3722 546 3798 ‚pertinere
587 3741 622 3782 sa
658 3721 697 3781 ad
736 3721 829 3782 libros
864 3721 995 3782 I—XXI
1036 3724 1123 3783 facile
1160 3727 1293 3801 apparet.
1331 3759 1377 3767 -

226 3807 320 3871 1235.
343 3829 360 3870 o
383 3805 512 3892 lopctbe]
542 3831 629 3889 quem
656 3811 865 3872 commendant
890 3811 987 3872 Varro
1015 3813 1190 3890 Menippeas
1217 3815 1249 3874 in
1272 3817 1376 3875 satura

225 3892 355 3983 (31813)
379 3901 486 3961 similis
509 3903 693 3980 argumenti,
716 3902 826 3961 allatus
850 3921 868 3961 a
894 3901 1063 3982 Maduigi0‚
1091 3902 1137 3964 bis
1159 3904 1259 3965 uerbis
1287 3899 1376 3965 ‘hanc

224 3989 349 4050 eandem
372 3991 558 4067 uoluptatem
587 3991 729 4051 tacitulue
752 3993 846 4051 tanim
874 3993 1014 4068 consequi
1043 3993 1179 4068 lapatbio
1202 3996 1233 4053 st
1254 3995 1377 4070 ptisana

224 4073 358 4155 poseim'‚
395 4082 468 4139 item
504 4080 649 4139 Horatius
686 4080 770 4157 epod.
789 4080 820 4140 Π
840 4082 880 4139 57
915 4077 980 4140 ‘aut
1014 4081 1107 4141 herba
1139 4082 1255 4159 lapathi
1285 4087 1376 4159 prata

226 4169 355 4227 amantis
378 4171 409 4227 et
431 4169 517 4246 graui
540 4170 656 4228 melnae
680 4169 813 4230 salubres
836 4165 973 4246 corpori’.
997 4203 1041 4211 —
1063 4176 1097 4230 ut
1116 4172 1235 4241 indere,
1257 4173 1276 4230 i.
1291 4191 1316 4230 e.
1339 4176 1376 4232 ut

226 4258 422 4318 contemneris
450 4261 480 4317 st
508 4258 640 4318 abiectus
667 4258 759 4318 iaces:
787 4258 846 4318 (lic.
866 4260 904 4319 ad
926 4258 990 4319 Att.
1004 4259 1048 4319 XI
1068 4261 1118 4335 16,
1138 4263 1157 4321 3
1188 4256 1224 4319 ‘si
1245 4262 1377 4337 recipior

225 4345 263 4405 ab
290 4346 350 4420 his,
379 4346 457 4423 quod
485 4346 568 4407 uides
601 4367 659 4407 non
686 4348 763 4424 fieri,
790 4351 890 4408 tamen
924 4348 1022 4426 quoad
1052 4349 1165 4410 bellum
1198 4352 1268 4425 erit,
1300 4352 1376 4427 qnid

226 4453 328 4513 agam,
356 4441 410 4495 aut
436 4435 581 4510 etiaim,
609 4455 668 4495 non
690 4439 818 4514 reperio:
846 4441 893 4498 sin
915 4438 1024 4513 iactor,
1052 4458 1087 4499 so
1109 4435 1234 4504 minus’„
1274 4438 1374 4500 Plaut
