3060 5010
650 383 687 438 lx
707 402 733 438 u.
755 389 815 438 ecs.
1247 385 1310 450 135

159 557 265 633 reliqu.
280 557 325 616 cd.
339 556 372 615 F.
387 554 491 615 Dousa
505 553 556 614 lib.
570 554 614 614 IX
627 555 733 633 fragm.
750 556 767 614 7
784 547 948 615 ‘Charisius
962 554 1013 613 lib.
1027 554 1051 614 I.
1083 549 1196 616 nanae
1210 548 1312 617 Anni*

159 648 216 707 line
234 650 391 707 cicolino
409 645 540 720 nomina,
563 664 639 720 quae
663 647 732 705 ante
752 643 781 700 V
803 644 957 719 habentI,
979 643 1092 721 duplici
1110 644 1142 704 Π
1159 646 1308 723 genitiuce

159 736 324 817 singulares
354 735 440 794 finire
472 733 594 810 debent,
625 739 659 794 nt
685 752 802 794 necesse
831 735 871 793 sit
897 734 1042 794 aduenam
1070 733 1309 795 obsemationem

158 825 343 885 nominatiuo
375 841 435 883 non
466 826 610 883 minorem
642 823 706 883 fieri
734 823 913 902 genitium,
945 821 1035 899 idque
1062 822 1159 882 Varro
1186 824 1308 885 tradens

158 914 279 991 adiecit,
323 915 495 974 Vocat-inum
535 913 716 992 singularem
758 930 872 989 qnoque
912 911 1020 973 talium
1061 914 1215 972 nominum
1255 933 1309 991 per

157 1004 268 1082 duplex
285 1004 316 1064 11
343 1002 434 1064 scribi
457 1002 576 1077 debere,
604 1003 656 1063 ced
672 1006 796 1078 propter
818 1003 1013 1078 differentiam
1040 1020 1161 1062 casuum
1189 1005 1307 1080 corripi.

156 1094 293 1155 Lucilius
314 1097 416 1154 tamen
440 1096 470 1152 et
492 1111 546 1169 per
567 1110 660 1151 emron
678 1092 694 1150 I
716 1095 748 1151 in
771 1093 906 1171 genitiuo
928 1091 1018 1152 scribi
1035 1110 1123 1168 posse
1142 1094 1308 1169 existimat3

157 1184 201 1244 ait
219 1183 311 1244 enim:
335 1215 379 1225 -
402 1182 541 1243 seruandi
558 1182 676 1242 numeri
695 1184 721 1241 ct
737 1199 844 1242 cernes
861 1181 991 1255 faciendi
1008 1199 1063 1242 nos
1083 1180 1164 1242 Oceli
1182 1183 1308 1242 Numeri

156 1290 311 1333 numerum
335 1276 370 1333 ut
392 1266 539 1332 seruemu’
563 1272 750 1348 modernaque.
791 1271 954 1348 Nunquam
973 1270 1052 1330 enim
1070 1270 1126 1330 hoc
1146 1272 1307 1347 intulisset,

156 1365 215 1422 nisi
233 1365 264 1423 et
284 1362 378 1423 Caela·
399 1361 579 1422 ctNumerii
596 1381 650 1438 per
667 1360 698 1420 Π
715 1361 803 1421 huius
822 1361 960 1420 Numenii
978 1359 1153 1420 faciendum¹
1166 1361 1306 1422 crederet.

155 1452 291 1530 Denique
314 1455 344 1512 ct
366 1453 398 1511 in
420 1450 498 1511 libro
518 1469 534 1504 s
554 1453 661 1527 quarto
684 1451 728 1510 sic
746 1451 808 1518 ait:
831 1481 875 1491 —
897 1467 987 1529 porro
1009 1450 1066 1509 hoc
1087 1452 1114 1509 si
1134 1446 1212 1524 filin’
1231 1451 1307 1512 Luci

156 1543 227 1601 ferit
244 1542 355 1602 collum
374 1544 410 1601 ut
428 1539 555 1616 Corneli,
574 1535 792 1617 Oomificique’.
834 1539 875 1600 Et
892 1541 925 1600 in
948 1539 1160 1600 commentario
1184 1535 1270 1601 adh.
1285 1541 1306 1600 l.

155 1631 234 1691 idem
261 1631 377 1692 Douea:
406 1626 465 1690 ‘Ita
492 1632 622 1708 optimos
649 1630 703 1690 hos
730 1647 834 1691 uersus
862 1649 897 1690 ex
924 1631 1021 1689 ueteri
1048 1628 1148 1689 codice
1177 1627 1305 1690 Charisii

155 1723 233 1781 eruit
250 1717 351 1782 Pater’
370 1721 543 1799 relegatque
561 1720 702 1780 lectorem
723 1719 761 1779 ad
781 1718 920 1780 Caesellii
937 1719 1030 1780 uerba
1044 1717 1099 1779 GL
1114 1718 1173 1778 Vll
1186 1739 1216 1797 p.
1233 1720 1306 1795 206,

156 1811 243 1870 231(
299 1810 504 1871 coloniensem
539 1810 619 1869 hunc
657 1808 788 1869 codicem
820 1810 913 1870 fuisse
946 1808 1032 1869 docet
1063 1807 1178 1868 Keilius
1211 1807 1306 1869 GLI

154 1921 183 1977 p.
196 1898 484 1960 XXIV—XXVIII:
507 1899 611 1959 Dousa
633 1917 709 1977 quae
732 1899 814 1959 solue
837 1917 872 1958 ex
894 1901 954 1959 isto
982 1897 1083 1958 codice
1105 1897 1245 1975 tradidit,
1269 1917 1305 1959 ca

154 1989 306 2050 inclinatis
329 1989 461 2049 indicaui
483 1988 609 2065 litteris3
632 1989 663 2048 in
687 1987 852 2049 exhibenda
881 1988 1074 2048 adnotatione
1098 1987 1230 2064 Danaae,
1252 1988 1305 2048 ubi

154 2081 184 2138 in
207 2079 342 2140 uersibus
365 2079 476 2138 Lucilii
498 2078 601 2156 posuit
622 2082 672 2148 ne,
694 2097 710 2139 e
733 2080 874 2138 contextu
896 2080 962 2156 ipso
984 2080 1091 2156 poetae
1113 2078 1194 2138 iusta
1212 2078 1305 2139 uerba

153 2168 263 2229 Lucilii
285 2169 431 2247 suppleui.
474 2168 590 2229 Codicis
612 2168 806 2246 Neapolitani
823 2169 853 2227 N
876 2170 1025 2244 scripture
1047 2186 1083 2227 ex
1101 2170 1187 2246 parte
1205 2167 1305 2228 deleta

153 2260 294 2319 restituta
317 2258 447 2318 editione
460 2258 662 2335 Neapolitana
680 2280 704 2318 c>
723 2260 754 2318 et
767 2257 858 2317 Keilii
877 2257 1050 2337 apographo
1069 2255 1124 2317 GL
1143 2256 1159 2316 Ι
1176 2277 1206 2335 p.
1223 2258 1303 2333 78,5

154 2340 286 2430 (litterae
313 2367 388 2426 quas
416 2347 508 2409 editio
534 2347 736 2425 Neapolitana
763 2350 843 2407 recte
871 2348 1005 2408 seruauit
1031 2346 1184 2407 inclinatis
1211 2347 1304 2426 signi·

152 2437 307 2499 ficauimus
334 2430 472 2519 litteris):
502 2432 521 2495 ³.
537 2483 565 2496 ..
585 2439 707 2496 nomina
730 2455 806 2513 quae
829 2438 899 2497 aute
922 2457 944 2496 u
966 2436 1112 2496 habenti
1139 2434 1252 2513 duplici
1280 2437 1304 2497 ii

152 2527 291 2605 genetiuo
314 2528 462 2604 singulari
484 2526 565 2586 liniri
587 2525 695 2587 debent
712 2545 831 2586 necesse
853 2527 895 2586 sit
913 2526 1054 2586 aduersus
1072 2523 1304 2587 obseruationem

152 2620 304 2678 nominum
321 2618 508 2678 nominatius
526 2616 669 2676 minorem
683 2615 748 2676 ficri
760 2617 946 2695 genetiuum.
964 2614 1055 2691 idque
1071 2614 1168 2676 Varro
1181 2613 1303 2676 tradem
1386 2605 1391 2613 ’

152 2706 299 2767 adicit..
315 2725 399 2780 quc
431 2699 523 2787 (quae
555 2705 600 2766 ed
619 2697 677 2786 pr)
711 2706 893 2784 singularem
924 2705 1033 2765 talium
1064 2704 1218 2764 nominum
1248 2723 1304 2783 per

152 2795 286 2874 duplex
278 2817 289 2855 1
307 2795 397 2856 scribi
415 2796 569 2857 debere..
584 2814 731 2856 casumn
751 2796 1010 2872 corrumpii...
1025 2797 1149 2854 Mem
1166 2797 1194 2855 et
1209 2797 1303 2870 pori
1387 2851 1390 2855 ,

152 2885 323 2964 genetiuum
351 2886 442 2946 scribi
478 2904 565 2963 posse
597 2886 762 2945 existimat.
799 2884 844 2945 ait
875 2886 954 2944 enim
988 2877 1152 2944 “seruandi
1187 2886 1303 2945 numeri

152 2995 307 3036 numerum
329 2978 364 3036 ut
386 2993 538 3035 seruemus
628 2969 705 3048 Μ’
709 3021 715 3032 .
759 2974 933 3051 Numquam
957 2975 1036 3050 enim
1058 2973 1114 3034 hoc
1140 2973 1302 3051 intulisset

151 3067 210 3126 nisi
237 3067 269 3126 et
295 3085 450 3125 numerum
476 3083 531 3143 per
556 3066 569 3123 i
597 3064 686 3124 buius
775 3062 949 3139 faciendum
979 3062 1118 3124 crederet
1165 3062 1302 3140 Denique

151 3156 236 3214 etin
258 3153 336 3215 libro
358 3154 420 3215 1111
443 3155 486 3215 sic
505 3155 543 3214 ad
563 3173 650 3232 porro
668 3154 725 3214 hoc
814 3155 867 3213 uui
889 3145 1058 3236 (mem)
1076 3153 1181 3213 fecerit
1194 3154 1301 3226 *colum

151 3247 185 3304 ut
199 3243 329 3305 Cornelii
348 3242 556 3321 Cornificiique
575 3249 606 3304 et
624 3243 714 3322 paulo
734 3239 812 3321 post'
833 3235 1128 3325 (aequinoctii).
1168 3242 1237 3304 Non
1256 3246 1302 3303 est

151 3333 229 3410 quod
249 3334 285 3394 de
303 3334 327 3392 I.
341 3332 461 3394 Dousae
479 3333 537 3394 fide
555 3333 724 3394 dubitemus
744 3334 796 3409 qui
816 3331 985 3393 Coloniensi
1002 3331 1080 3392 libro
1102 3350 1173 3393 usus
1191 3331 1301 3393 Lucilii

150 3442 254 3484 uersus
275 3426 306 3484 et
325 3422 454 3484 Charisii
472 3424 564 3484 uerba
581 3424 688 3484 melius
707 3424 873 3483 seruauerit
891 3442 981 3500 quam
1000 3421 1055 3482 cod
1072 3422 1299 3500 Neapolitanus.

150 3513 270 3574 Etenim
294 3513 502 3591 supplementa
523 3508 659 3592 <lanino
677 3510 822 3574 Aetnilius
845 3517 871 3572 et
892 3508 1007 3591 cana>
1026 3514 1148 3572 manino
1170 3515 1300 3591 genuina

150 3621 212 3663 esse
235 3604 364 3664 testatur
381 3602 481 3664 Bedae
498 3604 581 3664 locus
600 3622 622 3663 s.
637 3623 659 3663 s.
680 3623 768 3679 quem
790 3604 822 3662 in
841 3602 971 3664 editione
988 3601 1098 3662 Lucilii
1116 3619 1176 3661 non
1195 3601 1300 3661 attulit

151 3692 261 3768 Donec,
279 3692 371 3752 uerba
390 3687 611 3771 Quaenam>
629 3693 811 3770 singularem
829 3685 997 3770 <qno>que’
1020 3689 1234 3751 confirmantur
1256 3709 1299 3768 eo,

150 3781 230 3858 quod
253 3783 357 3842 auctor
379 3781 519 3842 editionis
542 3781 686 3859 principis
704 3783 868 3841 etiamtunc
885 3782 917 3841 in
935 3781 1135 3858 Neapolitano
1153 3778 1300 3858 adgnouit

149 3889 225 3946 quoe
250 3872 444 3946 cinqulcrnn,
471 3874 524 3949 qui
552 3871 607 3932 cod
633 3869 740 3931 habuit
771 3888 882 3946 proque
913 3871 1106 3945 nnpulurcnr,
1133 3868 1222 3929 sicuti
1237 3883 1299 3945 pro

149 3962 344 4035 differentium
370 3977 493 4021 caenum
520 3961 598 4020 male
626 3961 727 4037 posuit
756 3959 832 4019 illud
854 3960 965 4020 lectum
987 3958 1166 4034 frequentiam
1188 3974 1297 4018 cneum

150 4050 286 4127 Denique
317 4051 349 4109 in
381 4050 492 4110 Lucilii
523 4048 658 4110 uersibus
689 4050 792 4109 incert.
821 4050 906 4109 1294
932 4067 991 4124 seq.
1024 4046 1143 4107 oculum
1181 4046 1298 4108 librarii

148 4129 344 4218 Neapolitani
367 4142 493 4218 apparet
515 4159 534 4199 a
556 4141 654 4216 priore
681 4134 799 4198 numeri
826 4138 978 4198 aberrasse
1005 4136 1044 4197 ad
1071 4136 1199 4195 alterum
1220 4135 1298 4196 illud

149 4230 287 4299 Numeri,
318 4230 364 4290 ita
394 4232 429 4290 ut
459 4228 558 4289 media
585 4247 661 4306 quae
689 4228 762 4303 sint,
794 4228 872 4287 male
899 4228 1092 4301 omittentur,
1114 4225 1145 4285 iu
1169 4224 1298 4286 Charisii

149 4319 247 4378 uerbis
280 4337 356 4396 quae
392 4317 587 4380 subsecuntur
622 4336 641 4378 a
676 4318 775 4394 priore
811 4320 838 4377 ct
868 4315 906 4375 ad
938 4318 1086 4394 posterius
1120 4319 1158 4385 ct,
1190 4317 1240 4375 ita
1262 4319 1298 4377 ut

149 4410 328 4470 omittentur
354 4408 447 4469 uerba
471 4408 563 4469 Caelii
590 4411 623 4468 ct.
669 4407 826 4467 Praeterea
853 4402 1012 4466 admodum
1034 4404 1172 4486 religiose
1195 4405 1302 4491 Dona·

148 4498 181 4557 in
198 4499 412 4560 commentario
431 4497 469 4559 ad
487 4498 515 4558 h.
529 4519 558 4558 u.
574 4492 737 4574 ‘Putabat’,
754 4497 864 4575 inquit
882 4491 983 4559 ‘Pater
996 4515 1084 4558 sensu
1097 4495 1296 4557 commodiore
