3000 5002
220 345 286 410 316
584 344 681 399 incert.
701 345 758 398 sed.
777 362 804 397 n.
826 348 1010 398 lisa-11⁹1.

220 513 439 590 Hieronymum
458 512 542 572 nulla
560 531 650 572 causa
668 516 714 572 est
732 515 785 571 ant
803 511 931 588 suspicio
951 530 1011 587 qua
1028 514 1171 572 commoti
1188 515 1389 572 111111111-

219 622 300 662 mus:
322 602 374 679 qui
396 602 472 661 illnd
495 600 605 661 Lucilii
629 602 665 660 de
688 602 785 661 Ennio
808 600 953 660 indicium
975 600 1072 660 ueluti
1095 621 1129 661 ex
1155 604 1387 662 commentario

220 711 335 752 sumere
362 692 463 774 aliquo
490 692 624 768 potnerit
649 690 681 749 in
704 691 872 751 Horatium.
919 690 1056 749 Alterum
1084 692 1179 768 igitur
1205 691 1385 751 Homerum

220 787 251 842 et
273 782 387 841 Ennius
411 799 442 840 se
463 782 528 856 ipse
550 781 628 840 dixit
649 780 700 839 lib.
718 780 735 839 I
757 781 920 855 annalium,
943 798 1011 838 cnm
1033 779 1158 839 Homeri
1180 781 1321 840 animam
1351 782 1386 841 in

219 891 306 932 sunm
329 889 435 948 corpus
457 869 612 930 transiisse
635 868 820 930 contenderit
843 862 926 950 (uide
944 869 1034 929 schol.
1054 868 1092 928 ad
1116 869 1188 930 Hor.
1206 869 1227 927 1.
1248 889 1272 929 s.
1292 870 1383 930 Pers.

219 960 263 1020 VI
284 952 354 1041 10),
383 962 414 1018 11
440 959 573 1019 Lucilius
601 961 645 1018 ita
673 961 795 1018 uocauit
818 959 949 1018 Ennium
976 978 1147 1035 quanquam
1174 977 1280 1018 uersus
1311 962 1383 1021 eius

221 1051 371 1128 grauitate
394 1050 524 1107 minores
546 1067 635 1124 saepe
657 1047 763 1107 derisit
786 1041 869 1128 (uide
893 1048 932 1107 ad
954 1050 1057 1108 incert.
1075 1068 1104 1107 n.
1126 1039 1237 1128 1190),
1262 1052 1294 1108 et
1320 1051 1382 1109 cri·

219 1139 272 1198 tici
304 1139 351 1197 illi
383 1157 458 1215 quos
490 1138 635 1197 Horatius
667 1140 783 1214 spectat
800 1139 819 1197 l.
839 1155 861 1196 s.
884 1137 965 1196 idem
995 1137 1187 1213 protnlenmt
1216 1137 1380 1198 iudicium.

220 1227 305 1297 Quod
327 1229 424 1287 critici
446 1226 493 1286 illi
516 1227 615 1286 dixere
638 1227 770 1286 Ennium
793 1227 921 1286 alterum
942 1226 1115 1302 Homerum,
1137 1227 1168 1286 id
1192 1227 1230 1286 ad
1251 1227 1381 1287 laudem

220 1320 251 1376 et
273 1317 400 1397 gloriam
426 1318 489 1376 eius
520 1318 651 1392 partinet
682 1317 771 1376 sicuti
797 1315 930 1376 Lucilius
962 1315 1012 1375 lib.
1032 1316 1074 1374 IX
1093 1336 1120 1374 u.
1142 1317 1204 1376 343
1244 1315 1380 1377 Iliadem

220 1426 281 1466 una
313 1425 379 1465 cum
411 1407 503 1465 Ennii
539 1405 697 1465 annalibus
733 1407 835 1483 posuit
870 1424 991 1483 poeseos
1027 1424 1118 1465 uerae
1153 1407 1306 1482 specimen
1348 1413 1382 1468 et

221 1496 389 1573 exemplum
407 1496 529 1555 iustum.
567 1493 652 1564 Quod
669 1493 817 1554 Lucilium
835 1497 1017 1569 suspicatm
1034 1513 1094 1554 csse
1112 1495 1207 1554 tradit
1222 1495 1378 1573 Hierony·

221 1603 286 1643 mus
310 1584 401 1644 fuisse
425 1604 492 1643 enm
516 1584 644 1643 alterum
667 1582 843 1658 Homerum,
871 1584 902 1642 id
925 1584 1021 1663 magis
1044 1583 1165 1643 uidetur
1186 1583 1225 1644 ad
1254 1589 1380 1645 somnia

220 1675 275 1732 illa
297 1673 487 1750 Pythagorea
509 1675 657 1748 spectasse
682 1672 718 1732 de
746 1673 852 1748 quibus
879 1672 979 1750 potins
1007 1691 1075 1732 cum
1100 1675 1166 1733 ioco
1195 1677 1225 1733 11
1252 1675 1379 1737 facetiis

221 1765 316 1840 egisse
338 1762 426 1821 illum
449 1764 678 1821 consentaneum
701 1766 747 1822 est
769 1781 860 1838 quam
883 1763 960 1822 serio
983 1765 1014 1822 et
1036 1782 1104 1822 cum
1121 1762 1209 1822 laude
1229 1765 1378 1826 auctoris.

313 1860 418 1929 1190.
443 1867 563 1928 Seruius
587 1868 625 1927 ad
648 1869 795 1928 Aeneidos
814 1869 857 1928 XI
876 1870 940 1930 602
964 1871 1029 1928 tum
1051 1870 1113 1929 late
1136 1870 1249 1929 ferrens
1275 1871 1378 1932 hastis

221 1958 332 2017 Horret
361 1976 446 2036 ager,
474 1959 630 2034 campique
657 1960 748 2017 armis
776 1958 951 2017 sublimibus
979 1958 1093 2020 ardent.
1140 1954 1264 2019 ‘Horret
1291 1979 1378 2038 ager,

222 2047 363 2108 terribilis
387 2049 439 2107 est.
477 2050 523 2106 est
551 2049 651 2107 autem
678 2066 781 2108 uersus
805 2049 972 2125 Ennianus,
999 2049 1189 2125 uituperatus
1212 2068 1230 2108 a
1253 2049 1377 2111 Lucilio

222 2137 337 2196 dicente
364 2156 418 2213 par
448 2136 622 2195 inrisionem
653 2136 788 2197 debuisse
819 2158 886 2195 eum
914 2137 1010 2196 dicere
1040 2132 1165 2197 “horret
1193 2142 1223 2197 11
1255 2136 1377 2217 alget''.

221 2226 299 2285 unde
331 2225 474 2284 Horatius
505 2225 542 2285 de
571 2226 686 2286 Lucilio
720 2218 1003 2308 (1111111054)
1036 2221 1127 2287 “Non
1160 2227 1239 2287 ridet
1268 2248 1377 2290 uersus

222 2315 301 2373 Enni
324 2317 476 2394 grauitate
498 2309 691 2375 mmores?''.'
728 2315 898 2374 Macrobius
917 2315 979 2374 Sat.
1000 2316 1129 2389 v14‚6
1151 2312 1239 2375 ‘Tum
1258 2318 1378 2380 ferrens

221 2405 317 2464 hastis
348 2405 450 2464 horret
479 2424 556 2482 ager.
602 2405 705 2463 horret
734 2405 809 2464 mire
841 2424 872 2464 se
905 2404 1003 2464 habat.
1047 2405 1098 2465 sed
1131 2410 1161 2466 et
1193 2407 1310 2465 Ennius
1343 2408 1377 2468 in

223 2494 445 2569 quartodecimo
468 2486 602 2574 (393V)
629 2487 799 2554 “horrescit
820 2496 889 2554 telis
912 2495 1057 2554 exercitus
1081 2514 1167 2573 asper
1194 2495 1376 2573 111111111”

223 2628 273 2640 ...
294 2585 324 2642 11
341 2585 372 2641 in
392 2582 530 2659 Scipione
550 2575 639 2663 (VIII
648 2575 689 2662 V)
711 2577 846 2660 “sparsis
864 2584 958 2643 hastis
977 2583 1074 2661 longis
1094 2604 1216 2662 campus
1235 2586 1377 2663 splendet

223 2674 253 2730 11
274 2668 408 2732 horret’'.
446 2672 498 2731 sed
521 2676 551 2731 et
573 2676 643 2732 ante
666 2692 767 2732 omnes
785 2672 932 2733 Homerus
955 2671 1074 2752 ἔφριξεν
1095 2670 1127 2733 δὲ
1146 2673 1224 2752 μάχη
1243 2676 1375 2754 φθισίμ-

223 2762 328 2840 βροτος
351 2756 496 2846 ἕγχείῃσιέ
520 2755 646 2844 1111ῇὸ
672 2762 776 2822 debuit
794 2762 901 2821 addere
920 2763 1009 2821 sicuti
1028 2765 1173 2839 scriptum
1191 2767 1237 2823 est
1255 2765 1291 2822 N
1307 2766 1375 2826 339

222 2869 281 2925 quo
314 2850 410 2927 magis
443 2854 589 2928 appareat
619 2850 710 2909 Ennii
741 2850 881 2911 imitatio.
937 2849 1109 2929 Complures
1142 2852 1232 2911 Ennii
1268 2873 1377 2915 uersus

222 2941 322 2999 risisse
357 2938 506 2999 Lucilium
537 2941 591 3015 qui
622 2940 740 3019 indigni
772 2941 885 3000 fuerint
915 2943 1046 3000 carmine
1077 2943 1195 3001 heroico
1227 2942 1377 3004 Horatius

222 3032 364 3088 testatur:
388 3028 546 3088 credideris
570 3048 672 3089 uersus
695 3030 772 3089 tales
795 3030 898 3106 quales
922 3034 993 3090 sunt
1016 3022 1127 3113 (annal.
1149 3032 1212 3091 609
1223 3024 1265 3112 V)
1289 3028 1376 3094 ‘saxo

223 3135 287 3177 cere
302 3117 477 3176 comminuit
494 3113 591 3177 brum’
613 3111 709 3198 (Seru.
730 3118 860 3178 11111.
878 3118 894 3176 Ι
913 3111 992 3200 412)
1014 3139 1073 3179 111
1101 3120 1238 3200 effugisse
1261 3122 1377 3183 Lucilii

223 3206 482 3283 uituperationem.
519 3207 629 3266 Versus
648 3207 820 3268 Lucilianus
844 3208 963 3268 uidetur
985 3210 1075 3269 fuisse
1101 3204 1257 3287 “‘spnrsis
1275 3211 1376 3273 hastis

223 3295 321 3373 longis
336 3290 480 3370 campns”
496 3299 528 3354 et
540 3296 641 3356 horret
655 3300 685 3356 et
703 3292 796 3376 algct'
815 3299 920 3358 1111
937 3298 1080 3376 frigidum
1099 3301 1144 3360 est
1163 3302 1192 3359 ct
1210 3301 1376 3377 borridum,

223 3386 268 3443 ita
290 3387 325 3443 ut
346 3402 448 3444 uersus
471 3384 604 3444 Enniani
625 3389 742 3463 partem
765 3389 898 3464 posuerit
920 3387 1053 3448 Lucilius
1075 3408 1170 3465 nsque
1193 3389 1232 3448 ad
1259 3388 1375 3450 bucoli-

223 3474 297 3532 cam.
342 3473 387 3533 De
412 3473 576 3533 hexametri
603 3478 817 3552 compositione
845 3480 948 3554 egerat
973 3477 1106 3538 Lucilius
1136 3476 1238 3538 eodem
1267 3478 1375 3541 Seruio

224 3565 344 3622 auctore
370 3561 408 3621 ad
432 3563 504 3621 Aen.
524 3563 599 3622 vm
618 3565 673 3624 83:
697 3566 768 3624 conf
783 3567 885 3624 incert.
905 3586 933 3624 u.
955 3568 1048 3626 1209.

315 3661 421 3730 1191.
445 3669 576 3730 isidorus
599 3672 673 3750 orig.
692 3672 762 3731 XIX
781 3674 811 3749 4,
831 3674 872 3732 10
903 3667 1102 3751 ‘decepimus
1130 3667 1188 3755 (ca
1208 3673 1374 3737 Lacu:

224 3813 418 3873 catasiorates
434 3812 531 3888 Gstcls.
546 3815 741 3891 catapioratis
754 3808 920 3894 Souperm.)
933 3817 1014 3875 linea
1028 3835 1095 3875 cum
1109 3837 1208 3877 massa
1223 3818 1375 3895 plumbea,

225 3922 285 3978 qua
309 3904 400 3964 maris
428 3903 557 3962 altitudo
584 3906 757 3981 temptatur.
802 3904 935 3964 Lucilius
963 3899 1065 3972 “hunc
1094 3903 1184 3983 (hanc
1206 3901 1374 3989 Saaperm.)

224 3995 415 4067 catapiratem
454 3985 510 4074 (ita
545 3992 709 4053 Areuclcs:
751 3996 956 4070 cataporatem
995 3994 1145 4070 caepere.
1187 3999 1375 4074 cataportsm

226 4076 338 4163 Gecelf.)
366 4101 441 4158 puer
467 4076 567 4158 (pueri
589 4074 754 4163 Sanperm.)
782 4083 885 4142 eodem
912 4084 1025 4157 deserat
1051 4077 1108 4166 (ua
1130 4084 1292 4146 Arcadius:
1323 4087 1374 4146 de·

224 4171 303 4230 foret
327 4170 422 4244 (lueis.
446 4170 597 4246 carpene.
615 4191 653 4231 m.
672 4173 703 4239 2,
727 4172 827 4232 defore
849 4172 1056 4248 8119111111.
1077 4166 1111 4253 1)
1138 4178 1261 4234 unctum
1289 4167 1375 4256 (eum

224 4250 390 4337 Sanpcrm.)
413 4259 529 4334 plumbi
550 4260 716 4337 pauxillum
743 4252 923 4342 (paucillum
944 4255 1110 4344 Sanperm.)
1137 4264 1231 4324 rudus
1256 4264 1373 4340 linique

225 4341 358 4426 (linoque
387 4340 499 4430 (lueis.)
530 4345 727 4409 mataxam''.'
778 4351 884 4410 Festus
917 4373 945 4428 p.
966 4352 1044 4427 265,
1065 4352 1148 4412 13Μ
1178 4348 1290 4412 ‘Rodus
1322 4357 1374 4414 nel

225 4436 335 4496 raudus
358 4436 508 4515 significat
529 4458 592 4498 rem
614 4437 718 4498 rudem
742 4441 772 4498 11
799 4439 1012 4515 imperfectam.
1037 4443 1224 4519 ...uulgus
1250 4442 1373 4519 quidem
