3030 5002
213 362 256 430 14
686 359 700 417 1
717 380 744 419 u.
764 368 880 423 24-26.

212 533 359 595 adnotant
381 532 552 594 Ciceronem
576 531 715 594 Clodium
738 535 821 593 cuius
845 553 953 594 nomen
980 534 1106 595 totidem
1133 535 1243 596 litteris
1270 534 1362 613 signi·

212 623 315 684 ficeuit
333 622 469 684 Catullus
488 623 584 683 dicere
603 622 783 699 pulchellum
803 643 928 701 puerum
947 624 986 682 ed
1005 625 1068 684 1111.
1082 624 1099 683 Ι
1115 628 1166 700 16,
1182 629 1222 686 10
1241 624 1273 683 Π
1290 630 1318 700 1,
1332 627 1361 684 4.

214 715 308 790 22,1,
354 713 504 790 Apollinis
531 713 625 791 igitur
652 714 800 772 sententia
832 713 868 772 de
896 713 974 791 Lupi
1004 717 1129 774 interitu
1162 733 1238 790 quae
1271 715 1363 774 fuerit

211 804 301 879 plane
323 805 470 863 incertum
494 805 548 877 est,
571 804 630 862 nisi
653 803 730 862 forte
753 800 805 862 τὸν
828 801 1008 863 λυκοκτόνου
1036 802 1110 864 θεόν
1133 803 1233 880 Lupos
1261 823 1362 865 omnes

211 892 375 968 perdendos
408 895 555 953 censuisse
587 892 715 952 coniciet
746 894 909 968 quispiam:
943 897 1023 953 certe
1054 894 1086 951 in
1117 894 1199 953 istud
1232 892 1363 953 Cornelii

211 981 333 1041 Lentuli
356 1001 502 1061 agnomen
528 981 644 1058 aliquid
670 981 776 1041 lusisse
799 981 931 1041 Lucilius
959 983 1110 1059 putandus
1138 987 1197 1059 est,
1224 983 1363 1042 similiter

213 1076 303 1147 atque
325 1070 398 1131 Hor.
421 1071 651 1147 serm.17,33
677 1067 745 1131 ‘Per
766 1091 905 1151 magnos,
932 1071 1040 1148 Brute,
1066 1072 1136 1133 deos
1158 1075 1189 1131 te
1212 1069 1286 1148 Oro,
1311 1074 1363 1149 qui

211 1179 296 1240 reges
324 1162 473 1221 consueris
501 1161 620 1236 tollere,
648 1177 701 1219 cur
727 1179 788 1219 non
810 1161 898 1221 Hunc
920 1161 1032 1241 Regem
1059 1159 1200 1240 iugulas?
1231 1159 1361 1238 Operum

212 1251 281 1326 hoc,
308 1250 382 1309 mihi
410 1250 509 1325 crede,
539 1253 659 1309 tuorum
687 1245 752 1308 est’.
777 1281 819 1292 -
844 1253 887 1311 20
911 1253 964 1309 aut
986 1282 1031 1292 -
1053 1244 1120 1330 eut]
1149 1251 1364 1328 conprehendit

213 1340 250 1399 ab
274 1341 370 1399 altera
392 1344 477 1417 parte
495 1339 598 1400 Iouem
617 1336 650 1398 Ο.
665 1338 714 1409 Μ,
739 1339 776 1398 ab
797 1340 893 1399 altera
911 1340 1042 1416 reliquos
1061 1358 1171 1400 omnes.
1185 1372 1229 1381 -
1244 1341 1285 1399 22
1306 1343 1364 1400 siet

212 1448 247 1489 11
270 1423 400 1509 dicatur]
424 1429 633 1506 hendiadyoin.
652 1429 754 1488 —ad
776 1426 881 1507 unum]
910 1427 1127 1491 melodorum
1153 1433 1310 1506 tamquam
1337 1432 1364 1492 ei

211 1519 373 1595 praecedat
395 1514 530 1579 ‘omnes'.

303 1601 361 1669 26.
384 1608 530 1669 Asconius
552 1607 646 1668 falsus
663 1609 697 1666 in
714 1607 940 1668 Diuinalionem
960 1610 1001 1667 43
1023 1600 1089 1690 (ubi
1108 1608 1224 1669 Cicero:
1247 1610 1275 1669 si
1292 1610 1364 1684 quid

214 1715 248 1756 11
279 1702 374 1756 uelem
405 1698 509 1772 111111
540 1700 669 1757 oratione
702 1693 816 1757 ‘Iouem
848 1715 897 1774 111
930 1701 1070 1773 optimum
1105 1694 1277 1759 mucimum’
1312 1703 1365 1758 aut

214 1781 351 1855 ‘Vellem
378 1789 406 1845 si
432 1788 499 1859 sieri
519 1789 675 1861 potuisset,
701 1783 822 1848 iudices’
852 1791 905 1847 aut
931 1788 1045 1862 aliquid
1070 1789 1212 1849 1111111111
1239 1788 1364 1848 ediscere

207 1877 353 1949 potueris,
375 1875 531 1949 praeclare
552 1880 579 1934 te
595 1880 741 1950 peretum
761 1879 795 1935 in
816 1877 959 1936 iodicium
984 1881 1142 1936 1111111111
1168 1869 1361 1958 arbitrer-M)

212 1984 241 2040 p.
263 1965 325 2023 116
340 1963 419 2024 Bait
453 1959 568 2024 ‘Iouem
587 1984 642 2042 ego
661 1966 808 2040 optimum
826 1962 1011 2043 maximum]
1046 1966 1129 2026 Haec
1146 1969 1247 2044 capita
1266 1967 1364 2027 solent

213 2053 326 2113 usitate
353 2072 416 2113 esse
443 2054 600 2114 causidicis
627 2054 789 2130 imperitis:
818 2056 897 2131 quod
925 2075 1017 2135 genus
1042 2057 1113 2115 uitii
1140 2059 1172 2116 in
1199 2056 1362 2133 primordio

212 2145 244 2202 in
280 2143 436 2203 rhetoricis
465 2136 522 2224 (=
542 2143 579 2202 de
605 2136 777 2226 111126)
810 2144 935 2224 uulgare
971 2147 1115 2205 nominat.
1175 2146 1364 2222 Incipiebant

213 2237 314 2294 autem
337 2235 463 2308 uetereS,
486 2235 520 2292 ut
542 2233 694 2312 Vergilius
718 2233 857 2308 ostendit,
882 2237 936 2294 aut
958 2234 995 2293 ab
1019 2236 1209 2295 inuocatione
1232 2235 1363 2312 deorum,

213 2322 301 2398 quale
321 2324 367 2382 est
381 2313 468 2403 (Aen.
483 2321 526 2380 XI
541 2315 620 2404 301)
635 2317 816 2382 “Praefatus
831 2323 917 2385 diuos
932 2325 1007 2384 solio
1020 2344 1072 2383 ren
1087 2324 1154 2383 infit
1167 2324 1205 2383 ab
1219 2320 1306 2384 alto''
1320 2357 1363 2366 -

213 2412 267 2469 aut
293 2410 519 2486 reprehensione
547 2412 707 2489 superioris
735 2413 889 2489 temporis,
922 2416 957 2472 ut
984 2414 1028 2473 eit
1051 2413 1197 2473 Lucilius:
1222 2409 1362 2474 “Vellem

213 2502 385 2576 cumprimis
408 2500 473 2560 fieri
495 2503 522 2560 si
544 2502 621 2560 forte
644 2498 803 2577 petisset'’=
827 2505 935 2562 uiticse
957 2502 1045 2562 ambo
1070 2503 1179 2580 capita.
1226 2503 1362 2563 1111711-

213 2590 303 2666 gilius
336 2582 598 2672 (1111.Χ1302)1
631 2587 735 2651 “Ante
768 2592 904 2667 equidem
936 2611 1053 2653 summa
1084 2593 1120 2652 de
1151 2613 1184 2653 re
1214 2593 1362 2670 statuisse,

212 2679 315 2739 Latini
338 2680 379 2739 111
402 2681 511 2740 uellem
534 2677 858 2740 111111111111111”.’
883 2713 927 2722 —
949 2682 1049 2741 Verba
1071 2682 1140 2742 inde
1166 2682 1204 2741 ab
1228 2683 1270 2741 Et
1293 2684 1362 2743 Ver-

210 2769 314 2845 gilius,
341 2770 474 2831 scholion
496 2772 646 2831 recentius
669 2789 731 2831 esse
755 2771 803 2830 uel
832 2771 1069 2831 additamentum
1097 2775 1230 2849 apparet.
1277 2770 1362 2831 (lom-

212 2859 348 2936 paranda
379 2864 450 2920 sunt
478 2852 577 2920 Seruii
609 2860 701 2919 uerba
732 2861 771 2919 ad
798 2860 925 2938 Vergilii
948 2861 967 2922 l.
991 2880 1027 2922 s.:
1061 2857 1230 2921 ‘Praefatus
1262 2855 1362 2941 diuos]

213 2968 294 3008 more
327 2951 464 3026 antiquo:
501 2969 571 3008 nem
602 2952 730 3009 maiores
766 2949 880 3009 nullam
918 2953 1083 3011 orationem
1119 2951 1177 3011 nisi
1213 2953 1362 3011 inuocatie

213 3037 384 3097 numinibus
416 3037 609 3113 inchoabant,
646 3041 724 3098 sicut
756 3042 825 3099 sunt
858 3058 959 3098 omnes
991 3043 1141 3100 orationes
1174 3038 1296 3100 Catenis
1333 3044 1363 3099 et

213 3124 351 3186 Gracchi:
380 3145 449 3185 nam
473 3128 609 3206 generale
633 3130 724 3204 caput
746 3129 777 3186 in
806 3128 942 3188 omnibus
970 3130 1104 3207 legimus.
1150 3129 1236 3189 Vnde
1260 3129 1362 3189 Cicero

213 3235 267 3291 per
288 3216 462 3275 inrisionem
486 3217 530 3274 ait
553 3210 602 3277 “si
625 3218 698 3293 quid
721 3237 755 3276 ex
779 3220 878 3277 uetere
902 3218 1004 3295 aliqua
1027 3221 1163 3278 oratione
1180 3219 1283 3278 Iouem
1307 3239 1361 3298 ego

213 3307 359 3380 optimum
382 3301 590 3366 maximum'’.'
638 3305 715 3376 Quid
738 3308 779 3366 sit
800 3309 1020 3380 reprehensione
1042 3310 1202 3383 superioris
1227 3311 1363 3383 11111111

213 3412 248 3453 11
272 3392 370 3452 Seruii
397 3393 508 3454 scholio
534 3395 707 3457 11111302
735 3397 934 3475 intellegitur:
964 3394 1055 3456 ‘Ante
1082 3397 1218 3474 equidem
1246 3417 1363 3457 summa

214 3503 237 3541 e.
252 3502 279 3559 q.
295 3477 333 3563 s]
356 3483 486 3543 latenter
507 3487 607 3559 creuit
628 3486 771 3561 Turnum,
795 3485 874 3562 quod
897 3486 954 3546 sibi
977 3507 1035 3546 non
1059 3487 1311 3563 obtemperauerit
1329 3491 1363 3546 ut

213 3571 316 3631 foedus
339 3572 431 3648 fieret,
454 3574 486 3631 in
504 3577 631 3651 septimo
650 3576 765 3635 scilicet
783 3577 835 3635 ubi
853 3575 930 3635 dixit
948 3569 1043 3657 (596)
1063 3572 1118 3635 “te
1136 3577 1246 3650 Turne,
1269 3577 1362 3650 nefas,

213 3664 243 3721 te
267 3663 353 3721 triste
375 3663 518 3737 manebit,
541 3660 754 3740 supplicium'':
778 3684 848 3724 nam
871 3664 959 3724 modo
981 3666 1032 3724 hoc
1055 3669 1166 3738 ternpus
1183 3666 1361 3724 reuoluti...

214 3746 369 3811 “uellem’'
395 3755 494 3812 autem
519 3748 706 3814 “statuisse’'
732 3754 774 3813 sic
797 3755 871 3813 dicit
893 3757 928 3813 ut
951 3749 1084 3814 “uellem
1107 3750 1234 3815 fccisee’'
1264 3758 1296 3814 et
1318 3758 1363 3815 est

213 3841 421 3918 compendiose
448 3842 589 3918 elocutio,
616 3863 682 3902 cum
706 3846 862 3920 querimur
883 3862 942 3904 nen
966 3863 1028 3904 esse
1050 3845 1164 3903 factum
1192 3845 1272 3921 quod
1298 3843 1362 3903 fieri

213 3926 336 3991 debuit’.
375 3930 470 3991 Sicuti
492 3932 543 3991 ille
568 3935 669 3991 orator
691 3952 779 4009 quem
800 3931 901 3993 Cicero
922 3933 1028 3993 irridet
1044 3936 1090 3992 ita
1108 3932 1240 3993 Lucilius
1259 3932 1362 3993 Latini

214 4020 339 4080 alicuius
367 4023 494 4080 oratoris
521 4020 725 4097 prohoemium
753 4024 890 4082 imitatus
919 4026 964 4083 est
991 4041 1079 4098 quem
1107 4026 1137 4082 et
1165 4021 1268 4083 (licere
1298 4025 1362 4100 ipse

212 4110 351 4168 imitatur
377 4112 525 4169 oratorem
552 4112 640 4170 initio
667 4112 811 4171 orationis
839 4132 894 4189 pro
918 4111 1002 4171 Sulla
1026 4113 1105 4171 slibi.
1152 4112 1232 4188 Apte
1260 4117 1361 4173 autem

214 4196 348 4274 Scaliger
369 4199 448 4258 hunc
470 4199 580 4258 Lucilii
602 4219 720 4260 uersum
743 4200 850 4260 tribuit
872 4201 983 4260 libroI
1005 4205 1127 4278 propter
1148 4222 1196 4261 uu.
1218 4204 1361 4278 27seqq.:

213 4305 283 4345 nam
307 4306 374 4346 eum
397 4288 428 4345 in
450 4288 506 4347 hoc
529 4289 606 4348 libro
628 4291 715 4368 longe
739 4290 886 4366 plurimae
909 4291 1021 4349 fuerint
1041 4294 1191 4351 orationes
1208 4291 1362 4351 rhetorum

118 4430 120 4432 ,
214 4375 355 4452 ampullis
378 4393 397 4434 a
418 4381 508 4452 poete
531 4398 584 4455 per
607 4377 704 4438 iocum
728 4382 859 4455 ornatae,
884 4379 953 4439 inde
975 4381 1108 4441 rhetores
1132 4401 1167 4440 ex
1190 4382 1246 4441 hoc
1269 4382 1361 4457 potis·

213 4466 322 4524 simum
349 4464 426 4525 libro
454 4486 508 4527 sua
536 4469 678 4543 poterent
708 4468 860 4528 desumere
893 4470 1034 4545 exempla.
1084 4470 1157 4532 Fuit
1187 4469 1282 4549 igitur
1313 4470 1362 4529 hic
