3060 5010
568 375 652 431 x1·u.
672 381 821 430 eor-411.
1264 379 1328 446 153

174 550 207 609 in
236 550 341 624 armis,
377 549 492 608 sternat
528 549 559 607 ct
597 547 736 609 aduersos
767 548 866 607 Marte
897 548 1018 608 tanente
1050 544 1151 609 duoes'
1184 550 1328 611 Tibulll

177 642 227 714 10,
247 641 298 699 ae.

265 718 347 789 409.
370 728 486 787 Nonius
505 749 534 806 p.
550 729 624 804 227,
644 728 685 787 33
706 723 845 802 ‘torquem
864 729 981 806 generis
994 729 1161 788 masculini.
1193 730 1326 791 Lucilius

175 821 345 896 satyrarum
385 818 437 877 lib.
461 817 504 876 XI
541 813 729 878 “conuentus
749 863 755 875 .
777 865 782 876 .
803 865 809 876 .
833 819 933 877 111111
969 811 1107 896 (bruches
1144 812 1255 901 Garris.)

175 913 303 982 torquem
330 908 409 966 datis
435 902 584 986 magni''.'
630 907 715 966 Idam
742 928 770 984 p.
786 908 865 983 506,
885 909 927 968 20
956 903 1094 987 ‘Fulgore
1122 912 1255 987 correpte

174 997 308 1058 Lucilius
336 999 505 1075 satyrarum
536 997 586 1056 lib.
601 997 644 1056 XI
669 992 856 1057 “conuentus
876 999 1067 1074 ...torques
1090 995 1235 1073 moqnl''.’
1282 1000 1327 1059 De

175 1088 323 1148 conuentu
355 1084 511 1146 Gallorum
543 1088 594 1165 agi
625 1087 774 1146 intellexit
806 1085 982 1147 Guilelmius
1008 1087 1146 1147 Verisim.
1169 1089 1202 1148 H
1227 1093 1325 1167 capt

175 1173 264 1254 quod'
276 1177 435 1236 bracarum
457 1195 595 1256 sagorum
621 1176 747 1253 denique
765 1179 919 1253 torquium
938 1177 1107 1238 nominibus
1128 1177 1163 1237 fit
1181 1182 1326 1256 apertum.

176 1267 310 1327 Similem
325 1268 504 1327 conuentum
519 1266 700 1327 Asianorum
716 1266 858 1326 describit
871 1266 938 1326 Dio.
952 1267 1036 1327 Prus.
1050 1268 1190 1327 XXXVI
1208 1290 1236 1346 p.
1253 1270 1325 1330 335.

177 1358 239 1416 336
268 1355 354 1417 Aru:
385 1357 474 1416 alitor
501 1358 674 1434 comparata
702 1359 772 1416 suut
803 1375 880 1434 quae
910 1359 1014 1416 narrat
1040 1357 1137 1418 Varro
1164 1360 1196 1417 in
1224 1362 1327 1419 satura

176 1444 230 1525 ἔχω
254 1463 285 1507 σε
310 1448 374 1506 170
388 1447 427 1505 B:
457 1441 530 1505 ‘tela
557 1445 661 1505 dextra
688 1445 811 1505 uibrant
840 1440 1016 1525 †russatia
1038 1449 1168 1507 emicant
1191 1452 1280 1525 atque
1304 1444 1327 1527 †

174 1535 341 1614 insignibus
368 1536 474 1596 Martis
504 1538 625 1612 torques
654 1555 761 1596 aureae
788 1538 873 1596 scuta
900 1537 1016 1596 caelata
1043 1536 1178 1596 Hiberon
1205 1529 1240 1618 (a
1267 1539 1327 1598 odd

174 1617 383 1706 Buoctetcrecs)
412 1628 536 1704 argento
564 1627 651 1705 graui
678 1625 782 1685 crebra
809 1621 947 1705 fulgent’.
997 1626 1042 1686 De
1070 1625 1165 1686 Gallis
1194 1626 1253 1687 (lio.
1272 1648 1326 1705 pro
1370 1643 1373 1649 ’

175 1715 299 1775 Fonteio
338 1716 393 1790 15,
418 1717 458 1775 33
493 1711 555 1775 ‘Sic
591 1717 769 1775 existimatis
807 1734 856 1775 eos
892 1717 941 1775 hic
978 1717 1099 1794 sagatos
1129 1716 1326 1795 bracatosque

175 1806 288 1865 uersari
320 1807 421 1865 animo
453 1805 581 1866 demisso
614 1809 704 1883 atque
735 1806 844 1865 humili
865 1801 952 1864 ...l’
998 1806 1138 1866 Formam
1170 1808 1326 1886 uulgarem

175 1897 274 1954 breem
302 1915 393 1972 quam
421 1896 548 1955 reiciunt
574 1896 765 1974 grammatici
788 1893 842 1955 GL
861 1895 890 1952 V
908 1915 936 1972 p.
953 1897 1031 1971 572,
1056 1900 1094 1955 11
1120 1896 1180 1954 VII
1203 1917 1231 1973 p.
1253 1899 1326 1972 106,

177 1983 255 2045 1οΚ
274 1985 369 2044 altero
388 1984 481 2044 Nonii
494 1985 561 2045 loco
576 2005 645 2046 casu
660 1987 757 2044 ortam
771 2003 834 2046 esse
847 2005 915 2045 cum
929 1989 1072 2063 sequatur
1084 2003 1159 2060 supa
1172 1986 1326 2064 probabile

174 2079 232 2134 est:
244 2093 300 2150 pro
315 2075 451 2133 11111511
464 2074 520 2149 Ed
533 2075 659 2134 Dioolet.
674 2074 733 2133 VII
748 2076 800 2134 46.
838 2072 917 2134 Gonf
928 2074 1083 2135 Gallorum
1098 2075 1326 2153 descriptionem

175 2167 207 2224 iu
230 2164 319 2243 Verg.
334 2163 407 2224 Aen.
422 2163 498 2223 VIII
517 2164 581 2224 659
607 2159 719 2224 ‘Aurea
741 2167 886 2225 caesaries
909 2165 978 2225 ollis
1002 2167 1092 2242 atque
1111 2185 1201 2226 aurea
1224 2169 1326 2243 uestis,

174 2256 302 2333 uirgatis
325 2254 426 2313 lucent
447 2253 573 2332 sagulis3
600 2256 666 2314 tum
693 2254 790 2314 lactea
817 2255 895 2315 oolla
925 2273 998 2314 auro
1020 2251 1223 2315 innectuntur’
1248 2257 1326 2316 unde

175 2342 267 2403 Silius
285 2343 334 2424 [IV
359 2344 422 2403 154
452 2339 549 2404 ‘Golla
578 2344 757 2403 uiri-fulno'
785 2343 946 2403 radiabant
977 2343 1075 2404 lactea
1100 2346 1220 2423 torque,
1252 2365 1325 2406 auro

174 2434 310 2511 uirgatae
333 2436 441 2510 uestes,
463 2435 656 2510 manicaeque
678 2433 818 2513 rigebant
841 2453 876 2494 ex
899 2453 985 2510 auro,
1013 2437 1044 2493 et
1071 2434 1163 2493 simili
1186 2434 1326 2495 uibrabat

175 2524 265 2582 crista
288 2519 431 2583 metallo’.

264 2603 349 2674 411.
373 2612 488 2673 Gellius
510 2611 555 2672 IV
575 2614 659 2688 17,1
681 2608 802 2672 ‘Lucilii
826 2632 861 2672 ex
883 2613 926 2672 XI
949 2632 1051 2674 uersus
1075 2606 1324 2695 1111...(394.

176 2694 256 2780 395)
274 2701 457 2775 1111111111
476 2697 634 2763 “conicere
653 2748 659 2760 .
676 2750 682 2761 .
698 2748 704 2760 .
719 2698 845 2762 Grani”.
869 2705 901 2760 in
919 2703 975 2762 bae
994 2721 1111 2780 quoque
1132 2705 1223 2780 primi
1241 2704 1326 2764 uerbi

175 2793 395 2869 praepositione
415 2792 452 2852 ob
472 2791 596 2853 eandem
615 2811 734 2852 causam
753 2788 941 2869 producunt’.
989 2791 1090 2853 Gioero
1108 2794 1141 2852 iu
1159 2793 1253 2853 Bruto
1273 2795 1325 2869 43,

178 2883 241 2941 160
275 2877 401 2941 ‘Multae
433 2881 539 2942 deinde
573 2901 708 2957 1111111Δ
729 2881 781 2942 sed
812 2884 857 2941 its
888 2883 998 2942 tacitus
1030 2882 1202 2942 tribunatus
1232 2875 1325 2964 (uoco

176 2962 353 3052 timot),
381 2972 417 3030 ut
444 2973 503 3032 nisi
529 2973 561 3030 in
589 2991 623 3030 co
651 2973 831 3049 magistatu
858 2973 1024 3031 censuisset
1046 2971 1125 3049 apud
1148 2991 1325 3049 praeconem

175 3058 318 3119 Granium
350 3061 440 3139 idque
467 3061 552 3121 nobis
580 3061 625 3120 bis
653 3063 836 3121 narrauisset
865 3061 1012 3138 Lucilius,
1043 3061 1197 3121 tribunum
1229 3062 1325 3139 plebis

175 3152 353 3211 nesciremus
385 3146 498 3211 fuisse’.
553 3150 668 3211 Ibidem
697 3152 753 3226 46,
778 3153 841 3210 172
876 3146 952 3230 ‘llgo
989 3153 1112 3211 memini
1149 3152 1325 3212 Τ.’1“111111

175 3240 381 3300 Placentinum
399 3240 550 3301 hominem
567 3241 782 3302 facetissimum
801 3260 868 3301 oum
885 3241 1030 3300 familiari
1043 3244 1144 3302 nostro
1164 3241 1197 3312 Q.
1213 3240 1325 3301 Granio

175 3348 319 3407 praecone
350 3330 509 3391 dicacitate
537 3334 659 3392 certare.
707 3329 779 3406 eon',
807 3333 909 3409 inquit
935 3333 1061 3406 Brutus,
1088 3331 1124 3391 de
1147 3351 1206 3409 qno
1229 3332 1326 3392 multa

175 3417 329 3479 Lucilius?
347 3421 406 3480 isto
425 3422 504 3498 ipso:
523 3420 573 3482 sed
593 3421 717 3481 Tincam
736 3440 796 3481 non
814 3423 912 3481 miuus
928 3421 1026 3482 multa
1039 3421 1164 3482 ridicule
1178 3421 1326 3482 dicentem

177 3507 306 3569 Granius
321 3509 466 3570 obruebat
483 3513 581 3571 nescio
601 3531 660 3588 quo
678 3529 784 3589 sapore
802 3507 983 3571 uernaculo'.
1022 3511 1116 3571 Tinea
1133 3511 1325 3572 Placentinus
1368 3504 1374 3515 '

175 3600 258 3658 cuius
282 3617 445 3677 cognomen
468 3599 615 3660 Gallicum
647 3601 760 3680 legitur
782 3600 892 3661 Auson.
916 3600 1030 3660 Mosell.
1056 3621 1084 3660 u.
1110 3602 1187 3677 125,
1220 3600 1325 3661 Gallus

177 3691 250 3763 erat,
273 3686 401 3748 Granius
428 3689 540 3749 Romae
568 3692 646 3749 uixit
672 3693 703 3750 et
729 3693 804 3751 teste
828 3689 968 3751 Gioerone
997 3690 1112 3750 urbana
1133 3690 1239 3768 lingua
1261 3692 1324 3749 nte·

174 3777 277 3852 batur,
305 3796 371 3837 cum
399 3777 493 3838 Tinea
520 3779 670 3840 auditores
698 3779 859 3840 offenderet
884 3781 1054 3840 ursticitate
1083 3781 1226 3839 sermonis
1257 3798 1325 3856 pro·

175 3866 322 3926 uincialis.
373 3867 485 3926 Romae
512 3866 691 3928 Graniorum
718 3869 865 3928 familiam
897 3874 993 3930 artem
1024 3870 1214 3947 praeconiam
1243 3887 1325 3927 exer·

176 3958 271 4015 cuisse
298 3956 376 4033 lapis
407 3956 538 4017 urbanae
570 3959 695 4037 originis
722 3961 852 4019 testatur
878 3959 959 4036 apud
985 3958 1198 4018 Buechelerum
1227 3956 1324 4017 61111.

175 4045 242 4106 Lat
262 4046 415 4124 epigr-aph.
434 4046 450 4105 I
468 4067 496 4125 p.
513 4048 620 4122 1153
644 4048 676 4106 iu
700 4066 759 4125 quo
783 4066 885 4108 uersus
905 4050 1008 4108 extant
1027 4044 1176 4125 ‘pudentis
1195 4048 1325 4108 hominis

176 4136 256 4214 frugi
285 4154 351 4195 oum
379 4155 489 4215 magna
515 4136 572 4196 fide
600 4139 754 4213 praeconis
778 4136 828 4197 Oli
851 4136 944 4197 Grani
973 4139 1043 4198 suut
1065 4155 1132 4197 ossa
1154 4136 1220 4195 heic
1243 4132 1325 4214 sita’,

176 4225 356 4302 subscriptio
388 4229 433 4285 est
466 4222 664 4286 ’10111111
690 4228 730 4287 M.
749 4227 768 4286 l.
789 4226 916 4287 Stabilio
955 4223 1082 4304 praeoo'.
1137 4227 1262 4287 Tincam
1294 4230 1325 4287 et

177 4312 322 4375 Granium
349 4315 508 4376 (1111111111
536 4319 697 4391 certantes,
724 4320 759 4376 ut
786 4316 865 4395 apud
888 4315 1048 4377 Horatium
1080 4316 1199 4376 serml
1224 4319 1257 4391 5,
1281 4317 1322 4377 52
1419 4346 1423 4355 ·

176 4403 360 4465 altercantur
383 4404 555 4467 Sarmentus
582 4406 766 4485 Messiusque
796 4405 938 4481 Cicirrus,
968 4406 1104 4467 audierat
1126 4407 1229 4468 Gicero
1252 4406 1324 4466 edu·

176 4493 289 4555 1111111
325 4495 426 4555 decem
447 4497 511 4555 ‘uel
548 4496 716 4575 quindecim
753 4517 845 4558 anuos
884 4499 952 4575 post
990 4497 1089 4558 Crassi
1123 4497 1324 4557 tribunatumz
