3060 5010
217 352 260 416 62
662 350 700 405 Ill
717 368 744 405 u.
766 354 914 405 rar-129.

216 523 345 582 testatur
367 521 446 582 Mela
464 520 495 579 Π
515 521 555 580 69
581 515 767 596 ‘Palinurns,
794 521 866 580 olim
888 520 1014 599 Phrygii
1036 518 1256 599 gubernatoris,
1285 540 1364 580 nunc

217 611 275 670 loci
297 605 426 671 nomen'.
472 609 586 671 Mansit
607 612 715 686 opinor
736 613 825 686 poeta
848 612 879 669 in
902 613 992 686 portu
1014 609 1152 669 Palinuri
1173 629 1269 686 neque
1295 612 1365 686 post

216 699 346 760 mediam
368 702 487 759 noctem
509 700 655 778 fatigatus
678 718 797 760 cursum
819 701 963 776 perrexit:
990 718 1067 776 quae
1090 699 1127 759 de
1148 699 1279 776 hospitio
1302 717 1364 759 sor·

217 789 287 849 dido
306 793 337 849 et
353 790 535 866 pauperculo
553 809 603 848 uu.
624 789 797 848 131-135
818 789 978 864 enarrauit,
999 807 1035 848 ea
1053 790 1164 865 optima
1184 790 1364 848 conueniunt

217 879 361 956 oppidulo
384 878 514 957 modIco,
539 877 690 939 Lucaniae
712 877 840 938 horridis
864 879 895 939 et
916 878 1041 939 desertis
1062 878 1234 957 regionibus
1256 879 1363 955 posito.

217 968 322 1029 Medio
343 986 402 1029 uos
424 987 479 1047 pro
501 972 582 1028 node
604 969 724 1045 scripsit
747 967 884 1029 imitatus
911 988 966 1045 per
991 970 1090 1028 iocum
1108 968 1167 1028 XII
1193 967 1364 1028 tabularum

216 1060 313 1136 legem
336 1050 421 1139 (uide
445 1059 483 1118 ad
505 1057 556 1117 lib.
575 1057 664 1117 XVII
681 1078 709 1116 ιι.
729 1049 817 1138 552),
839 1059 872 1117 in
895 1077 955 1134 qua
977 1057 1132 1137 legebatur
1153 1057 1229 1117 illud
1250 1052 1288 1117 ‘si
1305 1075 1364 1117 nox

216 1148 331 1207 furtum
353 1148 467 1208 factum
490 1143 540 1206 sit’
565 1139 709 1228 (Maerob.
733 1145 878 1221 Satll,
899 1138 955 1227 19)
978 1165 1074 1223 neque
1096 1150 1197 1207 tamen
1220 1166 1287 1207 oum
1308 1147 1364 1207 hac

218 1235 334 1297 dicendi
362 1235 574 1297 consuetudine
600 1238 700 1313 potest
727 1238 895 1313 comparari
916 1252 1031 1311 percos
1060 1235 1241 1296 adiectiuum
1272 1235 1365 1296 simili

216 1328 333 1386 ratione
361 1325 531 1387 adhibitum
558 1328 658 1386 aetate
684 1326 855 1402 posteriore.
905 1325 951 1384 De
977 1325 1182 1403 monosyllabo
1209 1327 1308 1403 posito
1332 1327 1364 1385 in

217 1418 299 1476 exitu
322 1416 487 1476 hexamctn'
508 1415 579 1474 uide
600 1414 689 1474 indie.
713 1434 837 1493 gramm.
861 1434 883 1475 s.
906 1435 935 1474 u.
957 1415 1193 1492 monosyllabon.

309 1497 392 1565 128.
424 1504 592 1565 Priscianus
625 1503 726 1564 GLII
751 1525 780 1581 p.
801 1506 878 1580 209,
903 1503 959 1564 SX
1001 1499 1054 1564 ‘Et
1094 1505 1246 1565 sciendum
1285 1504 1364 1581 quod

218 1595 350 1672 quinque
372 1595 566 1654 inueniuntur
587 1595 620 1654 in
644 1613 661 1653 o
684 1594 879 1654 terminantia
896 1614 973 1671 quae
992 1594 1109 1653 faciunt
1125 1597 1158 1653 in
1176 1613 1195 1655 a
1212 1595 1365 1670 feminina,

217 1687 253 1744 ut
274 1684 321 1744 leo
344 1684 449 1744 leaena
471 1683 520 1743 uel
542 1684 599 1759 lea,
622 1683 711 1744 draco
735 1683 890 1759 Lacaena,
911 1685 979 1745 leno
1001 1685 1079 1760 lena,
1101 1702 1197 1762 caupo
1222 1703 1365 1761 caupona,

218 1772 298 1850 quod
325 1773 475 1851 significat
501 1774 565 1833 tarn
591 1775 689 1850 ipsam
716 1774 871 1833 tabernam
899 1792 990 1851 quam
1018 1774 1182 1833 mulierem.
1232 1772 1365 1833 Lucilius

217 1866 250 1922 in
267 1863 315 1922 III
339 1859 498 1940 “caupona
518 1909 523 1921 .
540 1910 546 1921 .
562 1910 568 1921 .
587 1858 702 1940 syra''.’
745 1862 854 1924 Omnia
877 1863 1013 1923 Palinuri
1035 1862 1134 1922 modia
1156 1866 1243 1923 nocte
1263 1880 1372 1923 somno-

218 1953 249 2011 et
271 1971 376 2029 sopore
399 1955 485 2013 erant
507 1952 627 2029 sepulta
645 1954 736 2029 atque
754 1952 945 2030 desperantes
963 1953 1126 2029 hospitium
1145 1952 1261 2013 casulas
1281 1953 1365 2029 oppi-

218 2042 283 2101 duli
306 2041 457 2102 accedunt.
496 2041 578 2119 Sopa
600 2044 702 2102 tamen
724 2061 785 2101 una
809 2043 885 2119 Syra
908 2042 1045 2102 audierat
1066 2060 1217 2102 remorum
1235 2042 1366 2103 sonitum

218 2134 430 2207 nauticumque
457 2133 630 2193 clamorem:
659 2134 829 2209 experrecta
856 2133 951 2193 soleas
977 2131 1078 2191 induit
1105 2134 1260 2209 aperitque
1288 2132 1366 2192 fores

218 2221 367 2282 tabernae.
404 2222 473 2281 Iure
495 2223 639 2282 clamasse
662 2222 835 2281 quenalem
853 2221 960 2281 11162
986 2217 1059 2281 ‘ium
1076 2222 1196 2296 pridem
1219 2220 1311 2299 Syrus
1334 2223 1367 2280 in

219 2310 351 2370 'liberim
374 2310 497 2371 defluxit
520 2309 648 2371 Orontes
671 2312 702 2371 et
800 2314 945 2389 tympana
966 2329 1066 2371 secum
1089 2312 1172 2371 uexit
1193 2314 1224 2370 et
1246 2311 1285 2372 ad
1311 2312 1366 2370 cir·

218 2419 286 2459 curn
311 2402 407 2461 iussas
434 2403 570 2478 prostare
597 2395 724 2479 puellas'
756 2400 806 2460 hic
837 2419 940 2460 uersus
971 2401 1112 2460 testatur:
1145 2418 1220 2478 copa
1247 2400 1367 2478 Syrisce

219 2489 354 2549 Palinuri
376 2492 487 2550 inuitat
509 2489 659 2551 Lucilium
681 2494 802 2568 poetam
825 2491 914 2549 sicuti
935 2490 1103 2568 Vergilium
1126 2489 1290 2550 clarissimo
1312 2489 1366 2548 illo

218 2578 349 2639 carmine
372 2580 455 2640 cuius
478 2599 591 2640 memor
614 2581 673 2638 fuit
690 2579 793 2640 Donsa
815 2598 883 2639 cum
905 2580 984 2639 hunc
1006 2600 1035 2638 u.
1059 2580 1172 2640 ederet:
1195 2578 1270 2640 adde
1292 2580 1366 2638 titu-

218 2669 281 2728 lum
314 2668 535 2746 Syracusanum
563 2672 596 2728 in
627 2668 849 2747 Dittenbergeri
881 2669 987 2747 syllog.
1016 2668 1060 2728 ed.
1084 2669 1115 2728 Π
1139 2670 1200 2729 901
1235 2667 1367 2746 Δεκομία

218 2757 353 2842 Συρίσκα
379 2758 528 2821 πανδόκια
555 2756 664 2839 χρηστὰ
691 2763 778 2840 χαῖρε.
825 2759 935 2835 Syrum
962 2760 993 2818 et
1019 2759 1192 2837 mastigium
1221 2761 1368 2818 memorat

218 2845 352 2907 Lucilius
380 2848 430 2908 lib.
450 2848 549 2908 XXVI
567 2868 595 2907 u.
616 2849 695 2924 669,
727 2848 977 2925 Syrophoenicem
1009 2851 1041 2908 et
1072 2849 1289 2910 faeneratorem
1311 2847 1367 2907 XV

218 2958 246 2996 u.
267 2939 345 2998 497:
373 2938 506 2999 Puteolis
530 2938 674 3014 Syrorum
696 2936 836 2998 tabernas
859 2941 890 2998 et
912 2939 1019 2999 horrea
1041 2939 1132 2999 fuisse
1159 2939 1367 3014 inscriptiones

219 3028 369 3086 testentur
396 3018 610 3107 (Mommsenus
641 3028 755 3087 nrmtiis
787 3029 887 3087 societ.
916 3029 1024 3088 Saron.
1052 3028 1136 3088 class.
1164 3027 1268 3104 philol.
1297 3027 1366 3086 hist.

221 3116 307 3175 1850
330 3136 358 3193 p.
379 3107 535 3197 57seqq.)‚
566 3118 697 3176 testatur
732 3117 914 3178 Trimalchio
953 3116 1241 3192 Trimalchionisque
1277 3116 1367 3175 amici

219 3196 352 3285 (Patron.
373 3206 423 3263 75.
443 3198 514 3287 44):
538 3204 626 3265 duces
649 3205 721 3264 belli
743 3207 861 3267 semilis
883 3209 915 3266 in
939 3207 1043 3267 Sicilia
1062 3206 1131 3284 Syri
1153 3206 1235 3265 fuere
1254 3205 1366 3278 Eunus,

220 3293 313 3371 Syrus
336 3294 459 3371 eiusque
481 3313 557 3354 uxor
578 3314 669 3371 quam
686 3296 821 3374 reginam
840 3295 1023 3375 appellabat,
1046 3299 1077 3356 et
1096 3295 1230 3373 Sarapis,
1254 3295 1367 3355 Tauro·

219 3384 311 3443 monii
328 3383 463 3460 proditor
477 3375 612 3464 (Diodor.
632 3388 759 3462 excerpt.
778 3386 848 3446 libri
865 3386 1000 3446 XXXIV.
1018 3385 1129 3445 XXXV
1145 3387 1174 3461 2,
1189 3387 1217 3445 5.
1235 3387 1284 3445 16.
1301 3377 1366 3467 91).

221 3471 323 3549 (lanpo
352 3473 557 3551 Syrophoenix
581 3478 764 3535 memoratur
792 3495 838 3552 ap.
865 3477 968 3536 quen.
987 3476 1063 3535 VIII
1083 3477 1155 3536 159.
1181 3477 1258 3535 16οε
1287 3470 1367 3536 ‘cau-

219 3581 330 3641 ponum
353 3562 422 3622 dolo
444 3563 636 3624 Iudaicorum
657 3565 784 3625 miscent
806 3583 916 3642 aquam
938 3561 1021 3625 uiuo'
1046 3565 1233 3626 Gaudentius
1254 3565 1368 3643 MIgnei

219 3652 331 3713 Patrol.
350 3651 416 3713 Lat.
436 3651 533 3712 Saul
556 3656 627 3714 tom.
645 3655 700 3713 XX
722 3675 751 3731 p.
772 3652 875 3714 9850.

311 3734 394 3803 129.
416 3742 532 3803 Nonius
554 3745 691 3820 p.21,1
728 3738 873 3803 ‘cernuus
905 3743 1015 3804 dicitur
1046 3746 1166 3822 proprie
1197 3743 1368 3818 inclinatus,

220 3832 306 3909 quasi
326 3831 406 3910 quod
424 3836 535 3892 terram
554 3837 665 3894 cernat.
697 3831 830 3893 Lucilius
849 3835 1018 3910 satyrarum
1037 3834 1087 3894 lib.
1102 3834 1149 3893 III
1165 3829 1314 3894 “ceruuus
1325 3881 1331 3891 .
1343 3878 1367 3891 ..

219 3918 405 3983 honestas''.'
443 3922 555 3983 Paulus
574 3943 609 3982 ex
627 3923 716 3983 Festo
734 3942 763 3999 p.
783 3922 864 3982 55M
883 3917 1368 3999 ‘cemcus‚0a1samenu9mus’.

219 4011 351 4073 Isidorus
370 3999 442 4091 orig.
460 4013 530 4072 XlX
550 4013 601 4086 34,
622 4013 662 4072 19
688 4007 811 4072 ‘Caucis'
832 4015 906 4072 socci
922 4019 993 4074 sumt
1009 4016 1073 4074 sinc
1091 4009 1171 4073 codr’.
1203 4008 1270 4073 ‘hoc
1289 4011 1368 4089 quod

221 4100 355 4180 Scaliger
374 4121 393 4161 a
409 4101 516 4162 Verrio
533 4101 641 4162 Flacco
661 4121 697 4161 ex
714 4118 803 4161 uersu
821 4100 932 4162 Lucilii
949 4103 1028 4163 male
1046 4103 1198 4163 intellecto
1217 4101 1367 4162 detortum

220 4195 332 4267 censet,
358 4209 419 4251 non
442 4189 546 4251 debuit
568 4192 636 4251 aliis
659 4190 800 4251 credibile
821 4191 926 4251 uideri.
972 4192 1091 4252 facilius
1116 4190 1214 4250 dicam
1236 4190 1368 4250 Nonium

219 4280 252 4336 in
278 4299 367 4340 uersu
394 4279 503 4340 Lucilii
530 4280 702 4358 exponendo
730 4298 879 4357 peccasse,
911 4283 947 4340 ut
975 4281 1113 4359 peccauit
1144 4279 1205 4338 alio
1238 4277 1368 4339 eiusdem

220 4371 326 4444 poetae
349 4388 437 4428 uersu
461 4389 496 4428 ex
517 4370 594 4429 libro
616 4369 731 4430 XXVII
755 4362 850 4451 (703)
872 4369 931 4429 huc
953 4371 1058 4430 relato.
1094 4368 1146 4429 sed
1169 4387 1237 4428 cum
1255 4367 1368 4427 Paulus

221 4459 251 4515 et
273 4455 404 4518 Isidorus
431 4456 540 4517 Lucilii
567 4477 675 4518 noman
703 4479 763 4519 non
790 4458 933 4536 habeant,
961 4460 1010 4520 hic
1038 4461 1138 4519 noster
1163 4477 1270 4518 uersus
1295 4475 1368 4534 quo·
