3036 5004
579 354 681 408 xxvii
698 373 725 409 u.
746 360 895 410 ree-rsa
1251 357 1317 421 263

169 523 347 584 lectionibus
357 523 514 583 Harleiani
529 527 559 584 et
568 525 735 584 Florentini
750 544 844 600 neque
859 525 931 584 olim
945 523 1108 585 arbitratus
1118 543 1193 585 sum.
1216 525 1321 587 Potuit

170 613 296 673 scribere
319 613 452 674 Lucilius
477 610 605 674 ‘aridum
628 614 768 673 miserum
792 617 882 690 atque
905 614 1008 672 infelix
1027 614 1155 693 lignum:
1178 615 1318 674 sabucnm

169 699 277 763 uocat’.
311 704 511 763 Mlsbrrimum
535 706 663 780 scripsit,
692 707 781 764 sicuti
804 704 928 763 Plautus
953 693 1132 764 simlllumae
1155 704 1238 764 Asin.
1255 707 1316 765 241

167 784 332 853 6161666616)
356 793 448 853 Stich.
469 795 531 853 532
561 794 680 873 siglttis
703 794 888 853 66161395
913 784 1072 871 Philippeo
1095 794 1319 855 3666616220

169 883 238 957 alis,
261 884 446 959 siptlleotile
466 883 531 942 Ter.
550 884 668 943 Phorm.
689 885 762 943 666.
801 881 889 943 Color
911 901 1014 942 uersus
1037 885 1139 943 tamen
1162 887 1207 943 est
1225 887 1318 962 tragi-

167 990 232 1031 cus:
255 973 383 1032 similem
407 992 526 1032 uersum
549 992 602 1049 per
625 974 723 1032 iocum
746 973 832 1032 finxit
854 972 1035 1048 Pomponius
1059 975 1188 1033 comicus
1212 973 1318 1033 Armo-

167 1083 232 1120 rum
265 1062 452 1122 1661616916
485 1057 559 1121 ‘tum
592 1082 663 1138 prae
696 1081 727 1122 se
760 1065 883 1139 portant
919 1061 1130 1122 ascendibilem
1167 1065 1318 1123 semitam:

169 1145 286 1230 [quam]
321 1153 434 1211 scalam
465 1146 594 1210 uocant’.
651 1151 695 1210 De
731 1170 870 1211 mensura
904 1154 1100 1212 miser-rmum
1137 1152 1219 1212 uerbi
1255 1153 1319 1231 egit

169 1239 345 1300 Skutscbius
369 1241 443 1300 1166.
468 1241 560 1300 R-heu.
586 1241 714 1300 XLVIII
735 1242 819 1301 1893
843 1261 871 1318 p.
893 1242 966 1301 305.
1018 1241 1184 1317 Scripserat
1215 1247 1317 1320 poeta:

169 1325 263 1389 ‘more
283 1331 452 1391 Stoicorum
476 1331 587 1389 amicus
606 1351 673 1390 eum
692 1331 831 1390 insanum
850 1333 941 1390 uocat
959 1350 1047 1406 quem
1066 1332 1207 1390 feminam
1225 1334 1316 1410 uulgo

167 1418 225 1477 dici
249 1420 331 1479 uidet
362 1421 451 1480 sicuti
479 1422 609 1499 tragicus
637 1423 727 1497 66666
753 1439 808 1497 pro
835 1419 938 1479 sabuci
965 1422 1083 1479 nomine
1110 1420 1188 1479 illud
1216 1424 1317 1498 posuit

169 1504 299 1568 “ardum
327 1510 526 1569 miserrimum
553 1513 644 1585 atque
676 1509 780 1568 infelix
812 1503 972 1587 lignum”.'
1023 1509 1242 1586 Interpretatus
1272 1513 1318 1570 666

169 1598 371 1658 Franokonius
398 1600 477 1659 hunc
504 1599 601 1658 locum
634 1602 747 1659 6661661.
771 1601 832 1658 crit.
857 1599 897 1658 od
920 1599 1016 1658 Lucil.
1039 1600 1105 1658 libr.
1124 1601 1259 1659 decadem
1277 1600 1320 1658 II

167 1693 193 1746 61
211 1689 355 1765 ΙΙΙ6.6
381 1709 416 1747 ex
440 1687 515 1746 Plin.
540 1689 869 1748 6661116611111Χ57
906 1684 1065 1765 ‘supplicia
1097 1707 1197 1748 annua
1228 1709 1316 1750 canes

165 1778 308 1853 pendunt,
326 1779 406 1838 inter
424 1777 526 1838 aedem
544 1778 712 1838 quentatis
732 1783 762 1837 66
781 1776 935 1837 Summani
954 1777 1019 1837 uiui
1037 1778 1069 1838 in
1087 1778 1172 1838 furca
1190 1779 1316 1838 sabucea

165 1886 249 1927 armo
272 1862 333 1926 fixi'
359 1870 412 1943 ita,
436 1871 471 1927 66
493 1872 712 1944 conquerantur
735 1868 771 1927 de
794 1869 942 1944 supplicio
962 1886 1050 1927 canes
1069 1871 1176 1944 66666
1196 1870 1315 1929 nomine

165 1959 293 2017 tortores
316 1957 451 2017 homines
474 1976 527 2018 suo
549 1977 692 2033 sermone,
715 1977 774 2017 non
793 1959 900 2018 canino
918 1959 1075 2017 materiam
1094 1958 1194 2019 furcae
1213 1960 1315 2037 appel·

163 2046 235 2121 lent,
259 2049 496 2107 commemorent.
544 2047 602 2107 Sed
626 2050 703 2107 certe
726 2047 799 2108 baec
822 2046 913 2107 uerba
935 2067 995 2108 non
1018 2047 1121 2108 dicunt
1144 2067 1240 2121 canes,
1263 2048 1314 2109 sed

164 2137 312 2196 homines:
335 2155 431 2212 neque
454 2136 533 2196 enim
555 2137 622 2197 ideo
646 2136 773 2196 sabucus
795 2138 910 2215 lignum
928 2137 1032 2196 infelix
1051 2140 1105 2210 est,
1128 2137 1208 2213 quod
1226 2156 1314 2198 66666

165 2226 196 2283 16
220 2246 256 2285 66
278 2226 514 2303 suspenduntur,
537 2227 587 2285 sed
607 2229 679 2301 quia
698 2225 786 2285 arbor
803 2227 857 2286 illa
876 2226 980 2286 infelix
998 2226 1133 2300 babetur,
1156 2232 1314 2303 propterea

163 2317 195 2373 in
223 2335 259 2374 ea
287 2334 374 2375 canes
401 2315 498 2376 661666
526 2315 673 2391 supplicio
702 2316 789 2374 affici.
828 2314 907 2375 Conf
922 2315 997 2374 Plin.
1016 2316 1035 2373 l.
1054 2334 1076 2374 6.
1095 2315 1167 2375 XVI
1188 2318 1249 2376 108
1277 2317 1312 2376 de

163 2403 316 2464 arboribus
349 2400 497 2465 ‘Infelices
530 2406 631 2463 autem
668 2406 878 2464 existimantur
914 2405 1131 2480 damnataeque
1168 2405 1312 2482 religione

163 2514 239 2569 quae
263 2513 360 2570 66666
384 2496 524 2554 seruntur
550 2513 682 2569 unquam
711 2513 806 2569 neque
834 2494 964 2552 fructum
992 2488 1102 2552 ferunt’
1128 2485 1241 2573 (XXIV
1261 2496 1312 2554 68.

165 2575 228 2664 73).
271 2584 315 2642 Ex
339 2584 489 2660 Tarquitii
507 2584 600 2644 Prisci
620 2586 783 2643 ostentario
803 2584 954 2643 arborario
975 2582 1104 2641 Macrob.
1125 2581 1245 2642 Satura.
1265 2584 1312 2643 111

164 2675 253 2748 20,3
284 2669 414 2734 ‘arbores
443 2692 519 2749 6666
549 2673 677 2732 inferum
709 2673 832 2733 deorum
859 2673 1118 2747 auertentiumqne
1151 2672 1183 2731 in
1214 2674 1312 2733 tutela

162 2766 244 2837 sunt,
272 2781 322 2822 aas
349 2762 482 2822 infelices
511 2765 680 2822 nominant:
704 2764 881 2837 claternam,
904 2762 1097 2840 sanguineam
1122 2753 1207 2843 (conf
1235 2762 1310 2822 Plin.

161 2853 180 2910 1.
200 2871 222 2912 6.
241 2852 312 2912 XVI
333 2854 395 2912 108
420 2852 518 2911 XXIV
540 2844 605 2933 73),
637 2852 758 2920 filicem,
791 2852 878 2912 ficum
906 2855 1019 2925 atrum,
1050 2869 1179 2926 6666666
1208 2846 1312 2911 bacam

161 2943 277 3017 ciprum
295 2944 449 3017 satyrosque
471 2944 586 3016 fructus
606 2937 717 3017 forunt’
734 2962 757 3000 e.
774 2962 801 3018 q.
815 2961 837 3001 s.
871 2941 911 2999 Et
935 2944 1024 3002 antea
1047 2933 1112 3023 (2):
1141 2936 1311 3000 ‘Sciendum

162 3031 241 3107 quod
264 3032 335 3091 11666
363 3031 432 3092 6166
459 3050 493 3090 ex
522 3030 656 3091 felicibus
684 3031 724 3091 sit
756 3031 922 3091 arboribus
943 3033 1046 3091 contra
1078 3033 1164 3105 61666
1197 3049 1231 3090 aa
1262 3034 1310 3090 io·

161 3121 301 3194 felicibus.
346 3120 463 3180 Doceat
489 3139 543 3180 666
570 3124 729 3197 utrumque
751 3116 1032 3196 6666111666’6.6.6.
1078 3120 1174 3196 Atqui
1198 3115 1311 3179 ‘sabuci

162 3213 261 3270 acinos
284 3210 396 3270 habent
423 3205 531 3284 aipros’
557 3203 646 3292 (Ρ116.
665 3212 685 3269 1.
704 3229 726 3270 6.
745 3211 817 3270 XVI
837 3202 924 3291 180).
971 3208 1051 3279 Quae
1080 3211 1221 3286 platanus
1243 3231 1309 3269 um-

160 3299 248 3360 brosa
278 3301 310 3360 in
342 3299 445 3360 fabula
471 3300 619 3377 Aesopioa
649 3293 728 3380 (313
744 3293 857 3380 Halm.)
885 3302 1012 3377 ingratis
1040 3299 1114 3358 dicit
1140 3295 1308 3360 uiatoribus

161 3379 184 3447 ὦ
216 3386 364 3468 ἀχάριστοι
396 3387 437 3448 ἔτι
469 3399 521 3468 τῆς
553 3387 582 3461 ἐξ
615 3387 688 3467 ἐμοῦ
714 3387 878 3470 εὐεργεσίας
905 3386 1104 3460 ἀπολαύοντες
1131 3386 1250 3468 &ppetuu
1274 3410 1308 3467 με

160 3475 210 3537 καὶ
232 3475 367 3558 inbosco
389 3475 572 3552 ἀποκαλεῖτες
597 3499 632 3539 66
654 3496 725 3539 casu
747 3479 953 3539 tantummodo
977 3479 1066 3536 buius
1089 3480 1148 3538 loci
1169 3478 1310 3538 uidentur

161 3586 223 3627 6666
246 3568 364 3628 similia.
411 3563 513 3647 [Modo
537 3569 651 3629 indicat
673 3568 871 3630 Buechelerus
895 3568 958 3628 CIL
977 3568 1126 3628 V16623
1152 3570 1232 3645 perit
1254 3569 1309 3628 sub

160 3653 321 3735 sabuc<o>.

251 3651 518 3824 734111661666.
540 3750 613 3821 296,
633 3749 673 3805 24
704 3743 875 3823 ‘Expedire,
905 3749 974 3807 utile
1001 3763 1069 3806 esse.
1094 3793 1100 3803 .
1121 3792 1126 3804 .
1148 3791 1154 3802 .
1173 3744 1307 3805 Lucilius

159 3833 211 3893 lib.
230 3834 344 3894 XXVII
368 3831 446 3913 “ego
470 3839 547 3896 enim
574 3856 612 3895 an
634 3855 691 3911 por
721 3839 823 3896 eiciam
849 3841 881 3895 uf
908 3855 953 3897 me
981 3853 1082 3895 amore
1110 3830 1306 3909 aspediam'’.'

160 3923 270 3983 Versus
285 3924 404 3984 initium
419 3943 522 3984 sanum
538 3944 600 3986 esse
614 3925 774 4001 pollicetur
787 3926 867 3984 idem
880 3926 1002 3985 initium
1015 3922 1065 3984 lib.
1080 3923 1178 3982 XXVI
1188 3943 1216 3982 u.
1228 3924 1306 3982 654:

160 4031 204 4073 mc
240 4025 339 4074 amoro
375 4015 525 4087 expediam
562 4013 736 4073 Gerlaohins
773 4015 833 4073 alii.
894 4015 959 4085 Qua
995 4013 1142 4090 scriptura
1180 4013 1308 4088 probata

160 4105 327 4182 exemplum
354 4103 419 4162 1666
448 4104 544 4162 alieno
576 4104 706 4180 positum
739 4122 800 4163 esse
834 4122 852 4163 a
878 4104 977 4163 Nonio
1009 4102 1095 4161 multi
1128 4105 1308 4179 statuerunt,

159 4193 254 4253 ueluti
272 4192 480 4253 Lachmannus
503 4196 533 4252 et
551 4193 710 4253 Muellerus
735 4195 788 4269 661
808 4192 840 4251 16
858 4194 951 4252 Nouii
974 4191 1102 4251 editione
1126 4192 1180 4251 sub
1199 4193 1308 4252 lemma

160 4285 305 4358 expedire,
332 4284 469 4349 liberare,
499 4283 578 4360 quod
606 4282 809 4360 subsequitur,
835 4282 945 4343 Lucilii
971 4301 1090 4342 uersum
1113 4283 1306 4358 transposuit.

158 4372 200 4431 At
223 4373 329 4432 melius
352 4373 409 4432 erit
431 4373 549 4432 credere
572 4374 663 4433 semel
685 4374 892 4433 tantrimmodo
911 4391 974 4433 esse
993 4376 1124 4431 erratum
1143 4376 1174 4430 et
1192 4375 1307 4432 mutare

159 4462 234 4522 illud
257 4464 408 4538 66666166)
431 4481 498 4522 cum
521 4463 590 4523 edit
609 4482 653 4540 pr.
674 4464 705 4523 in
730 4463 861 4538 66666661
885 4463 964 4540 qnod
987 4462 1125 4523 similiter
1148 4464 1307 4539 usurpetur
