<?xml version="1.0" encoding="UTF-8"?>
<!DOCTYPE html PUBLIC "-//W3C//DTD XHTML 1.0 Transitional//EN"
    "http://www.w3.org/TR/xhtml1/DTD/xhtml1-transitional.dtd">
<html xmlns="http://www.w3.org/1999/xhtml" xml:lang="en" lang="en">
 <head>
  <title>
</title>
<meta http-equiv="Content-Type" content="text/html;charset=utf-8" />
  <meta name='ocr-system' content='tesseract 3.04.00' />
  <meta name='ocr-capabilities' content='ocr_page ocr_carea ocr_par ocr_line ocrx_word'/>
</head>
<body>
  <div class='ocr_page' id='page_1' title='image "./cluciliicarminu00lucigoog_0401.png"; bbox 0 0 3000 5002; ppageno 0'>
   <div class='ocr_carea' id='block_1_1' title="bbox 224 347 1021 416">
    <p class='ocr_par' dir='ltr' id='par_1_1' title="bbox 224 347 1021 416">
     <span class='ocr_line' id='line_1_1' title="bbox 224 347 1021 416; baseline -0.015 0"><span class='ocrx_word' id='word_1_1' title='bbox 224 349 289 416; x_wconf 87' lang='lat'><strong>368</strong></span> <span class='ocrx_word' id='word_1_2' title='bbox 592 348 691 405; x_wconf 72' lang='lat' dir='ltr'><strong>meets.</strong></span> <span class='ocrx_word' id='word_1_3' title='bbox 710 347 815 404; x_wconf 73' lang='grc'><strong>5511.</strong></span> <span class='ocrx_word' id='word_1_4' title='bbox 835 353 1021 404; x_wconf 77' lang='lat' dir='ltr'><strong>nso-nse.</strong></span> 
     </span>
    </p>
   </div>
   <div class='ocr_carea' id='block_1_2' title="bbox 223 517 1390 4531">
    <p class='ocr_par' dir='ltr' id='par_1_2' title="bbox 223 517 1390 864">
     <span class='ocr_line' id='line_1_2' title="bbox 223 517 1390 596; baseline 0.001 -17"><span class='ocrx_word' id='word_1_5' title='bbox 223 521 371 596; x_wconf 85' lang='lat' dir='ltr'><strong>praetoris</strong></span> <span class='ocrx_word' id='word_1_6' title='bbox 412 520 552 593; x_wconf 90' lang='lat' dir='ltr'><strong>alicuius,</strong></span> <span class='ocrx_word' id='word_1_7' title='bbox 592 518 687 577; x_wconf 90' lang='lat' dir='ltr'><strong>ueluti</strong></span> <span class='ocrx_word' id='word_1_8' title='bbox 729 519 889 596; x_wconf 86' lang='lat' dir='ltr'><strong>Scipionis:</strong></span> <span class='ocrx_word' id='word_1_9' title='bbox 931 518 999 578; x_wconf 92' lang='lat' dir='ltr'><strong>uide</strong></span> <span class='ocrx_word' id='word_1_10' title='bbox 1040 518 1079 577; x_wconf 85' lang='lat' dir='ltr'><strong>ad</strong></span> <span class='ocrx_word' id='word_1_11' title='bbox 1120 519 1170 577; x_wconf 89' lang='lat' dir='ltr'><strong>lib.</strong></span> <span class='ocrx_word' id='word_1_12' title='bbox 1190 517 1235 577; x_wconf 86' lang='lat' dir='ltr'><strong>XI</strong></span> <span class='ocrx_word' id='word_1_13' title='bbox 1262 538 1296 577; x_wconf 90' lang='lat' dir='ltr'><strong>u.</strong></span> <span class='ocrx_word' id='word_1_14' title='bbox 1318 521 1390 580; x_wconf 91' lang='grc'><strong>398</strong></span> 
     </span>
     <span class='ocr_line' id='line_1_3' title="bbox 225 602 1390 688; baseline -0.002 -20"><span class='ocrx_word' id='word_1_15' title='bbox 225 608 296 668; x_wconf 77' lang='lat' dir='ltr'><strong>xlv</strong></span> <span class='ocrx_word' id='word_1_16' title='bbox 315 610 438 668; x_wconf 77' lang='grc'><strong>14671</strong></span> <span class='ocrx_word' id='word_1_17' title='bbox 457 608 529 668; x_wconf 84' lang='lat' dir='ltr'><strong>conf</strong></span> <span class='ocrx_word' id='word_1_18' title='bbox 544 606 604 668; x_wconf 83' lang='grc'><strong>015.</strong></span> <span class='ocrx_word' id='word_1_19' title='bbox 623 607 660 669; x_wconf 90' lang='grc'><strong>15</strong></span> <span class='ocrx_word' id='word_1_20' title='bbox 678 608 881 688; x_wconf 86' lang='lat' dir='ltr'><strong>legg.1113,8</strong></span> <span class='ocrx_word' id='word_1_21' title='bbox 902 602 933 667; x_wconf 82' lang='lat' dir='ltr'><strong>‘a</strong></span> <span class='ocrx_word' id='word_1_22' title='bbox 951 607 1121 685; x_wconf 87' lang='lat' dir='ltr'><strong>praeeundo</strong></span> <span class='ocrx_word' id='word_1_23' title='bbox 1136 654 1142 665; x_wconf 97' lang='lat'><strong>.</strong></span> <span class='ocrx_word' id='word_1_24' title='bbox 1159 654 1165 666; x_wconf 92' lang='lat'><strong>.</strong></span> <span class='ocrx_word' id='word_1_25' title='bbox 1181 653 1187 665; x_wconf 92' lang='lat'><strong>.</strong></span> <span class='ocrx_word' id='word_1_26' title='bbox 1202 605 1390 684; x_wconf 83' lang='lat' dir='ltr'><strong>praetores&#39;.</strong></span> 
     </span>
     <span class='ocr_line' id='line_1_4' title="bbox 224 697 1388 775; baseline 0 -18"><span class='ocrx_word' id='word_1_27' title='bbox 224 698 269 757; x_wconf 92' lang='lat' dir='ltr'><strong>De</strong></span> <span class='ocrx_word' id='word_1_28' title='bbox 300 700 416 774; x_wconf 86' lang='lat' dir='ltr'><strong>praeire</strong></span> <span class='ocrx_word' id='word_1_29' title='bbox 448 697 595 758; x_wconf 88' lang='lat' dir='ltr'><strong>uocabulo</strong></span> <span class='ocrx_word' id='word_1_30' title='bbox 628 698 659 756; x_wconf 90' lang='lat' dir='ltr'><strong>in</strong></span> <span class='ocrx_word' id='word_1_31' title='bbox 691 717 780 757; x_wconf 86' lang='lat' dir='ltr'><strong>uersu</strong></span> <span class='ocrx_word' id='word_1_32' title='bbox 812 699 910 775; x_wconf 84' lang='lat' dir='ltr'><strong>posito</strong></span> <span class='ocrx_word' id='word_1_33' title='bbox 943 697 1012 756; x_wconf 90' lang='lat' dir='ltr'><strong>uide</strong></span> <span class='ocrx_word' id='word_1_34' title='bbox 1043 698 1221 756; x_wconf 81' lang='lat' dir='ltr'><strong>Muellerum</strong></span> <span class='ocrx_word' id='word_1_35' title='bbox 1259 698 1289 757; x_wconf 84' lang='grc'><strong>1</strong></span> <span class='ocrx_word' id='word_1_36' title='bbox 1305 718 1329 757; x_wconf 82' lang='grc'><strong>1.</strong></span> <span class='ocrx_word' id='word_1_37' title='bbox 1345 719 1388 757; x_wconf 93' lang='lat' dir='ltr'><strong>m.</strong></span> 
     </span>
     <span class='ocr_line' id='line_1_5' title="bbox 226 786 1154 864; baseline -0.004 -17"><span class='ocrx_word' id='word_1_38' title='bbox 226 787 487 864; x_wconf 70' lang='grc'><strong>5111115289.</strong></span> <span class='ocrx_word' id='word_1_39' title='bbox 533 786 624 847; x_wconf 92' lang='lat' dir='ltr'><strong>Libro</strong></span> <span class='ocrx_word' id='word_1_40' title='bbox 647 786 690 845; x_wconf 89' lang='lat' dir='ltr'><strong>IX</strong></span> <span class='ocrx_word' id='word_1_41' title='bbox 713 787 820 846; x_wconf 81' lang='lat' dir='ltr'><strong>tribuit</strong></span> <span class='ocrx_word' id='word_1_42' title='bbox 841 787 1012 861; x_wconf 79' lang='lat' dir='ltr'><strong>Muellerus,</strong></span> <span class='ocrx_word' id='word_1_43' title='bbox 1035 794 1154 846; x_wconf 79' lang='lat' dir='ltr'><strong>temere.</strong></span> 
     </span>
    </p>

    <p class='ocr_par' dir='ltr' id='par_1_3' title="bbox 224 868 1387 1579">
     <span class='ocr_line' id='line_1_6' title="bbox 316 868 1387 954; baseline -0.001 -18"><span class='ocrx_word' id='word_1_44' title='bbox 316 868 423 940; x_wconf 92' lang='grc'><strong>1161.</strong></span> <span class='ocrx_word' id='word_1_45' title='bbox 447 876 558 936; x_wconf 87' lang='grc' dir='ltr'><strong>Ρ55115</strong></span> <span class='ocrx_word' id='word_1_46' title='bbox 582 896 617 935; x_wconf 83' lang='lat' dir='ltr'><strong>ex</strong></span> <span class='ocrx_word' id='word_1_47' title='bbox 641 877 729 936; x_wconf 81' lang='lat' dir='ltr'><strong>Festo</strong></span> <span class='ocrx_word' id='word_1_48' title='bbox 752 898 781 953; x_wconf 91' lang='lat' dir='ltr'><strong>p.</strong></span> <span class='ocrx_word' id='word_1_49' title='bbox 798 878 859 935; x_wconf 90' lang='grc'><strong>337</strong></span> <span class='ocrx_word' id='word_1_50' title='bbox 886 873 1046 953; x_wconf 68' lang='lat' dir='ltr'><strong>‘Sicyonia</strong></span> <span class='ocrx_word' id='word_1_51' title='bbox 1070 895 1163 954; x_wconf 89' lang='lat' dir='ltr'><strong>genus</strong></span> <span class='ocrx_word' id='word_1_52' title='bbox 1181 877 1387 937; x_wconf 84' lang='lat' dir='ltr'><strong>calciamenti.</strong></span> 
     </span>
     <span class='ocr_line' id='line_1_7' title="bbox 225 961 1387 1043; baseline 0 -18"><span class='ocrx_word' id='word_1_53' title='bbox 225 967 357 1025; x_wconf 83' lang='lat' dir='ltr'><strong>Lucilius</strong></span> <span class='ocrx_word' id='word_1_54' title='bbox 390 961 703 1025; x_wconf 79' lang='grc'><strong>“51...1515515”.’</strong></span> <span class='ocrx_word' id='word_1_55' title='bbox 753 967 872 1025; x_wconf 74' lang='lat' dir='ltr'><strong>donresto</strong></span> <span class='ocrx_word' id='word_1_56' title='bbox 905 966 1045 1043; x_wconf 82' lang='lat' dir='ltr'><strong>Sicyonia</strong></span> <span class='ocrx_word' id='word_1_57' title='bbox 1076 966 1136 1025; x_wconf 92' lang='lat' dir='ltr'><strong>dici</strong></span> <span class='ocrx_word' id='word_1_58' title='bbox 1168 985 1229 1025; x_wconf 92' lang='lat' dir='ltr'><strong>non</strong></span> <span class='ocrx_word' id='word_1_59' title='bbox 1260 967 1387 1026; x_wconf 87' lang='lat' dir='ltr'><strong>laeuam</strong></span> 
     </span>
     <span class='ocr_line' id='line_1_8' title="bbox 224 1050 1387 1132; baseline 0 -17"><span class='ocrx_word' id='word_1_60' title='bbox 224 1076 347 1115; x_wconf 91' lang='lat' dir='ltr'><strong>manum</strong></span> <span class='ocrx_word' id='word_1_61' title='bbox 375 1056 509 1114; x_wconf 87' lang='lat' dir='ltr'><strong>mulieris</strong></span> <span class='ocrx_word' id='word_1_62' title='bbox 536 1056 646 1132; x_wconf 88' lang='lat' dir='ltr'><strong>probat</strong></span> <span class='ocrx_word' id='word_1_63' title='bbox 671 1054 774 1115; x_wconf 89' lang='lat' dir='ltr'><strong>Dousa</strong></span> <span class='ocrx_word' id='word_1_64' title='bbox 800 1055 933 1115; x_wconf 89' lang='lat' dir='ltr'><strong>Lucretii</strong></span> <span class='ocrx_word' id='word_1_65' title='bbox 958 1074 1046 1114; x_wconf 88' lang='lat' dir='ltr'><strong>uersu</strong></span> <span class='ocrx_word' id='word_1_66' title='bbox 1068 1055 1113 1114; x_wconf 90' lang='lat' dir='ltr'><strong>IV</strong></span> <span class='ocrx_word' id='word_1_67' title='bbox 1133 1057 1217 1115; x_wconf 97' lang='grc'><strong>1125</strong></span> <span class='ocrx_word' id='word_1_68' title='bbox 1244 1050 1387 1130; x_wconf 76' lang='lat' dir='ltr'><strong>‘pnlclno</strong></span> 
     </span>
     <span class='ocr_line' id='line_1_9' title="bbox 224 1140 1387 1221; baseline 0 -16"><span class='ocrx_word' id='word_1_69' title='bbox 224 1148 257 1205; x_wconf 93' lang='lat' dir='ltr'><strong>in</strong></span> <span class='ocrx_word' id='word_1_70' title='bbox 289 1144 414 1221; x_wconf 89' lang='lat' dir='ltr'><strong>pedibus</strong></span> <span class='ocrx_word' id='word_1_71' title='bbox 441 1143 582 1221; x_wconf 87' lang='lat' dir='ltr'><strong>Sicyonia</strong></span> <span class='ocrx_word' id='word_1_72' title='bbox 612 1140 721 1203; x_wconf 90' lang='lat' dir='ltr'><strong>rident&#39;</strong></span> <span class='ocrx_word' id='word_1_73' title='bbox 755 1145 806 1204; x_wconf 93' lang='lat' dir='ltr'><strong>ubi</strong></span> <span class='ocrx_word' id='word_1_74' title='bbox 833 1143 990 1204; x_wconf 85' lang='lat' dir='ltr'><strong>Lucretius</strong></span> <span class='ocrx_word' id='word_1_75' title='bbox 1021 1145 1168 1204; x_wconf 88' lang='lat' dir='ltr'><strong>urbanum</strong></span> <span class='ocrx_word' id='word_1_76' title='bbox 1199 1146 1387 1205; x_wconf 89' lang='lat' dir='ltr'><strong>uocabulum</strong></span> 
     </span>
     <span class='ocr_line' id='line_1_10' title="bbox 226 1234 1387 1313; baseline 0 -19"><span class='ocrx_word' id='word_1_77' title='bbox 226 1236 327 1313; x_wconf 82' lang='lat' dir='ltr'><strong>posuit</strong></span> <span class='ocrx_word' id='word_1_78' title='bbox 348 1254 404 1311; x_wconf 91' lang='lat' dir='ltr'><strong>pro</strong></span> <span class='ocrx_word' id='word_1_79' title='bbox 426 1235 547 1312; x_wconf 84' lang='lat' dir='ltr'><strong>uulgari</strong></span> <span class='ocrx_word' id='word_1_80' title='bbox 568 1234 630 1294; x_wconf 88' lang='lat' dir='ltr'><strong>illo.</strong></span> <span class='ocrx_word' id='word_1_81' title='bbox 673 1234 813 1310; x_wconf 87' lang='lat' dir='ltr'><strong>Sicyonia</strong></span> <span class='ocrx_word' id='word_1_82' title='bbox 831 1236 951 1310; x_wconf 88' lang='lat' dir='ltr'><strong>proprie</strong></span> <span class='ocrx_word' id='word_1_83' title='bbox 970 1253 1033 1294; x_wconf 87' lang='lat' dir='ltr'><strong>esse</strong></span> <span class='ocrx_word' id='word_1_84' title='bbox 1051 1234 1208 1293; x_wconf 89' lang='lat' dir='ltr'><strong>mulierum</strong></span> <span class='ocrx_word' id='word_1_85' title='bbox 1229 1236 1387 1294; x_wconf 87' lang='lat' dir='ltr'><strong>testantur</strong></span> 
     </span>
     <span class='ocr_line' id='line_1_11' title="bbox 225 1323 1384 1401; baseline 0.001 -18"><span class='ocrx_word' id='word_1_86' title='bbox 225 1324 352 1401; x_wconf 88' lang='lat' dir='ltr'><strong>Hesych.</strong></span> <span class='ocrx_word' id='word_1_87' title='bbox 372 1343 394 1384; x_wconf 94' lang='lat' dir='ltr'><strong>s.</strong></span> <span class='ocrx_word' id='word_1_88' title='bbox 413 1344 441 1382; x_wconf 94' lang='lat' dir='ltr'><strong>u.</strong></span> <span class='ocrx_word' id='word_1_89' title='bbox 461 1323 591 1383; x_wconf 88' lang='lat' dir='ltr'><strong>Herond.</strong></span> <span class='ocrx_word' id='word_1_90' title='bbox 606 1323 665 1382; x_wconf 87' lang='lat' dir='ltr'><strong>VH</strong></span> <span class='ocrx_word' id='word_1_91' title='bbox 680 1325 720 1382; x_wconf 92' lang='grc'><strong>57</strong></span> <span class='ocrx_word' id='word_1_92' title='bbox 743 1323 801 1383; x_wconf 91' lang='grc'><strong>015.</strong></span> <span class='ocrx_word' id='word_1_93' title='bbox 820 1324 856 1383; x_wconf 87' lang='grc'><strong>15</strong></span> <span class='ocrx_word' id='word_1_94' title='bbox 875 1344 917 1383; x_wconf 88' lang='lat' dir='ltr'><strong>or.</strong></span> <span class='ocrx_word' id='word_1_95' title='bbox 937 1323 952 1381; x_wconf 94' lang='lat' dir='ltr'>I</span> <span class='ocrx_word' id='word_1_96' title='bbox 972 1325 1034 1383; x_wconf 87' lang='grc'><strong>231</strong></span> <span class='ocrx_word' id='word_1_97' title='bbox 1049 1323 1160 1383; x_wconf 85' lang='lat' dir='ltr'><strong>Athen.</strong></span> <span class='ocrx_word' id='word_1_98' title='bbox 1173 1324 1217 1382; x_wconf 88' lang='lat' dir='ltr'><strong>IV</strong></span> <span class='ocrx_word' id='word_1_99' title='bbox 1231 1342 1260 1400; x_wconf 90' lang='lat' dir='ltr'><strong>p.</strong></span> <span class='ocrx_word' id='word_1_100' title='bbox 1277 1324 1384 1384; x_wconf 88' lang='grc'><strong>1550</strong></span> 
     </span>
     <span class='ocr_line' id='line_1_12' title="bbox 227 1412 1385 1491; baseline -0.001 -18"><span class='ocrx_word' id='word_1_101' title='bbox 227 1413 303 1474; x_wconf 87' lang='grc'><strong>01115</strong></span> <span class='ocrx_word' id='word_1_102' title='bbox 328 1414 400 1472; x_wconf 87' lang='grc'><strong>169.</strong></span> <span class='ocrx_word' id='word_1_103' title='bbox 446 1413 555 1472; x_wconf 86' lang='lat' dir='ltr'><strong>Mulier</strong></span> <span class='ocrx_word' id='word_1_104' title='bbox 592 1413 623 1471; x_wconf 92' lang='lat' dir='ltr'><strong>in</strong></span> <span class='ocrx_word' id='word_1_105' title='bbox 656 1413 782 1491; x_wconf 85' lang='lat' dir='ltr'><strong>grabato</strong></span> <span class='ocrx_word' id='word_1_106' title='bbox 813 1413 951 1474; x_wconf 87' lang='lat' dir='ltr'><strong>adsidens</strong></span> <span class='ocrx_word' id='word_1_107' title='bbox 982 1412 1087 1473; x_wconf 79' lang='grc'><strong>151115</strong></span> <span class='ocrx_word' id='word_1_108' title='bbox 1117 1413 1196 1473; x_wconf 88' lang='lat' dir='ltr'><strong>leoto</strong></span> <span class='ocrx_word' id='word_1_109' title='bbox 1228 1413 1385 1490; x_wconf 82' lang='lat' dir='ltr'><strong>innititur,</strong></span> 
     </span>
     <span class='ocr_line' id='line_1_13' title="bbox 225 1501 1322 1579; baseline 0.002 -16"><span class='ocrx_word' id='word_1_110' title='bbox 225 1504 313 1563; x_wconf 83' lang='lat' dir='ltr'><strong>laeua</strong></span> <span class='ocrx_word' id='word_1_111' title='bbox 336 1503 449 1563; x_wconf 87' lang='lat' dir='ltr'><strong>calceos</strong></span> <span class='ocrx_word' id='word_1_112' title='bbox 473 1503 566 1562; x_wconf 90' lang='lat' dir='ltr'><strong>demit</strong></span> <span class='ocrx_word' id='word_1_113' title='bbox 587 1501 721 1579; x_wconf 89' lang='lat' dir='ltr'><strong>pedibus.</strong></span> <span class='ocrx_word' id='word_1_114' title='bbox 1312 1551 1322 1565; x_wconf 92' lang='lat'><strong>.</strong></span> 
     </span>
    </p>

    <p class='ocr_par' dir='ltr' id='par_1_4' title="bbox 225 1584 1386 2653">
     <span class='ocr_line' id='line_1_14' title="bbox 318 1584 1386 1669; baseline 0.001 -18"><span class='ocrx_word' id='word_1_115' title='bbox 318 1584 423 1652; x_wconf 81' lang='lat'><strong>1162.</strong></span> <span class='ocrx_word' id='word_1_116' title='bbox 457 1593 615 1653; x_wconf 82' lang='lat' dir='ltr'><strong>Diomedes</strong></span> <span class='ocrx_word' id='word_1_117' title='bbox 648 1590 741 1651; x_wconf 84' lang='lat' dir='ltr'><strong>GLI</strong></span> <span class='ocrx_word' id='word_1_118' title='bbox 773 1613 801 1669; x_wconf 94' lang='lat' dir='ltr'><strong>p.</strong></span> <span class='ocrx_word' id='word_1_119' title='bbox 822 1592 900 1668; x_wconf 89' lang='grc'><strong>365,</strong></span> <span class='ocrx_word' id='word_1_120' title='bbox 925 1591 988 1652; x_wconf 70' lang='lat' dir='ltr'><strong>eli</strong></span> <span class='ocrx_word' id='word_1_121' title='bbox 1020 1588 1173 1651; x_wconf 84' lang='lat' dir='ltr'><strong>‘Praefoco</strong></span> <span class='ocrx_word' id='word_1_122' title='bbox 1205 1592 1386 1668; x_wconf 82' lang='lat' dir='ltr'><strong>praefocani</strong></span> 
     </span>
     <span class='ocr_line' id='line_1_15' title="bbox 226 1677 1386 1758; baseline -0.001 -18"><span class='ocrx_word' id='word_1_123' title='bbox 226 1681 341 1742; x_wconf 89' lang='lat' dir='ltr'><strong>Probus</strong></span> <span class='ocrx_word' id='word_1_124' title='bbox 364 1684 450 1758; x_wconf 88' lang='lat' dir='ltr'><strong>quasi</strong></span> <span class='ocrx_word' id='word_1_125' title='bbox 478 1701 587 1741; x_wconf 87' lang='lat' dir='ltr'><strong>nouam</strong></span> <span class='ocrx_word' id='word_1_126' title='bbox 616 1700 719 1741; x_wconf 87' lang='lat' dir='ltr'><strong>uocem</strong></span> <span class='ocrx_word' id='word_1_127' title='bbox 746 1683 880 1741; x_wconf 69' lang='lat' dir='ltr'><strong>miratur</strong></span> <span class='ocrx_word' id='word_1_128' title='bbox 905 1680 1108 1741; x_wconf 82' lang='lat' dir='ltr'><strong>...Lucilius</strong></span> <span class='ocrx_word' id='word_1_129' title='bbox 1130 1684 1232 1740; x_wconf 87' lang='lat' dir='ltr'><strong>tamen</strong></span> <span class='ocrx_word' id='word_1_130' title='bbox 1256 1683 1302 1740; x_wconf 89' lang='lat' dir='ltr'><strong>ait</strong></span> <span class='ocrx_word' id='word_1_131' title='bbox 1327 1677 1386 1742; x_wconf 86' lang='grc'><strong>“51</strong></span> 
     </span>
     <span class='ocr_line' id='line_1_16' title="bbox 226 1762 1383 1852; baseline -0.001 -21"><span class='ocrx_word' id='word_1_132' title='bbox 226 1771 369 1832; x_wconf 86' lang='lat' dir='ltr'><strong>suffocare</strong></span> <span class='ocrx_word' id='word_1_133' title='bbox 387 1771 500 1848; x_wconf 90' lang='lat' dir='ltr'><strong>laguna</strong></span> <span class='ocrx_word' id='word_1_134' title='bbox 514 1762 574 1851; x_wconf 87' lang='lat' dir='ltr'><strong>(ita</strong></span> <span class='ocrx_word' id='word_1_135' title='bbox 587 1771 740 1830; x_wconf 76' lang='lat' dir='ltr'><strong>Parisinus</strong></span> <span class='ocrx_word' id='word_1_136' title='bbox 754 1771 789 1845; x_wconf 92' lang='lat' dir='ltr'><strong>B,</strong></span> <span class='ocrx_word' id='word_1_137' title='bbox 807 1772 931 1830; x_wconf 68' lang='lat' dir='ltr'><strong>lamnas</strong></span> <span class='ocrx_word' id='word_1_138' title='bbox 944 1771 1097 1830; x_wconf 75' lang='lat' dir='ltr'><strong>Parisinus</strong></span> <span class='ocrx_word' id='word_1_139' title='bbox 1111 1771 1148 1845; x_wconf 87' lang='lat' dir='ltr'><strong>A,</strong></span> <span class='ocrx_word' id='word_1_140' title='bbox 1161 1762 1383 1852; x_wconf 88' lang='lat' dir='ltr'><strong>M(onacensis)</strong></span> 
     </span>
     <span class='ocr_line' id='line_1_17' title="bbox 225 1853 1384 1940; baseline 0.001 -21"><span class='ocrx_word' id='word_1_141' title='bbox 225 1864 310 1934; x_wconf 85' lang='lat' dir='ltr'><strong>ml,</strong></span> <span class='ocrx_word' id='word_1_142' title='bbox 332 1860 410 1919; x_wconf 89' lang='lat' dir='ltr'><strong>idem</strong></span> <span class='ocrx_word' id='word_1_143' title='bbox 433 1861 560 1934; x_wconf 78' lang='grc'><strong>1551555</strong></span> <span class='ocrx_word' id='word_1_144' title='bbox 582 1880 621 1918; x_wconf 92' lang='lat' dir='ltr'><strong>m.</strong></span> <span class='ocrx_word' id='word_1_145' title='bbox 643 1853 676 1940; x_wconf 92' lang='grc'><strong>2)</strong></span> <span class='ocrx_word' id='word_1_146' title='bbox 700 1856 870 1920; x_wconf 85' lang='grc'><strong>5515151”.’</strong></span> <span class='ocrx_word' id='word_1_147' title='bbox 912 1862 1021 1920; x_wconf 73' lang='grc'><strong>755515</strong></span> <span class='ocrx_word' id='word_1_148' title='bbox 1041 1860 1161 1936; x_wconf 79' lang='lat' dir='ltr'><strong>scripsi:</strong></span> <span class='ocrx_word' id='word_1_149' title='bbox 1184 1860 1221 1920; x_wconf 92' lang='lat' dir='ltr'><strong>de</strong></span> <span class='ocrx_word' id='word_1_150' title='bbox 1245 1860 1384 1920; x_wconf 88' lang='lat' dir='ltr'><strong>ablatiuo</strong></span> 
     </span>
     <span class='ocr_line' id='line_1_18' title="bbox 225 1949 1384 2027; baseline -0.001 -18"><span class='ocrx_word' id='word_1_151' title='bbox 225 1951 285 2009; x_wconf 91' lang='lat' dir='ltr'><strong>loci</strong></span> <span class='ocrx_word' id='word_1_152' title='bbox 321 1949 454 2027; x_wconf 87' lang='lat' dir='ltr'><strong>uulgaris</strong></span> <span class='ocrx_word' id='word_1_153' title='bbox 491 1951 634 2010; x_wconf 91' lang='lat' dir='ltr'><strong>sermonis</strong></span> <span class='ocrx_word' id='word_1_154' title='bbox 669 1952 791 2026; x_wconf 88' lang='lat' dir='ltr'><strong>proprio</strong></span> <span class='ocrx_word' id='word_1_155' title='bbox 829 1951 943 2027; x_wconf 82' lang='lat' dir='ltr'><strong>egimus</strong></span> <span class='ocrx_word' id='word_1_156' title='bbox 975 1950 1015 2009; x_wconf 97' lang='grc'><strong>51</strong></span> <span class='ocrx_word' id='word_1_157' title='bbox 1043 1949 1093 2009; x_wconf 92' lang='lat' dir='ltr'><strong>lib.</strong></span> <span class='ocrx_word' id='word_1_158' title='bbox 1112 1949 1143 2008; x_wconf 90' lang='grc' dir='ltr'>Π</span> <span class='ocrx_word' id='word_1_159' title='bbox 1170 1970 1199 2008; x_wconf 89' lang='grc'><strong>1.</strong></span> <span class='ocrx_word' id='word_1_160' title='bbox 1219 1949 1276 2008; x_wconf 83' lang='lat'><strong>85:</strong></span> <span class='ocrx_word' id='word_1_161' title='bbox 1310 1949 1384 2008; x_wconf 90' lang='lat' dir='ltr'><strong>uide</strong></span> 
     </span>
     <span class='ocr_line' id='line_1_19' title="bbox 226 2038 1383 2117; baseline 0.001 -20"><span class='ocrx_word' id='word_1_162' title='bbox 226 2039 286 2099; x_wconf 94' lang='lat' dir='ltr'><strong>ind.</strong></span> <span class='ocrx_word' id='word_1_163' title='bbox 311 2058 434 2117; x_wconf 86' lang='lat' dir='ltr'><strong>gramm.</strong></span> <span class='ocrx_word' id='word_1_164' title='bbox 458 2057 480 2097; x_wconf 89' lang='lat' dir='ltr'><strong>s.</strong></span> <span class='ocrx_word' id='word_1_165' title='bbox 500 2059 528 2097; x_wconf 90' lang='lat' dir='ltr'><strong>u.</strong></span> <span class='ocrx_word' id='word_1_166' title='bbox 565 2040 722 2098; x_wconf 77' lang='lat' dir='ltr'><strong>ablaticus.</strong></span> <span class='ocrx_word' id='word_1_167' title='bbox 785 2038 971 2099; x_wconf 71' lang='lat' dir='ltr'><strong>Sententiam</strong></span> <span class='ocrx_word' id='word_1_168' title='bbox 1010 2039 1165 2116; x_wconf 82' lang='lat' dir='ltr'><strong>intelleges</strong></span> <span class='ocrx_word' id='word_1_169' title='bbox 1205 2043 1383 2115; x_wconf 85' lang='lat' dir='ltr'><strong>comparato</strong></span> 
     </span>
     <span class='ocr_line' id='line_1_20' title="bbox 226 2123 1383 2208; baseline 0.001 -20"><span class='ocrx_word' id='word_1_170' title='bbox 226 2129 342 2188; x_wconf 90' lang='lat' dir='ltr'><strong>Platon.</strong></span> <span class='ocrx_word' id='word_1_171' title='bbox 362 2126 451 2207; x_wconf 84' lang='lat' dir='ltr'><strong>Gorg.</strong></span> <span class='ocrx_word' id='word_1_172' title='bbox 470 2148 498 2206; x_wconf 91' lang='lat' dir='ltr'><strong>p.</strong></span> <span class='ocrx_word' id='word_1_173' title='bbox 513 2127 615 2188; x_wconf 92' lang='grc'><strong>4710</strong></span> <span class='ocrx_word' id='word_1_174' title='bbox 639 2123 698 2187; x_wconf 72' lang='grc' dir='ltr'><strong>ἀλλ’</strong></span> <span class='ocrx_word' id='word_1_175' title='bbox 724 2128 766 2200; x_wconf 80' lang='grc' dir='ltr'><strong>εἰς</strong></span> <span class='ocrx_word' id='word_1_176' title='bbox 785 2125 879 2208; x_wconf 78' lang='grc' dir='ltr'><strong><em>φρέαρ</em></strong></span> <span class='ocrx_word' id='word_1_177' title='bbox 898 2124 1034 2207; x_wconf 77' lang='grc' dir='ltr'><strong><em>ἐμβαλὼν</em></strong></span> <span class='ocrx_word' id='word_1_178' title='bbox 1051 2126 1101 2188; x_wconf 78' lang='grc' dir='ltr'><strong>καὶ</strong></span> <span class='ocrx_word' id='word_1_179' title='bbox 1119 2125 1286 2201; x_wconf 77' lang='grc' dir='ltr'><strong><em>ἀποπνίξας</em></strong></span> <span class='ocrx_word' id='word_1_180' title='bbox 1305 2128 1383 2207; x_wconf 79' lang='grc' dir='ltr'><strong><em>πρὸς</em></strong></span> 
     </span>
     <span class='ocr_line' id='line_1_21' title="bbox 225 2213 1382 2297; baseline 0 -20"><span class='ocrx_word' id='word_1_181' title='bbox 225 2215 281 2296; x_wconf 76' lang='grc' dir='ltr'><strong>τὴν</strong></span> <span class='ocrx_word' id='word_1_182' title='bbox 317 2214 427 2296; x_wconf 79' lang='grc' dir='ltr'><strong><em>μητέρα</em></strong></span> <span class='ocrx_word' id='word_1_183' title='bbox 450 2264 457 2277; x_wconf 91' lang='grc'><strong>.</strong></span> <span class='ocrx_word' id='word_1_184' title='bbox 477 2264 483 2276; x_wconf 94' lang='grc'><strong>.</strong></span> <span class='ocrx_word' id='word_1_185' title='bbox 503 2263 510 2276; x_wconf 89' lang='grc'><strong>.</strong></span> <span class='ocrx_word' id='word_1_186' title='bbox 533 2226 609 2297; x_wconf 82' lang='grc' dir='ltr'><strong><em>χῆνα</em></strong></span> <span class='ocrx_word' id='word_1_187' title='bbox 649 2215 709 2295; x_wconf 80' lang='grc' dir='ltr'><strong>ἔφη</strong></span> <span class='ocrx_word' id='word_1_188' title='bbox 750 2216 895 2277; x_wconf 80' lang='grc' dir='ltr'><strong><em>διώκοντα</em></strong></span> <span class='ocrx_word' id='word_1_189' title='bbox 936 2215 1070 2296; x_wconf 77' lang='grc' dir='ltr'><strong><em>ἐμπεσεῖν</em></strong></span> <span class='ocrx_word' id='word_1_190' title='bbox 1112 2215 1161 2277; x_wconf 80' lang='lat' dir='ltr'><strong>nal</strong></span> <span class='ocrx_word' id='word_1_191' title='bbox 1202 2213 1382 2277; x_wconf 75' lang='grc' dir='ltr'><strong><em>ἀποθανεῖν.</em></strong></span> 
     </span>
     <span class='ocr_line' id='line_1_22' title="bbox 226 2306 1381 2385; baseline 0.001 -19"><span class='ocrx_word' id='word_1_192' title='bbox 226 2306 347 2368; x_wconf 85' lang='lat' dir='ltr'><strong>Lacuna</strong></span> <span class='ocrx_word' id='word_1_193' title='bbox 383 2308 445 2366; x_wconf 90' lang='lat' dir='ltr'><strong>siue</strong></span> <span class='ocrx_word' id='word_1_194' title='bbox 481 2307 592 2366; x_wconf 88' lang='grc'><strong>115115</strong></span> <span class='ocrx_word' id='word_1_195' title='bbox 627 2311 674 2368; x_wconf 88' lang='grc'><strong>551</strong></span> <span class='ocrx_word' id='word_1_196' title='bbox 708 2312 829 2385; x_wconf 89' lang='lat' dir='ltr'><strong>puteus:</strong></span> <span class='ocrx_word' id='word_1_197' title='bbox 867 2308 939 2367; x_wconf 87' lang='grc'><strong>5511</strong></span> <span class='ocrx_word' id='word_1_198' title='bbox 971 2307 1151 2377; x_wconf 81' lang='lat' dir='ltr'><strong>Ribbeokius</strong></span> <span class='ocrx_word' id='word_1_199' title='bbox 1188 2307 1226 2365; x_wconf 88' lang='lat' dir='ltr'><strong>ad</strong></span> <span class='ocrx_word' id='word_1_200' title='bbox 1262 2306 1381 2385; x_wconf 89' lang='lat' dir='ltr'><strong>Vergil.</strong></span> 
     </span>
     <span class='ocr_line' id='line_1_23' title="bbox 226 2396 1383 2475; baseline 0 -19"><span class='ocrx_word' id='word_1_201' title='bbox 226 2416 325 2475; x_wconf 89' lang='lat' dir='ltr'><strong>georg.</strong></span> <span class='ocrx_word' id='word_1_202' title='bbox 340 2396 387 2455; x_wconf 88' lang='lat'><strong>111</strong></span> <span class='ocrx_word' id='word_1_203' title='bbox 402 2397 475 2456; x_wconf 86' lang='grc'><strong>365.</strong></span> <span class='ocrx_word' id='word_1_204' title='bbox 515 2399 659 2472; x_wconf 74' lang='lat' dir='ltr'><strong>suffocare</strong></span> <span class='ocrx_word' id='word_1_205' title='bbox 677 2397 801 2456; x_wconf 77' lang='lat' dir='ltr'><strong>lucanos</strong></span> <span class='ocrx_word' id='word_1_206' title='bbox 818 2397 980 2456; x_wconf 88' lang='lat' dir='ltr'><strong>Muellerus</strong></span> <span class='ocrx_word' id='word_1_207' title='bbox 999 2396 1119 2473; x_wconf 84' lang='lat' dir='ltr'><strong>scripsit</strong></span> <span class='ocrx_word' id='word_1_208' title='bbox 1137 2398 1191 2472; x_wconf 91' lang='lat' dir='ltr'><strong>qui</strong></span> <span class='ocrx_word' id='word_1_209' title='bbox 1209 2396 1245 2456; x_wconf 92' lang='lat' dir='ltr'><strong>de</strong></span> <span class='ocrx_word' id='word_1_210' title='bbox 1259 2397 1383 2456; x_wconf 90' lang='lat' dir='ltr'><strong>homine</strong></span> 
     </span>
     <span class='ocr_line' id='line_1_24' title="bbox 226 2486 1382 2566; baseline -0.002 -20"><span class='ocrx_word' id='word_1_211' title='bbox 226 2487 350 2565; x_wconf 90' lang='lat' dir='ltr'><strong>lagonas</strong></span> <span class='ocrx_word' id='word_1_212' title='bbox 378 2487 487 2546; x_wconf 88' lang='lat' dir='ltr'><strong>cortice</strong></span> <span class='ocrx_word' id='word_1_213' title='bbox 513 2486 673 2566; x_wconf 87' lang='lat' dir='ltr'><strong>intellegat</strong></span> <span class='ocrx_word' id='word_1_214' title='bbox 700 2486 871 2547; x_wconf 88' lang='lat' dir='ltr'><strong>obturante:</strong></span> <span class='ocrx_word' id='word_1_215' title='bbox 904 2486 1090 2566; x_wconf 74' lang='grc' dir='ltr'><strong><em>λοπαδάγχης</em></strong></span> <span class='ocrx_word' id='word_1_216' title='bbox 1118 2486 1244 2564; x_wconf 78' lang='lat' dir='ltr'><strong>parasiti</strong></span> <span class='ocrx_word' id='word_1_217' title='bbox 1271 2504 1382 2546; x_wconf 92' lang='lat' dir='ltr'><strong>nomen</strong></span> 
     </span>
     <span class='ocr_line' id='line_1_25' title="bbox 227 2575 1382 2653; baseline -0.002 -17"><span class='ocrx_word' id='word_1_218' title='bbox 227 2575 418 2636; x_wconf 83' lang='lat' dir='ltr'><strong>Gasaubonus</strong></span> <span class='ocrx_word' id='word_1_219' title='bbox 437 2577 571 2636; x_wconf 87' lang='lat' dir='ltr'><strong>restituit</strong></span> <span class='ocrx_word' id='word_1_220' title='bbox 589 2577 696 2635; x_wconf 89' lang='lat' dir='ltr'><strong>Athen.</strong></span> <span class='ocrx_word' id='word_1_221' title='bbox 716 2576 763 2634; x_wconf 87' lang='lat' dir='ltr'><strong>HI</strong></span> <span class='ocrx_word' id='word_1_222' title='bbox 780 2597 809 2653; x_wconf 93' lang='lat' dir='ltr'><strong>p.</strong></span> <span class='ocrx_word' id='word_1_223' title='bbox 827 2577 888 2635; x_wconf 83' lang='lat'><strong>113</strong></span> <span class='ocrx_word' id='word_1_224' title='bbox 900 2576 924 2633; x_wconf 73' lang='lat' dir='ltr'>F</span> <span class='ocrx_word' id='word_1_225' title='bbox 943 2576 1023 2652; x_wconf 91' lang='lat' dir='ltr'><strong>quod</strong></span> <span class='ocrx_word' id='word_1_226' title='bbox 1037 2577 1113 2634; x_wconf 89' lang='lat' dir='ltr'><strong>nihil</strong></span> <span class='ocrx_word' id='word_1_227' title='bbox 1127 2576 1164 2634; x_wconf 87' lang='lat' dir='ltr'><strong>ad</strong></span> <span class='ocrx_word' id='word_1_228' title='bbox 1179 2576 1257 2633; x_wconf 89' lang='lat' dir='ltr'><strong>bunc</strong></span> <span class='ocrx_word' id='word_1_229' title='bbox 1270 2576 1382 2634; x_wconf 84' lang='lat' dir='ltr'><strong>locum.</strong></span> 
     </span>
    </p>

    <p class='ocr_par' dir='ltr' id='par_1_5' title="bbox 226 2656 1384 3888">
     <span class='ocr_line' id='line_1_26' title="bbox 320 2656 1384 2743; baseline 0.002 -20"><span class='ocrx_word' id='word_1_230' title='bbox 320 2656 425 2725; x_wconf 82' lang='grc'><strong>1164.</strong></span> <span class='ocrx_word' id='word_1_231' title='bbox 450 2665 616 2743; x_wconf 87' lang='lat' dir='ltr'><strong>Porphyn&#39;o</strong></span> <span class='ocrx_word' id='word_1_232' title='bbox 641 2665 679 2724; x_wconf 90' lang='lat' dir='ltr'><strong>ad</strong></span> <span class='ocrx_word' id='word_1_233' title='bbox 696 2664 816 2725; x_wconf 76' lang='lat' dir='ltr'><strong>Horatii</strong></span> <span class='ocrx_word' id='word_1_234' title='bbox 835 2684 921 2725; x_wconf 88' lang='lat' dir='ltr'><strong>serm.</strong></span> <span class='ocrx_word' id='word_1_235' title='bbox 936 2664 967 2723; x_wconf 89' lang='grc' dir='ltr'>Π</span> <span class='ocrx_word' id='word_1_236' title='bbox 987 2667 1016 2739; x_wconf 90' lang='grc'><strong>4,</strong></span> <span class='ocrx_word' id='word_1_237' title='bbox 1036 2666 1075 2724; x_wconf 89' lang='grc'><strong>81</strong></span> <span class='ocrx_word' id='word_1_238' title='bbox 1103 2660 1240 2742; x_wconf 81' lang='lat' dir='ltr'><strong>‘Mappas</strong></span> <span class='ocrx_word' id='word_1_239' title='bbox 1260 2667 1384 2741; x_wconf 88' lang='lat' dir='ltr'><strong>antiqui</strong></span> 
     </span>
     <span class='ocr_line' id='line_1_27' title="bbox 226 2746 1382 2836; baseline 0.001 -23"><span class='ocrx_word' id='word_1_240' title='bbox 226 2754 364 2815; x_wconf 86' lang='lat' dir='ltr'><strong>dicebant</strong></span> <span class='ocrx_word' id='word_1_241' title='bbox 379 2774 455 2831; x_wconf 90' lang='lat' dir='ltr'><strong>quae</strong></span> <span class='ocrx_word' id='word_1_242' title='bbox 468 2773 546 2813; x_wconf 92' lang='lat' dir='ltr'><strong>nunc</strong></span> <span class='ocrx_word' id='word_1_243' title='bbox 561 2756 713 2813; x_wconf 87' lang='lat' dir='ltr'><strong>mantelia.</strong></span> <span class='ocrx_word' id='word_1_244' title='bbox 747 2756 875 2814; x_wconf 79' lang='lat' dir='ltr'><strong>luciliais</strong></span> <span class='ocrx_word' id='word_1_245' title='bbox 890 2750 945 2815; x_wconf 80' lang='lat' dir='ltr'><strong>“et</strong></span> <span class='ocrx_word' id='word_1_246' title='bbox 960 2756 1033 2814; x_wconf 86' lang='lat' dir='ltr'><strong>uelli</strong></span> <span class='ocrx_word' id='word_1_247' title='bbox 1046 2749 1195 2832; x_wconf 88' lang='lat' dir='ltr'><strong>mappas&#39;&#39;</strong></span> <span class='ocrx_word' id='word_1_248' title='bbox 1208 2749 1217 2776; x_wconf 87' lang='lat'>&#39;</span> <span class='ocrx_word' id='word_1_249' title='bbox 1232 2746 1382 2836; x_wconf 91' lang='lat' dir='ltr'><strong>(snappas</strong></span> 
     </span>
     <span class='ocr_line' id='line_1_28' title="bbox 226 2835 1383 2923; baseline -0.002 -19"><span class='ocrx_word' id='word_1_250' title='bbox 226 2846 415 2904; x_wconf 79' lang='lat' dir='ltr'><strong>Monacensis</strong></span> <span class='ocrx_word' id='word_1_251' title='bbox 437 2864 474 2903; x_wconf 88' lang='lat' dir='ltr'><strong>m.</strong></span> <span class='ocrx_word' id='word_1_252' title='bbox 492 2835 534 2922; x_wconf 87' lang='lat'><strong>1).</strong></span> <span class='ocrx_word' id='word_1_253' title='bbox 581 2842 742 2904; x_wconf 76' lang='lat' dir='ltr'><strong>coniunxit</strong></span> <span class='ocrx_word' id='word_1_254' title='bbox 768 2845 824 2904; x_wconf 91' lang='lat' dir='ltr'><strong>hoc</strong></span> <span class='ocrx_word' id='word_1_255' title='bbox 851 2846 1052 2922; x_wconf 87' lang='lat' dir='ltr'><strong>fragmentum</strong></span> <span class='ocrx_word' id='word_1_256' title='bbox 1080 2864 1186 2923; x_wconf 86' lang='lat' dir='ltr'><strong>parum</strong></span> <span class='ocrx_word' id='word_1_257' title='bbox 1208 2846 1286 2903; x_wconf 87' lang='grc'><strong>15515</strong></span> <span class='ocrx_word' id='word_1_258' title='bbox 1311 2862 1383 2903; x_wconf 90' lang='lat' dir='ltr'><strong>oum</strong></span> 
     </span>
     <span class='ocr_line' id='line_1_29' title="bbox 226 2932 1383 3009; baseline 0.002 -17"><span class='ocrx_word' id='word_1_259' title='bbox 226 2937 329 2994; x_wconf 88' lang='lat' dir='ltr'><strong>incert.</strong></span> <span class='ocrx_word' id='word_1_260' title='bbox 348 2954 376 2992; x_wconf 89' lang='grc'><strong>1.</strong></span> <span class='ocrx_word' id='word_1_261' title='bbox 394 2934 477 2992; x_wconf 85' lang='lat'>1206</span> <span class='ocrx_word' id='word_1_262' title='bbox 502 2932 613 3009; x_wconf 89' lang='lat' dir='ltr'><strong>Donsa,</strong></span> <span class='ocrx_word' id='word_1_263' title='bbox 636 2934 773 2993; x_wconf 82' lang='lat' dir='ltr'><strong>anilins</strong></span> <span class='ocrx_word' id='word_1_264' title='bbox 793 2937 836 2994; x_wconf 81' lang='lat' dir='ltr'><strong>ait</strong></span> <span class='ocrx_word' id='word_1_265' title='bbox 854 2933 998 2994; x_wconf 82' lang='lat' dir='ltr'><strong>editiones</strong></span> <span class='ocrx_word' id='word_1_266' title='bbox 1017 2936 1141 2994; x_wconf 89' lang='lat' dir='ltr'><strong>ueteres.</strong></span> <span class='ocrx_word' id='word_1_267' title='bbox 1188 2933 1315 2992; x_wconf 89' lang='lat' dir='ltr'><strong>Seruata</strong></span> <span class='ocrx_word' id='word_1_268' title='bbox 1334 2938 1383 2994; x_wconf 87' lang='lat' dir='ltr'><strong>est</strong></span> 
     </span>
     <span class='ocr_line' id='line_1_30' title="bbox 227 3010 1384 3102; baseline 0.001 -21"><span class='ocrx_word' id='word_1_269' title='bbox 227 3010 328 3100; x_wconf 80' lang='lat' dir='ltr'><strong>aperte</strong></span> <span class='ocrx_word' id='word_1_270' title='bbox 373 3023 586 3098; x_wconf 89' lang='lat' dir='ltr'><strong>semiquinaria</strong></span> <span class='ocrx_word' id='word_1_271' title='bbox 626 3024 758 3102; x_wconf 88' lang='lat' dir='ltr'><strong>integra,</strong></span> <span class='ocrx_word' id='word_1_272' title='bbox 803 3025 874 3083; x_wconf 79' lang='lat' dir='ltr'><strong>nclli</strong></span> <span class='ocrx_word' id='word_1_273' title='bbox 914 3027 959 3084; x_wconf 89' lang='lat' dir='ltr'><strong>est</strong></span> <span class='ocrx_word' id='word_1_274' title='bbox 1003 3024 1167 3100; x_wconf 68' lang='lat' dir='ltr'><strong>perfectum</strong></span> <span class='ocrx_word' id='word_1_275' title='bbox 1208 3015 1306 3100; x_wconf 76' lang='lat' dir='ltr'><strong>(Seru.</strong></span> <span class='ocrx_word' id='word_1_276' title='bbox 1341 3023 1384 3082; x_wconf 90' lang='lat' dir='ltr'><strong>ad</strong></span> 
     </span>
     <span class='ocr_line' id='line_1_31' title="bbox 227 3103 1382 3192; baseline -0.001 -21"><span class='ocrx_word' id='word_1_277' title='bbox 227 3114 299 3171; x_wconf 89' lang='lat' dir='ltr'><strong>Aen.</strong></span> <span class='ocrx_word' id='word_1_278' title='bbox 318 3111 362 3170; x_wconf 90' lang='lat' dir='ltr'><strong>IV</strong></span> <span class='ocrx_word' id='word_1_279' title='bbox 381 3103 475 3192; x_wconf 89' lang='grc'><strong>427),</strong></span> <span class='ocrx_word' id='word_1_280' title='bbox 504 3130 630 3187; x_wconf 79' lang='lat' dir='ltr'><strong>mappas</strong></span> <span class='ocrx_word' id='word_1_281' title='bbox 657 3114 773 3189; x_wconf 88' lang='lat' dir='ltr'><strong>plurale</strong></span> <span class='ocrx_word' id='word_1_282' title='bbox 800 3116 920 3173; x_wconf 86' lang='lat' dir='ltr'><strong>tantum</strong></span> <span class='ocrx_word' id='word_1_283' title='bbox 948 3131 1010 3173; x_wconf 87' lang='lat' dir='ltr'><strong>esse</strong></span> <span class='ocrx_word' id='word_1_284' title='bbox 1039 3115 1171 3172; x_wconf 88' lang='lat' dir='ltr'><strong>testatur</strong></span> <span class='ocrx_word' id='word_1_285' title='bbox 1194 3111 1316 3171; x_wconf 89' lang='lat' dir='ltr'><strong>Seruius</strong></span> <span class='ocrx_word' id='word_1_286' title='bbox 1340 3113 1382 3170; x_wconf 89' lang='lat' dir='ltr'><strong>ad</strong></span> 
     </span>
     <span class='ocr_line' id='line_1_32' title="bbox 226 3196 1382 3279; baseline 0.001 -20"><span class='ocrx_word' id='word_1_287' title='bbox 226 3201 299 3260; x_wconf 83' lang='lat' dir='ltr'><strong>Aen.</strong></span> <span class='ocrx_word' id='word_1_288' title='bbox 313 3200 344 3259; x_wconf 88' lang='grc' dir='ltr'><strong>Π</strong></span> <span class='ocrx_word' id='word_1_289' title='bbox 364 3202 427 3260; x_wconf 93' lang='grc'><strong>272</strong></span> <span class='ocrx_word' id='word_1_290' title='bbox 458 3196 546 3278; x_wconf 87' lang='lat' dir='ltr'><strong>‘bigis</strong></span> <span class='ocrx_word' id='word_1_291' title='bbox 576 3203 737 3261; x_wconf 88' lang='lat' dir='ltr'><strong>secundum</strong></span> <span class='ocrx_word' id='word_1_292' title='bbox 765 3206 860 3262; x_wconf 90' lang='lat' dir='ltr'><strong>artem</strong></span> <span class='ocrx_word' id='word_1_293' title='bbox 887 3202 975 3262; x_wconf 94' lang='lat' dir='ltr'><strong>modo</strong></span> <span class='ocrx_word' id='word_1_294' title='bbox 998 3202 1087 3277; x_wconf 82' lang='lat' dir='ltr'><strong>dixit,</strong></span> <span class='ocrx_word' id='word_1_295' title='bbox 1111 3201 1312 3279; x_wconf 69' lang='grc'><strong>5155511511,</strong></span> <span class='ocrx_word' id='word_1_296' title='bbox 1336 3203 1382 3276; x_wconf 90' lang='lat' dir='ltr'><strong>ut,</strong></span> 
     </span>
     <span class='ocr_line' id='line_1_33' title="bbox 228 3290 1382 3370; baseline 0.002 -22"><span class='ocrx_word' id='word_1_297' title='bbox 228 3309 302 3366; x_wconf 91' lang='lat' dir='ltr'><strong>quae</strong></span> <span class='ocrx_word' id='word_1_298' title='bbox 330 3290 368 3349; x_wconf 89' lang='lat' dir='ltr'><strong>de</strong></span> <span class='ocrx_word' id='word_1_299' title='bbox 395 3291 530 3366; x_wconf 80' lang='lat' dir='ltr'><strong>pluribus</strong></span> <span class='ocrx_word' id='word_1_300' title='bbox 557 3294 708 3367; x_wconf 86' lang='grc'><strong>55151511,</strong></span> <span class='ocrx_word' id='word_1_301' title='bbox 737 3292 848 3370; x_wconf 89' lang='lat' dir='ltr'><strong>plurali</strong></span> <span class='ocrx_word' id='word_1_302' title='bbox 871 3295 990 3351; x_wconf 91' lang='lat' dir='ltr'><strong>tantum</strong></span> <span class='ocrx_word' id='word_1_303' title='bbox 1012 3311 1135 3351; x_wconf 87' lang='lat' dir='ltr'><strong>numero</strong></span> <span class='ocrx_word' id='word_1_304' title='bbox 1168 3291 1310 3364; x_wconf 90' lang='lat' dir='ltr'><strong>dicamus,</strong></span> <span class='ocrx_word' id='word_1_305' title='bbox 1344 3295 1382 3350; x_wconf 88' lang='grc'><strong>11</strong></span> 
     </span>
     <span class='ocr_line' id='line_1_34' title="bbox 226 3379 1381 3458; baseline 0 -20"><span class='ocrx_word' id='word_1_306' title='bbox 226 3380 320 3458; x_wconf 91' lang='lat' dir='ltr'><strong>bigas,</strong></span> <span class='ocrx_word' id='word_1_307' title='bbox 335 3379 505 3458; x_wconf 87' lang='lat' dir='ltr'><strong>quadrigas,</strong></span> <span class='ocrx_word' id='word_1_308' title='bbox 519 3399 653 3458; x_wconf 90' lang='lat' dir='ltr'><strong>mappas.</strong></span> <span class='ocrx_word' id='word_1_309' title='bbox 684 3383 736 3442; x_wconf 92' lang='lat' dir='ltr'><strong>sed</strong></span> <span class='ocrx_word' id='word_1_310' title='bbox 749 3382 823 3442; x_wconf 88' lang='lat' dir='ltr'><strong>haec</strong></span> <span class='ocrx_word' id='word_1_311' title='bbox 836 3382 1011 3458; x_wconf 89' lang='lat' dir='ltr'><strong>plerumque</strong></span> <span class='ocrx_word' id='word_1_312' title='bbox 1026 3380 1191 3457; x_wconf 87' lang='lat' dir='ltr'><strong>corrumpit</strong></span> <span class='ocrx_word' id='word_1_313' title='bbox 1204 3380 1381 3455; x_wconf 87' lang='lat' dir='ltr'><strong>auctoritas,</strong></span> 
     </span>
     <span class='ocr_line' id='line_1_35' title="bbox 226 3464 1381 3553; baseline 0.001 -25"><span class='ocrx_word' id='word_1_314' title='bbox 226 3471 261 3528; x_wconf 91' lang='lat' dir='ltr'><strong>ut</strong></span> <span class='ocrx_word' id='word_1_315' title='bbox 296 3469 440 3529; x_wconf 89' lang='lat' dir='ltr'><strong>Horatius</strong></span> <span class='ocrx_word' id='word_1_316' title='bbox 478 3464 579 3551; x_wconf 78' lang='lat' dir='ltr'><strong>(epist.</strong></span> <span class='ocrx_word' id='word_1_317' title='bbox 603 3470 619 3529; x_wconf 95' lang='grc' dir='ltr'>Ι</span> <span class='ocrx_word' id='word_1_318' title='bbox 644 3476 676 3546; x_wconf 88' lang='grc'><strong>5,</strong></span> <span class='ocrx_word' id='word_1_319' title='bbox 704 3465 761 3553; x_wconf 87' lang='grc'><strong>22)</strong></span> <span class='ocrx_word' id='word_1_320' title='bbox 799 3466 860 3528; x_wconf 81' lang='lat' dir='ltr'><strong>“ne</strong></span> <span class='ocrx_word' id='word_1_321' title='bbox 897 3471 1017 3531; x_wconf 91' lang='lat' dir='ltr'><strong>sordida</strong></span> <span class='ocrx_word' id='word_1_322' title='bbox 1053 3464 1209 3547; x_wconf 89' lang='lat' dir='ltr'><strong>mappa”.&#39;</strong></span> <span class='ocrx_word' id='word_1_323' title='bbox 1264 3469 1381 3529; x_wconf 82' lang='lat' dir='ltr'><strong>Narrat</strong></span> 
     </span>
     <span class='ocr_line' id='line_1_36' title="bbox 226 3557 1380 3637; baseline 0 -20"><span class='ocrx_word' id='word_1_324' title='bbox 226 3557 359 3618; x_wconf 88' lang='lat' dir='ltr'><strong>Lucilius</strong></span> <span class='ocrx_word' id='word_1_325' title='bbox 383 3576 447 3618; x_wconf 90' lang='lat' dir='ltr'><strong>sese</strong></span> <span class='ocrx_word' id='word_1_326' title='bbox 470 3578 542 3635; x_wconf 89' lang='lat' dir='ltr'><strong>prae</strong></span> <span class='ocrx_word' id='word_1_327' title='bbox 564 3560 643 3619; x_wconf 85' lang='lat' dir='ltr'><strong>fame</strong></span> <span class='ocrx_word' id='word_1_328' title='bbox 667 3561 805 3620; x_wconf 89' lang='lat' dir='ltr'><strong>dentibus</strong></span> <span class='ocrx_word' id='word_1_329' title='bbox 823 3560 942 3620; x_wconf 88' lang='grc'><strong>15111555</strong></span> <span class='ocrx_word' id='word_1_330' title='bbox 961 3579 1099 3637; x_wconf 88' lang='lat' dir='ltr'><strong>mappas:</strong></span> <span class='ocrx_word' id='word_1_331' title='bbox 1122 3559 1159 3618; x_wconf 87' lang='lat' dir='ltr'><strong>do</strong></span> <span class='ocrx_word' id='word_1_332' title='bbox 1182 3578 1255 3618; x_wconf 88' lang='lat' dir='ltr'><strong>cena</strong></span> <span class='ocrx_word' id='word_1_333' title='bbox 1273 3558 1380 3634; x_wconf 88' lang='lat' dir='ltr'><strong>aliqua</strong></span> 
     </span>
     <span class='ocr_line' id='line_1_37' title="bbox 226 3645 1378 3729; baseline -0.001 -22"><span class='ocrx_word' id='word_1_334' title='bbox 226 3648 299 3707; x_wconf 88' lang='lat' dir='ltr'><strong>item</strong></span> <span class='ocrx_word' id='word_1_335' title='bbox 330 3650 419 3724; x_wconf 89' lang='lat' dir='ltr'><strong>poeta</strong></span> <span class='ocrx_word' id='word_1_336' title='bbox 451 3653 627 3710; x_wconf 88' lang='lat' dir='ltr'><strong>narrauerat</strong></span> <span class='ocrx_word' id='word_1_337' title='bbox 658 3651 760 3709; x_wconf 87' lang='grc'><strong>115511.</strong></span> <span class='ocrx_word' id='word_1_338' title='bbox 784 3671 812 3708; x_wconf 90' lang='lat' dir='ltr'><strong>u.</strong></span> <span class='ocrx_word' id='word_1_339' title='bbox 835 3650 919 3708; x_wconf 87' lang='lat'>1183</span> <span class='ocrx_word' id='word_1_340' title='bbox 954 3646 1088 3729; x_wconf 78' lang='lat' dir='ltr'><strong>‘gustam</strong></span> <span class='ocrx_word' id='word_1_341' title='bbox 1120 3648 1252 3707; x_wconf 88' lang='lat' dir='ltr'><strong>crustula</strong></span> <span class='ocrx_word' id='word_1_342' title='bbox 1283 3645 1378 3707; x_wconf 90' lang='lat' dir='ltr'><strong>solus&#39;</strong></span> 
     </span>
     <span class='ocr_line' id='line_1_38' title="bbox 226 3736 1379 3815; baseline -0.002 -18"><span class='ocrx_word' id='word_1_343' title='bbox 226 3737 315 3797; x_wconf 89' lang='lat' dir='ltr'><strong>sicuti</strong></span> <span class='ocrx_word' id='word_1_344' title='bbox 337 3737 510 3799; x_wconf 84' lang='lat' dir='ltr'><strong>Fundanius</strong></span> <span class='ocrx_word' id='word_1_345' title='bbox 535 3738 614 3815; x_wconf 90' lang='lat' dir='ltr'><strong>apud</strong></span> <span class='ocrx_word' id='word_1_346' title='bbox 632 3739 792 3799; x_wconf 88' lang='lat' dir='ltr'><strong>Horatium</strong></span> <span class='ocrx_word' id='word_1_347' title='bbox 815 3744 918 3799; x_wconf 90' lang='grc'><strong>551115</strong></span> <span class='ocrx_word' id='word_1_348' title='bbox 938 3740 1047 3799; x_wconf 91' lang='lat' dir='ltr'><strong>ultima</strong></span> <span class='ocrx_word' id='word_1_349' title='bbox 1066 3740 1102 3797; x_wconf 93' lang='grc'><strong>15</strong></span> <span class='ocrx_word' id='word_1_350' title='bbox 1121 3757 1193 3798; x_wconf 88' lang='grc'><strong>5515</strong></span> <span class='ocrx_word' id='word_1_351' title='bbox 1212 3736 1379 3796; x_wconf 86' lang='lat' dir='ltr'><strong>Nasidieni.</strong></span> 
     </span>
     <span class='ocr_line' id='line_1_39' title="bbox 226 3826 686 3888; baseline 0.002 -3"><span class='ocrx_word' id='word_1_352' title='bbox 226 3826 315 3886; x_wconf 90' lang='lat' dir='ltr'><strong>Libro</strong></span> <span class='ocrx_word' id='word_1_353' title='bbox 339 3827 366 3883; x_wconf 91' lang='lat' dir='ltr'>V</span> <span class='ocrx_word' id='word_1_354' title='bbox 389 3827 496 3887; x_wconf 88' lang='lat' dir='ltr'><strong>tribuit</strong></span> <span class='ocrx_word' id='word_1_355' title='bbox 519 3828 686 3888; x_wconf 88' lang='lat' dir='ltr'><strong>Muellerus.</strong></span> 
     </span>
    </p>

    <p class='ocr_par' dir='ltr' id='par_1_6' title="bbox 225 3908 1379 4531">
     <span class='ocr_line' id='line_1_40' title="bbox 317 3908 1378 3996; baseline 0.001 -22"><span class='ocrx_word' id='word_1_356' title='bbox 317 3908 424 3978; x_wconf 82' lang='grc'><strong>1165.</strong></span> <span class='ocrx_word' id='word_1_357' title='bbox 448 3916 579 3977; x_wconf 88' lang='lat' dir='ltr'><strong>Isidorus</strong></span> <span class='ocrx_word' id='word_1_358' title='bbox 607 3920 681 3996; x_wconf 84' lang='lat' dir='ltr'><strong>orig.</strong></span> <span class='ocrx_word' id='word_1_359' title='bbox 699 3918 771 3977; x_wconf 88' lang='lat' dir='ltr'><strong>XIX</strong></span> <span class='ocrx_word' id='word_1_360' title='bbox 791 3920 858 3993; x_wconf 91' lang='grc'><strong>7,2</strong></span> <span class='ocrx_word' id='word_1_361' title='bbox 888 3914 1049 3977; x_wconf 74' lang='lat' dir='ltr'><strong>‘Masculus</strong></span> <span class='ocrx_word' id='word_1_362' title='bbox 1081 3917 1206 3977; x_wconf 89' lang='lat' dir='ltr'><strong>malleus</strong></span> <span class='ocrx_word' id='word_1_363' title='bbox 1239 3916 1378 3992; x_wconf 86' lang='lat' dir='ltr'><strong>pusillus.</strong></span> 
     </span>
     <span class='ocr_line' id='line_1_41' title="bbox 226 3999 1378 4088; baseline 0 -23"><span class='ocrx_word' id='word_1_364' title='bbox 226 4005 359 4066; x_wconf 90' lang='lat' dir='ltr'><strong>Lucilius</strong></span> <span class='ocrx_word' id='word_1_365' title='bbox 388 4000 443 4065; x_wconf 84' lang='lat' dir='ltr'><strong>“et</strong></span> <span class='ocrx_word' id='word_1_366' title='bbox 469 4008 555 4065; x_wconf 89' lang='lat' dir='ltr'><strong>uelut</strong></span> <span class='ocrx_word' id='word_1_367' title='bbox 581 4008 612 4065; x_wconf 93' lang='lat' dir='ltr'><strong>in</strong></span> <span class='ocrx_word' id='word_1_368' title='bbox 639 4008 784 4082; x_wconf 74' lang='lat' dir='ltr'><strong>fabricam</strong></span> <span class='ocrx_word' id='word_1_369' title='bbox 812 3999 941 4088; x_wconf 78' lang='lat' dir='ltr'><strong>(fabrica</strong></span> <span class='ocrx_word' id='word_1_370' title='bbox 968 4007 1000 4066; x_wconf 84' lang='lat' dir='ltr'><strong>F.</strong></span> <span class='ocrx_word' id='word_1_371' title='bbox 1014 3999 1132 4088; x_wconf 86' lang='lat' dir='ltr'><strong>Dousa)</strong></span> <span class='ocrx_word' id='word_1_372' title='bbox 1163 4007 1281 4065; x_wconf 88' lang='lat' dir='ltr'><strong>feruens</strong></span> <span class='ocrx_word' id='word_1_373' title='bbox 1308 4024 1378 4065; x_wconf 88' lang='lat' dir='ltr'><strong>cum</strong></span> 
     </span>
     <span class='ocr_line' id='line_1_42' title="bbox 227 4088 1379 4178; baseline -0.001 -24"><span class='ocrx_word' id='word_1_374' title='bbox 227 4097 376 4155; x_wconf 89' lang='lat' dir='ltr'><strong>marculus</strong></span> <span class='ocrx_word' id='word_1_375' title='bbox 395 4095 506 4154; x_wconf 83' lang='lat' dir='ltr'><strong>ferrum</strong></span> <span class='ocrx_word' id='word_1_376' title='bbox 523 4096 683 4155; x_wconf 69' lang='lat' dir='ltr'><strong>nautiorum</strong></span> <span class='ocrx_word' id='word_1_377' title='bbox 703 4098 820 4175; x_wconf 90' lang='lat' dir='ltr'><strong>magnis</strong></span> <span class='ocrx_word' id='word_1_378' title='bbox 840 4088 970 4178; x_wconf 89' lang='lat' dir='ltr'><strong>(magnis</strong></span> <span class='ocrx_word' id='word_1_379' title='bbox 988 4090 1221 4174; x_wconf 68' lang='grc' dir='ltr'><strong>(151115Μὶ5515)</strong></span> <span class='ocrx_word' id='word_1_380' title='bbox 1235 4093 1379 4173; x_wconf 79' lang='lat' dir='ltr'><strong>Scaliger,</strong></span> 
     </span>
     <span class='ocr_line' id='line_1_43' title="bbox 226 4177 1378 4265; baseline 0 -21"><span class='ocrx_word' id='word_1_381' title='bbox 226 4179 491 4263; x_wconf 71' lang='lat' dir='ltr'><strong>(incumbentem)</strong></span> <span class='ocrx_word' id='word_1_382' title='bbox 531 4183 704 4261; x_wconf 89' lang='lat' dir='ltr'><strong>Muellerus,</strong></span> <span class='ocrx_word' id='word_1_383' title='bbox 748 4181 966 4263; x_wconf 77' lang='lat' dir='ltr'><strong>(instantibus)</strong></span> <span class='ocrx_word' id='word_1_384' title='bbox 1007 4177 1225 4265; x_wconf 89' lang='lat' dir='ltr'><strong>Baehrensius)</strong></span> <span class='ocrx_word' id='word_1_385' title='bbox 1267 4183 1378 4244; x_wconf 86' lang='lat' dir='ltr'><strong>ictibus</strong></span> 
     </span>
     <span class='ocr_line' id='line_1_44' title="bbox 225 4268 1377 4357; baseline -0.001 -24"><span class='ocrx_word' id='word_1_386' title='bbox 225 4269 371 4333; x_wconf 86' lang='lat' dir='ltr'><strong>tundit&#39;’.’</strong></span> <span class='ocrx_word' id='word_1_387' title='bbox 409 4273 636 4334; x_wconf 89' lang='lat' dir='ltr'><strong>Deminutiuum</strong></span> <span class='ocrx_word' id='word_1_388' title='bbox 662 4293 725 4335; x_wconf 88' lang='lat' dir='ltr'><strong>esse</strong></span> <span class='ocrx_word' id='word_1_389' title='bbox 748 4277 897 4335; x_wconf 66' lang='lat' dir='ltr'><strong>maroelus</strong></span> <span class='ocrx_word' id='word_1_390' title='bbox 917 4268 1002 4357; x_wconf 84' lang='lat' dir='ltr'><strong>(conf</strong></span> <span class='ocrx_word' id='word_1_391' title='bbox 1018 4274 1253 4335; x_wconf 88' lang='lat' dir='ltr'><strong>Niedermannus</strong></span> <span class='ocrx_word' id='word_1_392' title='bbox 1272 4273 1377 4352; x_wconf 85' lang='lat' dir='ltr'><strong>lndog.</strong></span> 
     </span>
     <span class='ocr_line' id='line_1_45' title="bbox 226 4361 1376 4441; baseline -0.001 -19"><span class='ocrx_word' id='word_1_393' title='bbox 226 4362 344 4422; x_wconf 77' lang='lat' dir='ltr'><strong>Forscb.</strong></span> <span class='ocrx_word' id='word_1_394' title='bbox 363 4362 418 4421; x_wconf 87' lang='lat' dir='ltr'><strong>XV</strong></span> <span class='ocrx_word' id='word_1_395' title='bbox 439 4364 523 4423; x_wconf 89' lang='grc'><strong>1903</strong></span> <span class='ocrx_word' id='word_1_396' title='bbox 552 4383 580 4439; x_wconf 89' lang='lat' dir='ltr'><strong>p.</strong></span> <span class='ocrx_word' id='word_1_397' title='bbox 602 4361 769 4440; x_wconf 91' lang='grc'><strong>1095555.)</strong></span> <span class='ocrx_word' id='word_1_398' title='bbox 810 4364 924 4425; x_wconf 89' lang='lat' dir='ltr'><strong>Isidoro</strong></span> <span class='ocrx_word' id='word_1_399' title='bbox 957 4363 1122 4424; x_wconf 88' lang='lat' dir='ltr'><strong>credemus:</strong></span> <span class='ocrx_word' id='word_1_400' title='bbox 1157 4363 1237 4441; x_wconf 92' lang='lat' dir='ltr'><strong>quod</strong></span> <span class='ocrx_word' id='word_1_401' title='bbox 1273 4365 1376 4423; x_wconf 84' lang='lat' dir='ltr'><strong>tamen</strong></span> 
     </span>
     <span class='ocr_line' id='line_1_46' title="bbox 226 4451 1378 4531; baseline -0.001 -20"><span class='ocrx_word' id='word_1_402' title='bbox 226 4472 292 4512; x_wconf 90' lang='lat' dir='ltr'><strong>non</strong></span> <span class='ocrx_word' id='word_1_403' title='bbox 313 4451 461 4531; x_wconf 86' lang='lat' dir='ltr'><strong>significat</strong></span> <span class='ocrx_word' id='word_1_404' title='bbox 487 4453 630 4513; x_wconf 90' lang='lat' dir='ltr'><strong>malleum</strong></span> <span class='ocrx_word' id='word_1_405' title='bbox 657 4454 814 4530; x_wconf 88' lang='lat' dir='ltr'><strong>pusillum,</strong></span> <span class='ocrx_word' id='word_1_406' title='bbox 843 4455 895 4514; x_wconf 93' lang='lat' dir='ltr'><strong>sed</strong></span> <span class='ocrx_word' id='word_1_407' title='bbox 913 4453 1053 4513; x_wconf 88' lang='lat' dir='ltr'><strong>malleum</strong></span> <span class='ocrx_word' id='word_1_408' title='bbox 1076 4470 1317 4530; x_wconf 88' lang='lat' dir='ltr'><strong>unumquemque</strong></span> <span class='ocrx_word' id='word_1_409' title='bbox 1341 4472 1378 4513; x_wconf 86' lang='lat' dir='ltr'><strong>ex</strong></span> 
     </span>
    </p>
   </div>
   <div class='ocr_carea' id='block_1_3' title="bbox 0 0 1504 5002">
    <p class='ocr_par' dir='ltr' id='par_1_7' title="bbox 0 0 1504 5002">
     <span class='ocr_line' id='line_1_47' title="bbox 0 0 1504 5002; baseline 0 0"><span class='ocrx_word' id='word_1_410' title='bbox 0 0 1504 5002; x_wconf 95' lang='lat' dir='ltr'><strong> </strong></span> 
     </span>
    </p>
   </div>
  </div>
 </body>
</html>
