<?xml version="1.0" encoding="UTF-8"?>
<!DOCTYPE html PUBLIC "-//W3C//DTD XHTML 1.0 Transitional//EN"
    "http://www.w3.org/TR/xhtml1/DTD/xhtml1-transitional.dtd">
<html xmlns="http://www.w3.org/1999/xhtml" xml:lang="en" lang="en">
 <head>
  <title>
</title>
<meta http-equiv="Content-Type" content="text/html;charset=utf-8" />
  <meta name='ocr-system' content='tesseract 3.04.00' />
  <meta name='ocr-capabilities' content='ocr_page ocr_carea ocr_par ocr_line ocrx_word'/>
</head>
<body>
  <div class='ocr_page' id='page_1' title='image "./cluciliicarminu00lucigoog_0120.png"; bbox 0 0 3060 5010; ppageno 0'>
   <div class='ocr_carea' id='block_1_1' title="bbox 617 340 1307 408">
    <p class='ocr_par' dir='ltr' id='par_1_1' title="bbox 617 340 1307 408">
     <span class='ocr_line' id='line_1_1' title="bbox 617 340 1307 408; baseline 0 -12"><span class='ocrx_word' id='word_1_1' title='bbox 617 340 687 396; x_wconf 83' lang='lat' dir='ltr'>vu.</span> <span class='ocrx_word' id='word_1_2' title='bbox 707 345 857 396; x_wconf 80' lang='lat' dir='ltr'>u1o-srs.</span> <span class='ocrx_word' id='word_1_3' title='bbox 1266 343 1307 408; x_wconf 79' lang='grc'>87</span> 
     </span>
    </p>
   </div>
   <div class='ocr_carea' id='block_1_2' title="bbox 157 510 1310 954">
    <p class='ocr_par' dir='ltr' id='par_1_2' title="bbox 157 510 1310 954">
     <span class='ocr_line' id='line_1_2' title="bbox 158 510 1310 591; baseline 0.001 -19"><span class='ocrx_word' id='word_1_4' title='bbox 158 513 278 574; x_wconf 88' lang='lat' dir='ltr'>uidetur</span> <span class='ocrx_word' id='word_1_5' title='bbox 300 515 391 591; x_wconf 89' lang='lat' dir='ltr'>poeta</span> <span class='ocrx_word' id='word_1_6' title='bbox 413 530 502 589; x_wconf 88' lang='lat' dir='ltr'>porco</span> <span class='ocrx_word' id='word_1_7' title='bbox 525 529 714 588; x_wconf 86' lang='lat' dir='ltr'>comparasse</span> <span class='ocrx_word' id='word_1_8' title='bbox 736 511 820 570; x_wconf 86' lang='lat' dir='ltr'>ouius</span> <span class='ocrx_word' id='word_1_9' title='bbox 850 511 939 588; x_wconf 88' lang='lat' dir='ltr'>pedes</span> <span class='ocrx_word' id='word_1_10' title='bbox 963 513 993 570; x_wconf 91' lang='lat' dir='ltr'>et</span> <span class='ocrx_word' id='word_1_11' title='bbox 1015 513 1144 571; x_wconf 85' lang='lat' dir='ltr'>rostrum</span> <span class='ocrx_word' id='word_1_12' title='bbox 1167 510 1256 585; x_wconf 83' lang='grc' dir='ltr'><strong><em>πόδες</em></strong></span> <span class='ocrx_word' id='word_1_13' title='bbox 1278 515 1310 573; x_wconf 89' lang='lat' dir='ltr'>et</span> 
     </span>
     <span class='ocr_line' id='line_1_3' title="bbox 158 599 1308 685; baseline -0.003 -21"><span class='ocrx_word' id='word_1_14' title='bbox 158 602 265 685; x_wconf 78' lang='grc' dir='ltr'><em>ῥύγχος</em></span> <span class='ocrx_word' id='word_1_15' title='bbox 296 621 358 664; x_wconf 91' lang='lat' dir='ltr'>una</span> <span class='ocrx_word' id='word_1_16' title='bbox 389 602 659 662; x_wconf 72' lang='lat' dir='ltr'>commemorantur</span> <span class='ocrx_word' id='word_1_17' title='bbox 691 619 737 678; x_wconf 92' lang='lat' dir='ltr'>ap.</span> <span class='ocrx_word' id='word_1_18' title='bbox 766 599 875 660; x_wconf 84' lang='lat' dir='ltr'>Alexin</span> <span class='ocrx_word' id='word_1_19' title='bbox 908 599 993 660; x_wconf 80' lang='lat' dir='ltr'>OAF</span> <span class='ocrx_word' id='word_1_20' title='bbox 1014 600 1046 660; x_wconf 89' lang='lat' dir='ltr'><strong>H</strong></span> <span class='ocrx_word' id='word_1_21' title='bbox 1068 620 1097 677; x_wconf 88' lang='lat' dir='ltr'>p.</span> <span class='ocrx_word' id='word_1_22' title='bbox 1117 602 1195 675; x_wconf 85' lang='grc'><strong>335,</strong></span> <span class='ocrx_word' id='word_1_23' title='bbox 1221 601 1308 661; x_wconf 79' lang='grc'><strong>151(</strong></span> 
     </span>
     <span class='ocr_line' id='line_1_4' title="bbox 158 682 1309 773; baseline 0 -21"><span class='ocrx_word' id='word_1_24' title='bbox 158 692 296 772; x_wconf 76' lang='grc' dir='ltr'>ποδάρια,</span> <span class='ocrx_word' id='word_1_25' title='bbox 314 691 407 773; x_wconf 77' lang='grc' dir='ltr'><em>ῥύγχη</em></span> <span class='ocrx_word' id='word_1_26' title='bbox 425 689 502 768; x_wconf 77' lang='grc' dir='ltr'><strong><em>τινά,</em></strong></span> <span class='ocrx_word' id='word_1_27' title='bbox 521 682 617 770; x_wconf 81' lang='grc' dir='ltr'><em>ὠτάρι’</em></span> <span class='ocrx_word' id='word_1_28' title='bbox 638 689 703 750; x_wconf 76' lang='grc' dir='ltr'><strong><em>ὕεια</em></strong></span> <span class='ocrx_word' id='word_1_29' title='bbox 722 690 921 767; x_wconf 77' lang='lat' dir='ltr'>Theophilum</span> <span class='ocrx_word' id='word_1_30' title='bbox 940 690 959 748; x_wconf 91' lang='lat' dir='ltr'>l.</span> <span class='ocrx_word' id='word_1_31' title='bbox 974 707 996 750; x_wconf 89' lang='lat' dir='ltr'>s.</span> <span class='ocrx_word' id='word_1_32' title='bbox 1010 711 1039 768; x_wconf 88' lang='lat' dir='ltr'>p.</span> <span class='ocrx_word' id='word_1_33' title='bbox 1055 691 1129 765; x_wconf 92' lang='grc'><strong>475,</strong></span> <span class='ocrx_word' id='word_1_34' title='bbox 1148 691 1167 750; x_wconf 90' lang='lat'>8</span> <span class='ocrx_word' id='word_1_35' title='bbox 1187 691 1309 772; x_wconf 77' lang='grc' dir='ltr'><em>ῥυγχίον</em></span> 
     </span>
     <span class='ocr_line' id='line_1_5' title="bbox 157 776 1308 861; baseline -0.003 -19"><span class='ocrx_word' id='word_1_36' title='bbox 157 786 256 861; x_wconf 80' lang='grc' dir='ltr'><strong><em>κωλῆν</em></strong></span> <span class='ocrx_word' id='word_1_37' title='bbox 289 779 384 853; x_wconf 83' lang='grc' dir='ltr'><strong><em>πόδας</em></strong></span> <span class='ocrx_word' id='word_1_38' title='bbox 417 776 552 860; x_wconf 72' lang='grc' dir='ltr'><strong><em>τέτταρας</em></strong></span> <span class='ocrx_word' id='word_1_39' title='bbox 580 777 681 852; x_wconf 80' lang='grc' dir='ltr'><em>ὑείους</em></span> <span class='ocrx_word' id='word_1_40' title='bbox 711 779 873 839; x_wconf 84' lang='lat' dir='ltr'>Anaxilam</span> <span class='ocrx_word' id='word_1_41' title='bbox 904 780 923 838; x_wconf 92' lang='lat' dir='ltr'>l.</span> <span class='ocrx_word' id='word_1_42' title='bbox 943 798 965 840; x_wconf 90' lang='lat' dir='ltr'>s.</span> <span class='ocrx_word' id='word_1_43' title='bbox 985 799 1012 856; x_wconf 92' lang='lat' dir='ltr'>p.</span> <span class='ocrx_word' id='word_1_44' title='bbox 1034 781 1112 854; x_wconf 78' lang='grc'><strong>269,</strong></span> <span class='ocrx_word' id='word_1_45' title='bbox 1143 781 1182 840; x_wconf 98' lang='grc'>19</span> <span class='ocrx_word' id='word_1_46' title='bbox 1214 779 1308 861; x_wconf 74' lang='grc' dir='ltr'><em>ῥύγχη</em></span> 
     </span>
     <span class='ocr_line' id='line_1_6' title="bbox 157 862 1307 954; baseline 0.001 -24"><span class='ocrx_word' id='word_1_47' title='bbox 157 870 251 943; x_wconf 77' lang='grc' dir='ltr'><strong><em>πόδας</em></strong></span> <span class='ocrx_word' id='word_1_48' title='bbox 274 865 396 954; x_wconf 91' lang='lat' dir='ltr'>(Athen.</span> <span class='ocrx_word' id='word_1_49' title='bbox 410 869 458 928; x_wconf 89' lang='grc' dir='ltr'>ΙΠ</span> <span class='ocrx_word' id='word_1_50' title='bbox 476 889 504 946; x_wconf 88' lang='lat' dir='ltr'>p.</span> <span class='ocrx_word' id='word_1_51' title='bbox 522 870 562 929; x_wconf 87' lang='grc'>95</span> <span class='ocrx_word' id='word_1_52' title='bbox 578 869 693 929; x_wconf 83' lang='grc' dir='ltr'><strong>Α-96</strong></span> <span class='ocrx_word' id='word_1_53' title='bbox 709 862 758 951; x_wconf 85' lang='grc' dir='ltr'>Ε).</span> <span class='ocrx_word' id='word_1_54' title='bbox 801 868 943 929; x_wconf 80' lang='lat' dir='ltr'>Rostrum</span> <span class='ocrx_word' id='word_1_55' title='bbox 965 871 1107 946; x_wconf 85' lang='lat' dir='ltr'>posuerat</span> <span class='ocrx_word' id='word_1_56' title='bbox 1124 867 1161 928; x_wconf 92' lang='lat' dir='ltr'>de</span> <span class='ocrx_word' id='word_1_57' title='bbox 1178 870 1307 931; x_wconf 86' lang='lat' dir='ltr'>hominis</span> 
     </span>
    </p>
   </div>
   <div class='ocr_carea' id='block_1_3' title="bbox 150 958 1307 4531">
    <p class='ocr_par' dir='ltr' id='par_1_3' title="bbox 153 958 1307 2561">
     <span class='ocr_line' id='line_1_7' title="bbox 156 958 1306 1037; baseline -0.002 -17"><span class='ocrx_word' id='word_1_58' title='bbox 156 962 233 1021; x_wconf 84' lang='lat' dir='ltr'>facie</span> <span class='ocrx_word' id='word_1_59' title='bbox 255 960 354 1021; x_wconf 90' lang='lat' dir='ltr'>Plaut.</span> <span class='ocrx_word' id='word_1_60' title='bbox 369 959 550 1020; x_wconf 86' lang='lat' dir='ltr'>Menaechm.</span> <span class='ocrx_word' id='word_1_61' title='bbox 571 959 622 1034; x_wconf 91' lang='grc'>89,</span> <span class='ocrx_word' id='word_1_62' title='bbox 646 958 717 1020; x_wconf 85' lang='lat' dir='ltr'>conf</span> <span class='ocrx_word' id='word_1_63' title='bbox 744 958 859 1018; x_wconf 89' lang='lat' dir='ltr'>dehoc</span> <span class='ocrx_word' id='word_1_64' title='bbox 885 958 1034 1020; x_wconf 88' lang='lat' dir='ltr'>uocabulo</span> <span class='ocrx_word' id='word_1_65' title='bbox 1062 959 1182 1037; x_wconf 78' lang='lat' dir='ltr'>uulgari</span> <span class='ocrx_word' id='word_1_66' title='bbox 1209 959 1306 1020; x_wconf 86' lang='lat' dir='ltr'>Dieaii</span> 
     </span>
     <span class='ocr_line' id='line_1_8' title="bbox 156 1039 1306 1130; baseline -0.003 -20"><span class='ocrx_word' id='word_1_67' title='bbox 156 1050 382 1110; x_wconf 89' lang='lat' dir='ltr'>uooabularium</span> <span class='ocrx_word' id='word_1_68' title='bbox 422 1048 654 1127; x_wconf 79' lang='lat' dir='ltr'>etymologicum</span> <span class='ocrx_word' id='word_1_69' title='bbox 694 1048 787 1126; x_wconf 79' lang='lat' dir='ltr'>lingu.</span> <span class='ocrx_word' id='word_1_70' title='bbox 818 1047 902 1108; x_wconf 86' lang='lat' dir='ltr'>Rom.</span> <span class='ocrx_word' id='word_1_71' title='bbox 934 1041 1019 1130; x_wconf 85' lang='lat' dir='ltr'>(edit</span> <span class='ocrx_word' id='word_1_72' title='bbox 1046 1039 1147 1129; x_wconf 89' lang='grc'><strong>1887)</strong></span> <span class='ocrx_word' id='word_1_73' title='bbox 1185 1068 1214 1126; x_wconf 89' lang='lat' dir='ltr'>p.</span> <span class='ocrx_word' id='word_1_74' title='bbox 1242 1051 1306 1109; x_wconf 84' lang='lat'>484</span> 
     </span>
     <span class='ocr_line' id='line_1_9' title="bbox 156 1136 1307 1215; baseline -0.001 -16"><span class='ocrx_word' id='word_1_75' title='bbox 156 1140 251 1200; x_wconf 90' lang='lat' dir='ltr'>Lucil.</span> <span class='ocrx_word' id='word_1_76' title='bbox 270 1141 373 1199; x_wconf 85' lang='lat' dir='ltr'>inoert</span> <span class='ocrx_word' id='word_1_77' title='bbox 393 1139 531 1197; x_wconf 80' lang='lat' dir='ltr'>u.1121.</span> <span class='ocrx_word' id='word_1_78' title='bbox 583 1136 641 1207; x_wconf 84' lang='lat' dir='ltr'>Qui</span> <span class='ocrx_word' id='word_1_79' title='bbox 672 1137 807 1214; x_wconf 88' lang='lat' dir='ltr'>loquitur</span> <span class='ocrx_word' id='word_1_80' title='bbox 837 1136 910 1197; x_wconf 87' lang='lat' dir='ltr'>urbe</span> <span class='ocrx_word' id='word_1_81' title='bbox 942 1137 1045 1198; x_wconf 87' lang='lat' dir='ltr'>cedere</span> <span class='ocrx_word' id='word_1_82' title='bbox 1077 1139 1195 1198; x_wconf 91' lang='lat' dir='ltr'>mauult</span> <span class='ocrx_word' id='word_1_83' title='bbox 1217 1158 1307 1215; x_wconf 89' lang='lat' dir='ltr'>quam</span> 
     </span>
     <span class='ocr_line' id='line_1_10' title="bbox 157 1226 1306 1306; baseline -0.003 -16"><span class='ocrx_word' id='word_1_84' title='bbox 157 1233 290 1306; x_wconf 87' lang='lat' dir='ltr'>spectare</span> <span class='ocrx_word' id='word_1_85' title='bbox 318 1229 414 1288; x_wconf 84' lang='lat' dir='ltr'>fastus</span> <span class='ocrx_word' id='word_1_86' title='bbox 442 1229 473 1286; x_wconf 88' lang='lat' dir='ltr'>et</span> <span class='ocrx_word' id='word_1_87' title='bbox 498 1228 675 1287; x_wconf 83' lang='lat' dir='ltr'>iactantiam</span> <span class='ocrx_word' id='word_1_88' title='bbox 698 1229 847 1303; x_wconf 88' lang='lat' dir='ltr'>praetoris</span> <span class='ocrx_word' id='word_1_89' title='bbox 869 1227 1019 1306; x_wconf 81' lang='lat' dir='ltr'>designati</span> <span class='ocrx_word' id='word_1_90' title='bbox 1041 1226 1170 1288; x_wconf 89' lang='lat' dir='ltr'>hominis</span> <span class='ocrx_word' id='word_1_91' title='bbox 1192 1229 1306 1288; x_wconf 76' lang='lat' dir='ltr'><strong>rustici.</strong></span> 
     </span>
     <span class='ocr_line' id='line_1_11' title="bbox 156 1310 1306 1396; baseline -0.003 -17"><span class='ocrx_word' id='word_1_92' title='bbox 156 1317 325 1379; x_wconf 90' lang='lat' dir='ltr'>LibrumV</span> <span class='ocrx_word' id='word_1_93' title='bbox 353 1319 423 1395; x_wconf 88' lang='lat' dir='ltr'>post</span> <span class='ocrx_word' id='word_1_94' title='bbox 450 1335 561 1375; x_wconf 89' lang='lat' dir='ltr'>annum</span> <span class='ocrx_word' id='word_1_95' title='bbox 589 1310 737 1396; x_wconf 61' lang='lat'>6351119</span> <span class='ocrx_word' id='word_1_96' title='bbox 766 1319 797 1377; x_wconf 89' lang='lat' dir='ltr'>et</span> <span class='ocrx_word' id='word_1_97' title='bbox 824 1319 893 1376; x_wconf 85' lang='lat' dir='ltr'>ante</span> <span class='ocrx_word' id='word_1_98' title='bbox 927 1310 1076 1396; x_wconf 80' lang='lat' dir='ltr'>644l110</span> <span class='ocrx_word' id='word_1_99' title='bbox 1108 1318 1306 1395; x_wconf 87' lang='lat' dir='ltr'>compositum</span> 
     </span>
     <span class='ocr_line' id='line_1_12' title="bbox 156 1405 1306 1482; baseline -0.003 -13"><span class='ocrx_word' id='word_1_100' title='bbox 156 1428 220 1470; x_wconf 87' lang='lat' dir='ltr'>esse</span> <span class='ocrx_word' id='word_1_101' title='bbox 244 1408 375 1468; x_wconf 87' lang='lat' dir='ltr'>efficitur</span> <span class='ocrx_word' id='word_1_102' title='bbox 398 1406 440 1466; x_wconf 90' lang='lat' dir='ltr'>eis</span> <span class='ocrx_word' id='word_1_103' title='bbox 465 1425 541 1482; x_wconf 87' lang='lat' dir='ltr'>quae</span> <span class='ocrx_word' id='word_1_104' title='bbox 564 1405 692 1466; x_wconf 80' lang='lat' dir='ltr'>diximus</span> <span class='ocrx_word' id='word_1_105' title='bbox 712 1405 751 1465; x_wconf 88' lang='lat' dir='ltr'>ad</span> <span class='ocrx_word' id='word_1_106' title='bbox 772 1405 815 1465; x_wconf 88' lang='lat' dir='ltr'>XI</span> <span class='ocrx_word' id='word_1_107' title='bbox 838 1426 865 1465; x_wconf 91' lang='lat' dir='ltr'>u.</span> <span class='ocrx_word' id='word_1_108' title='bbox 882 1407 955 1466; x_wconf 87' lang='lat'>418.</span> <span class='ocrx_word' id='word_1_109' title='bbox 996 1406 1065 1466; x_wconf 83' lang='lat' dir='ltr'>Non</span> <span class='ocrx_word' id='word_1_110' title='bbox 1089 1407 1218 1466; x_wconf 87' lang='lat' dir='ltr'>multum</span> <span class='ocrx_word' id='word_1_111' title='bbox 1236 1409 1306 1468; x_wconf 90' lang='lat' dir='ltr'>ante</span> 
     </span>
     <span class='ocr_line' id='line_1_13' title="bbox 156 1495 1305 1576; baseline -0.002 -18"><span class='ocrx_word' id='word_1_112' title='bbox 156 1517 267 1558; x_wconf 89' lang='lat' dir='ltr'>annum</span> <span class='ocrx_word' id='word_1_113' title='bbox 298 1499 378 1576; x_wconf 70' lang='grc'>639]</span> <span class='ocrx_word' id='word_1_114' title='bbox 385 1496 446 1556; x_wconf 87' lang='grc'>115</span> <span class='ocrx_word' id='word_1_115' title='bbox 479 1498 600 1573; x_wconf 85' lang='lat' dir='ltr'>praetor</span> <span class='ocrx_word' id='word_1_116' title='bbox 631 1498 697 1555; x_wconf 89' lang='lat' dir='ltr'>erat</span> <span class='ocrx_word' id='word_1_117' title='bbox 726 1495 756 1556; x_wconf 87' lang='grc'>0.</span> <span class='ocrx_word' id='word_1_118' title='bbox 782 1495 929 1556; x_wconf 80' lang='lat' dir='ltr'>caecilius</span> <span class='ocrx_word' id='word_1_119' title='bbox 960 1495 1098 1556; x_wconf 73' lang='lat' dir='ltr'>Metellus</span> <span class='ocrx_word' id='word_1_120' title='bbox 1130 1498 1305 1574; x_wconf 82' lang='lat' dir='ltr'>cognomine</span> 
     </span>
     <span class='ocr_line' id='line_1_14' title="bbox 157 1576 1307 1669; baseline -0.002 -21"><span class='ocrx_word' id='word_1_121' title='bbox 157 1587 317 1666; x_wconf 69' lang='lat' dir='ltr'>caprarius</span> <span class='ocrx_word' id='word_1_122' title='bbox 346 1579 391 1669; x_wconf 86' lang='lat' dir='ltr'>(P.</span> <span class='ocrx_word' id='word_1_123' title='bbox 406 1584 601 1645; x_wconf 85' lang='lat' dir='ltr'>Wehnnanni</span> <span class='ocrx_word' id='word_1_124' title='bbox 628 1586 700 1645; x_wconf 83' lang='lat' dir='ltr'>fasti</span> <span class='ocrx_word' id='word_1_125' title='bbox 727 1584 872 1662; x_wconf 85' lang='lat' dir='ltr'>praetorii</span> <span class='ocrx_word' id='word_1_126' title='bbox 899 1605 927 1662; x_wconf 90' lang='lat' dir='ltr'>p.</span> <span class='ocrx_word' id='word_1_127' title='bbox 943 1576 1000 1668; x_wconf 89' lang='grc'>14)</span> <span class='ocrx_word' id='word_1_128' title='bbox 1030 1587 1082 1662; x_wconf 92' lang='lat' dir='ltr'>qui</span> <span class='ocrx_word' id='word_1_129' title='bbox 1111 1585 1214 1646; x_wconf 89' lang='lat' dir='ltr'>consul</span> <span class='ocrx_word' id='word_1_130' title='bbox 1240 1589 1307 1646; x_wconf 88' lang='lat' dir='ltr'>erat</span> 
     </span>
     <span class='ocr_line' id='line_1_15' title="bbox 157 1673 1305 1759; baseline -0.003 -21"><span class='ocrx_word' id='word_1_131' title='bbox 157 1673 314 1759; x_wconf 73' lang='lat' dir='ltr'>641s113.</span> <span class='ocrx_word' id='word_1_132' title='bbox 361 1675 420 1746; x_wconf 85' lang='lat' dir='ltr'>Qui</span> <span class='ocrx_word' id='word_1_133' title='bbox 446 1674 563 1734; x_wconf 86' lang='lat' dir='ltr'>Lucilio</span> <span class='ocrx_word' id='word_1_134' title='bbox 591 1677 680 1734; x_wconf 86' lang='lat' dir='ltr'>notus</span> <span class='ocrx_word' id='word_1_135' title='bbox 702 1677 769 1734; x_wconf 86' lang='lat' dir='ltr'>erat</span> <span class='ocrx_word' id='word_1_136' title='bbox 789 1673 871 1750; x_wconf 82' lang='lat' dir='ltr'>ideo,</span> <span class='ocrx_word' id='word_1_137' title='bbox 898 1674 977 1751; x_wconf 91' lang='lat' dir='ltr'>quod</span> <span class='ocrx_word' id='word_1_138' title='bbox 1006 1674 1086 1752; x_wconf 87' lang='lat' dir='ltr'>apud</span> <span class='ocrx_word' id='word_1_139' title='bbox 1107 1674 1305 1735; x_wconf 75' lang='lat' dir='ltr'>Numantiam</span> 
     </span>
     <span class='ocr_line' id='line_1_16' title="bbox 155 1763 1305 1843; baseline -0.002 -17"><span class='ocrx_word' id='word_1_140' title='bbox 155 1767 228 1827; x_wconf 84' lang='lat' dir='ltr'>item</span> <span class='ocrx_word' id='word_1_141' title='bbox 258 1765 408 1843; x_wconf 81' lang='lat' dir='ltr'>stipendia</span> <span class='ocrx_word' id='word_1_142' title='bbox 439 1768 588 1825; x_wconf 87' lang='lat' dir='ltr'>meruerat</span> <span class='ocrx_word' id='word_1_143' title='bbox 614 1763 706 1824; x_wconf 87' lang='lat' dir='ltr'>ductu</span> <span class='ocrx_word' id='word_1_144' title='bbox 735 1765 928 1841; x_wconf 89' lang='lat' dir='ltr'>auspicioque</span> <span class='ocrx_word' id='word_1_145' title='bbox 958 1764 1119 1840; x_wconf 80' lang='lat' dir='ltr'>Scipionis,</span> <span class='ocrx_word' id='word_1_146' title='bbox 1151 1767 1204 1842; x_wconf 91' lang='lat' dir='ltr'>qui</span> <span class='ocrx_word' id='word_1_147' title='bbox 1236 1784 1305 1825; x_wconf 86' lang='lat' dir='ltr'>eum</span> 
     </span>
     <span class='ocr_line' id='line_1_17' title="bbox 154 1846 1305 1935; baseline -0.001 -19"><span class='ocrx_word' id='word_1_148' title='bbox 154 1857 243 1917; x_wconf 86' lang='lat' dir='ltr'>ualde</span> <span class='ocrx_word' id='word_1_149' title='bbox 275 1855 372 1916; x_wconf 88' lang='lat' dir='ltr'>odisse</span> <span class='ocrx_word' id='word_1_150' title='bbox 402 1854 524 1915; x_wconf 87' lang='lat' dir='ltr'>uidetur</span> <span class='ocrx_word' id='word_1_151' title='bbox 550 1854 640 1915; x_wconf 88' lang='lat' dir='ltr'>sicuti</span> <span class='ocrx_word' id='word_1_152' title='bbox 666 1857 763 1914; x_wconf 81' lang='lat' dir='ltr'>totam</span> <span class='ocrx_word' id='word_1_153' title='bbox 790 1853 853 1914; x_wconf 83' lang='lat' dir='ltr'>eius</span> <span class='ocrx_word' id='word_1_154' title='bbox 880 1852 1028 1914; x_wconf 85' lang='lat' dir='ltr'>familiam</span> <span class='ocrx_word' id='word_1_155' title='bbox 1055 1846 1129 1935; x_wconf 77' lang='lat' dir='ltr'>(cic.</span> <span class='ocrx_word' id='word_1_156' title='bbox 1149 1854 1185 1915; x_wconf 91' lang='lat' dir='ltr'>de</span> <span class='ocrx_word' id='word_1_157' title='bbox 1213 1873 1254 1914; x_wconf 88' lang='lat' dir='ltr'>or.</span> <span class='ocrx_word' id='word_1_158' title='bbox 1273 1855 1305 1915; x_wconf 89' lang='lat' dir='ltr'><strong>H</strong></span> 
     </span>
     <span class='ocr_line' id='line_1_18' title="bbox 157 1938 1305 2027; baseline -0.001 -22"><span class='ocrx_word' id='word_1_159' title='bbox 157 1938 245 2027; x_wconf 79' lang='grc'><strong>267).</strong></span> <span class='ocrx_word' id='word_1_160' title='bbox 297 1943 434 2022; x_wconf 77' lang='lat' dir='ltr'>caprarii</span> <span class='ocrx_word' id='word_1_161' title='bbox 460 1943 636 2023; x_wconf 80' lang='lat' dir='ltr'>cognomino</span> <span class='ocrx_word' id='word_1_162' title='bbox 662 1943 753 2005; x_wconf 91' lang='lat' dir='ltr'>homo</span> <span class='ocrx_word' id='word_1_163' title='bbox 780 1943 890 2004; x_wconf 82' lang='lat' dir='ltr'>nobilis</span> <span class='ocrx_word' id='word_1_164' title='bbox 917 1962 976 2003; x_wconf 91' lang='lat' dir='ltr'>non</span> <span class='ocrx_word' id='word_1_165' title='bbox 1008 1946 1127 2020; x_wconf 86' lang='lat' dir='ltr'>poterat</span> <span class='ocrx_word' id='word_1_166' title='bbox 1159 1944 1305 2022; x_wconf 88' lang='lat' dir='ltr'>appellari</span> 
     </span>
     <span class='ocr_line' id='line_1_19' title="bbox 154 2027 1305 2114; baseline -0.003 -17"><span class='ocrx_word' id='word_1_167' title='bbox 154 2035 213 2097; x_wconf 82' lang='lat' dir='ltr'>nisi</span> <span class='ocrx_word' id='word_1_168' title='bbox 236 2039 302 2096; x_wconf 88' lang='lat' dir='ltr'>erat</span> <span class='ocrx_word' id='word_1_169' title='bbox 324 2037 454 2095; x_wconf 88' lang='lat' dir='ltr'>rusticus</span> <span class='ocrx_word' id='word_1_170' title='bbox 478 2037 509 2094; x_wconf 93' lang='lat' dir='ltr'>et</span> <span class='ocrx_word' id='word_1_171' title='bbox 532 2033 653 2114; x_wconf 75' lang='lat' dir='ltr'>pinguis</span> <span class='ocrx_word' id='word_1_172' title='bbox 672 2052 760 2111; x_wconf 89' lang='lat' dir='ltr'>quem</span> <span class='ocrx_word' id='word_1_173' title='bbox 779 2034 863 2095; x_wconf 86' lang='lat' dir='ltr'>asino</span> <span class='ocrx_word' id='word_1_174' title='bbox 881 2032 1050 2110; x_wconf 85' lang='lat' dir='ltr'>proximum</span> <span class='ocrx_word' id='word_1_175' title='bbox 1069 2027 1170 2111; x_wconf 86' lang='lat' dir='ltr'>Scipio</span> <span class='ocrx_word' id='word_1_176' title='bbox 1189 2032 1305 2094; x_wconf 77' lang='lat' dir='ltr'>dixemt</span> 
     </span>
     <span class='ocr_line' id='line_1_20' title="bbox 154 2115 1305 2205; baseline -0.003 -19"><span class='ocrx_word' id='word_1_177' title='bbox 154 2125 343 2186; x_wconf 85' lang='lat' dir='ltr'>stomachans</span> <span class='ocrx_word' id='word_1_178' title='bbox 371 2115 446 2205; x_wconf 77' lang='lat' dir='ltr'>(Cic.</span> <span class='ocrx_word' id='word_1_179' title='bbox 460 2124 479 2182; x_wconf 96' lang='lat' dir='ltr'>l.</span> <span class='ocrx_word' id='word_1_180' title='bbox 495 2115 541 2205; x_wconf 82' lang='lat' dir='ltr'>a).</span> <span class='ocrx_word' id='word_1_181' title='bbox 585 2124 693 2203; x_wconf 83' lang='lat' dir='ltr'>Itaque</span> <span class='ocrx_word' id='word_1_182' title='bbox 724 2124 828 2184; x_wconf 81' lang='lat' dir='ltr'>insert</span> <span class='ocrx_word' id='word_1_183' title='bbox 852 2143 880 2182; x_wconf 91' lang='lat' dir='ltr'>u.</span> <span class='ocrx_word' id='word_1_184' title='bbox 902 2124 988 2184; x_wconf 85' lang='grc'><strong>1130</strong></span> <span class='ocrx_word' id='word_1_185' title='bbox 1017 2117 1157 2184; x_wconf 81' lang='lat' dir='ltr'>‘Oecilius</span> <span class='ocrx_word' id='word_1_186' title='bbox 1183 2126 1305 2200; x_wconf 87' lang='lat' dir='ltr'>praetor</span> 
     </span>
     <span class='ocr_line' id='line_1_21' title="bbox 154 2208 1304 2292; baseline -0.001 -18"><span class='ocrx_word' id='word_1_187' title='bbox 154 2234 191 2274; x_wconf 94' lang='lat' dir='ltr'>ne</span> <span class='ocrx_word' id='word_1_188' title='bbox 222 2215 351 2275; x_wconf 79' lang='lat' dir='ltr'>misticus</span> <span class='ocrx_word' id='word_1_189' title='bbox 383 2208 447 2272; x_wconf 89' lang='lat' dir='ltr'>fiat&#39;</span> <span class='ocrx_word' id='word_1_190' title='bbox 481 2212 520 2272; x_wconf 88' lang='lat' dir='ltr'>ad</span> <span class='ocrx_word' id='word_1_191' title='bbox 545 2213 624 2274; x_wconf 87' lang='lat' dir='ltr'>hunc</span> <span class='ocrx_word' id='word_1_192' title='bbox 651 2214 749 2292; x_wconf 91' lang='lat' dir='ltr'>ipsum</span> <span class='ocrx_word' id='word_1_193' title='bbox 778 2212 954 2290; x_wconf 84' lang='lat' dir='ltr'>Oaprarium</span> <span class='ocrx_word' id='word_1_194' title='bbox 986 2212 1126 2272; x_wconf 89' lang='lat' dir='ltr'>uidentur</span> <span class='ocrx_word' id='word_1_195' title='bbox 1154 2215 1304 2291; x_wconf 86' lang='lat' dir='ltr'>pertinere</span> 
     </span>
     <span class='ocr_line' id='line_1_22' title="bbox 154 2301 1304 2381; baseline 0 -17"><span class='ocrx_word' id='word_1_196' title='bbox 154 2303 290 2381; x_wconf 85' lang='lat' dir='ltr'>libroque</span> <span class='ocrx_word' id='word_1_197' title='bbox 317 2303 345 2360; x_wconf 91' lang='lat' dir='ltr'>V</span> <span class='ocrx_word' id='word_1_198' title='bbox 377 2301 483 2362; x_wconf 87' lang='lat' dir='ltr'>debere</span> <span class='ocrx_word' id='word_1_199' title='bbox 509 2302 609 2375; x_wconf 81' lang='lat' dir='ltr'>inseri.</span> <span class='ocrx_word' id='word_1_200' title='bbox 661 2303 725 2373; x_wconf 85' lang='lat' dir='ltr'>Quo</span> <span class='ocrx_word' id='word_1_201' title='bbox 756 2303 833 2363; x_wconf 90' lang='lat' dir='ltr'>libro</span> <span class='ocrx_word' id='word_1_202' title='bbox 865 2303 891 2364; x_wconf 86' lang='lat' dir='ltr'>si</span> <span class='ocrx_word' id='word_1_203' title='bbox 918 2322 954 2364; x_wconf 90' lang='lat' dir='ltr'>ea</span> <span class='ocrx_word' id='word_1_204' title='bbox 980 2303 1194 2378; x_wconf 83' lang='lat' dir='ltr'>narrabantur,</span> <span class='ocrx_word' id='word_1_205' title='bbox 1227 2322 1304 2380; x_wconf 86' lang='lat' dir='ltr'>quae</span> 
     </span>
     <span class='ocr_line' id='line_1_23' title="bbox 153 2390 1302 2471; baseline -0.001 -18"><span class='ocrx_word' id='word_1_206' title='bbox 153 2393 241 2455; x_wconf 94' lang='lat' dir='ltr'>modo</span> <span class='ocrx_word' id='word_1_207' title='bbox 265 2396 352 2454; x_wconf 86' lang='lat' dir='ltr'>erant</span> <span class='ocrx_word' id='word_1_208' title='bbox 375 2394 460 2471; x_wconf 82' lang='lat' dir='ltr'>gesta</span> <span class='ocrx_word' id='word_1_209' title='bbox 482 2391 572 2468; x_wconf 86' lang='lat' dir='ltr'>paulo</span> <span class='ocrx_word' id='word_1_210' title='bbox 595 2395 754 2469; x_wconf 84' lang='lat' dir='ltr'>postquam</span> <span class='ocrx_word' id='word_1_211' title='bbox 776 2394 898 2468; x_wconf 85' lang='lat' dir='ltr'>praetor</span> <span class='ocrx_word' id='word_1_212' title='bbox 915 2393 1089 2470; x_wconf 82' lang='lat' dir='ltr'>designatus</span> <span class='ocrx_word' id='word_1_213' title='bbox 1109 2394 1174 2452; x_wconf 86' lang='lat' dir='ltr'>erat</span> <span class='ocrx_word' id='word_1_214' title='bbox 1193 2390 1302 2470; x_wconf 81' lang='lat' dir='ltr'>(lapra-</span> 
     </span>
     <span class='ocr_line' id='line_1_24' title="bbox 153 2475 1180 2561; baseline -0.002 -18"><span class='ocrx_word' id='word_1_215' title='bbox 153 2486 225 2560; x_wconf 89' lang='lat' dir='ltr'>rius,</span> <span class='ocrx_word' id='word_1_216' title='bbox 248 2502 327 2543; x_wconf 91' lang='lat' dir='ltr'>anno</span> <span class='ocrx_word' id='word_1_217' title='bbox 350 2483 411 2543; x_wconf 84' lang='lat' dir='ltr'>fere</span> <span class='ocrx_word' id='word_1_218' title='bbox 435 2481 499 2541; x_wconf 88' lang='grc'>638</span> <span class='ocrx_word' id='word_1_219' title='bbox 505 2475 586 2561; x_wconf 64' lang='grc' dir='ltr'><strong>ῥ118</strong></span> <span class='ocrx_word' id='word_1_220' title='bbox 611 2500 679 2540; x_wconf 87' lang='lat' dir='ltr'>eum</span> <span class='ocrx_word' id='word_1_221' title='bbox 702 2481 899 2558; x_wconf 83' lang='lat' dir='ltr'>compositum</span> <span class='ocrx_word' id='word_1_222' title='bbox 921 2499 984 2543; x_wconf 84' lang='lat' dir='ltr'>esse</span> <span class='ocrx_word' id='word_1_223' title='bbox 1007 2484 1180 2542; x_wconf 83' lang='lat' dir='ltr'>statuemus.</span> 
     </span>
    </p>

    <p class='ocr_par' dir='ltr' id='par_1_4' title="bbox 150 2564 1303 4257">
     <span class='ocr_line' id='line_1_25' title="bbox 243 2564 1303 2648; baseline -0.001 -16"><span class='ocrx_word' id='word_1_224' title='bbox 243 2564 327 2634; x_wconf 80' lang='lat'>212.</span> <span class='ocrx_word' id='word_1_225' title='bbox 344 2570 461 2632; x_wconf 88' lang='lat' dir='ltr'>Nonius</span> <span class='ocrx_word' id='word_1_226' title='bbox 475 2590 503 2648; x_wconf 89' lang='lat' dir='ltr'>p.</span> <span class='ocrx_word' id='word_1_227' title='bbox 520 2572 593 2646; x_wconf 82' lang='lat'>158,</span> <span class='ocrx_word' id='word_1_228' title='bbox 613 2571 654 2631; x_wconf 81' lang='lat'>33</span> <span class='ocrx_word' id='word_1_229' title='bbox 675 2566 779 2630; x_wconf 79' lang='lat' dir='ltr'>‘Pecus</span> <span class='ocrx_word' id='word_1_230' title='bbox 801 2589 861 2630; x_wconf 93' lang='lat' dir='ltr'>non</span> <span class='ocrx_word' id='word_1_231' title='bbox 880 2572 976 2631; x_wconf 89' lang='lat' dir='ltr'>solum</span> <span class='ocrx_word' id='word_1_232' title='bbox 994 2571 1163 2648; x_wconf 80' lang='lat' dir='ltr'>quadrupes</span> <span class='ocrx_word' id='word_1_233' title='bbox 1182 2572 1303 2646; x_wconf 78' lang='lat' dir='ltr'>animal,</span> 
     </span>
     <span class='ocr_line' id='line_1_26' title="bbox 154 2658 1303 2737; baseline -0.004 -14"><span class='ocrx_word' id='word_1_234' title='bbox 154 2682 258 2723; x_wconf 89' lang='lat' dir='ltr'>uerum</span> <span class='ocrx_word' id='word_1_235' title='bbox 280 2663 381 2722; x_wconf 86' lang='lat' dir='ltr'>omnia</span> <span class='ocrx_word' id='word_1_236' title='bbox 403 2658 547 2720; x_wconf 89' lang='lat' dir='ltr'>animalia</span> <span class='ocrx_word' id='word_1_237' title='bbox 573 2660 701 2736; x_wconf 86' lang='lat' dir='ltr'>pecudes</span> <span class='ocrx_word' id='word_1_238' title='bbox 729 2659 877 2720; x_wconf 87' lang='lat' dir='ltr'>dicuntur.</span> <span class='ocrx_word' id='word_1_239' title='bbox 897 2706 903 2718; x_wconf 94' lang='lat'>.</span> <span class='ocrx_word' id='word_1_240' title='bbox 920 2706 948 2718; x_wconf 94' lang='lat'>..</span> <span class='ocrx_word' id='word_1_241' title='bbox 976 2660 1110 2720; x_wconf 84' lang='lat' dir='ltr'>Lucilius</span> <span class='ocrx_word' id='word_1_242' title='bbox 1132 2663 1303 2737; x_wconf 81' lang='lat' dir='ltr'>satyrumm</span> 
     </span>
     <span class='ocr_line' id='line_1_27' title="bbox 152 2743 1302 2827; baseline -0.004 -14"><span class='ocrx_word' id='word_1_243' title='bbox 152 2753 203 2813; x_wconf 93' lang='lat' dir='ltr'>lib.</span> <span class='ocrx_word' id='word_1_244' title='bbox 217 2750 247 2809; x_wconf 88' lang='lat' dir='ltr'><strong>V</strong></span> <span class='ocrx_word' id='word_1_245' title='bbox 266 2747 428 2811; x_wconf 80' lang='lat' dir='ltr'>“lasciuire</span> <span class='ocrx_word' id='word_1_246' title='bbox 446 2767 535 2826; x_wconf 88' lang='lat' dir='ltr'>pecus</span> <span class='ocrx_word' id='word_1_247' title='bbox 553 2751 778 2825; x_wconf 63' lang='lat' dir='ltr'>triumuirique</span> <span class='ocrx_word' id='word_1_248' title='bbox 795 2743 1006 2827; x_wconf 88' lang='lat' dir='ltr'>repandum”.&#39;</span> <span class='ocrx_word' id='word_1_249' title='bbox 1047 2748 1124 2808; x_wconf 84' lang='lat' dir='ltr'>Vide</span> <span class='ocrx_word' id='word_1_250' title='bbox 1143 2749 1182 2810; x_wconf 89' lang='lat' dir='ltr'>ad</span> <span class='ocrx_word' id='word_1_251' title='bbox 1199 2751 1302 2809; x_wconf 87' lang='lat' dir='ltr'>ineert.</span> 
     </span>
     <span class='ocr_line' id='line_1_28' title="bbox 153 2837 1302 2920; baseline -0.003 -19"><span class='ocrx_word' id='word_1_252' title='bbox 153 2843 293 2903; x_wconf 83' lang='grc' dir='ltr'><strong>ο.1903.</strong></span> <span class='ocrx_word' id='word_1_253' title='bbox 339 2840 400 2920; x_wconf 71' lang='lat' dir='ltr'>Agr</span> <span class='ocrx_word' id='word_1_254' title='bbox 427 2838 463 2899; x_wconf 90' lang='lat' dir='ltr'>de</span> <span class='ocrx_word' id='word_1_255' title='bbox 493 2838 641 2915; x_wconf 87' lang='lat' dir='ltr'>delphinis</span> <span class='ocrx_word' id='word_1_256' title='bbox 668 2839 880 2899; x_wconf 86' lang='lat' dir='ltr'>intellexerunt</span> <span class='ocrx_word' id='word_1_257' title='bbox 906 2837 952 2898; x_wconf 91' lang='lat' dir='ltr'>illi</span> <span class='ocrx_word' id='word_1_258' title='bbox 980 2839 1032 2915; x_wconf 92' lang='lat' dir='ltr'>qui</span> <span class='ocrx_word' id='word_1_259' title='bbox 1055 2856 1174 2899; x_wconf 86' lang='lat' dir='ltr'>uersum</span> <span class='ocrx_word' id='word_1_260' title='bbox 1204 2857 1302 2898; x_wconf 84' lang='lat' dir='ltr'>amen-</span> 
     </span>
     <span class='ocr_line' id='line_1_29' title="bbox 153 2919 1302 3010; baseline -0.002 -19"><span class='ocrx_word' id='word_1_261' title='bbox 153 2932 264 2991; x_wconf 87' lang='lat' dir='ltr'>darunt</span> <span class='ocrx_word' id='word_1_262' title='bbox 290 2931 433 3009; x_wconf 78' lang='lat' dir='ltr'>tan&#39;gique</span> <span class='ocrx_word' id='word_1_263' title='bbox 461 2928 586 2989; x_wconf 86' lang='lat' dir='ltr'>Pacuuii</span> <span class='ocrx_word' id='word_1_264' title='bbox 613 2946 732 2989; x_wconf 83' lang='lat' dir='ltr'>uersum</span> <span class='ocrx_word' id='word_1_265' title='bbox 760 2919 895 3010; x_wconf 78' lang='grc'><strong>(40811)</strong></span> <span class='ocrx_word' id='word_1_266' title='bbox 919 2923 1021 2988; x_wconf 76' lang='lat' dir='ltr'>‘Nerei</span> <span class='ocrx_word' id='word_1_267' title='bbox 1047 2928 1302 3006; x_wconf 84' lang='lat' dir='ltr'>repandirostrum</span> 
     </span>
     <span class='ocr_line' id='line_1_30' title="bbox 152 3011 1301 3101; baseline -0.006 -19"><span class='ocrx_word' id='word_1_268' title='bbox 152 3017 420 3081; x_wconf 78' lang='lat' dir='ltr'>ineunuoemic‘um</span> <span class='ocrx_word' id='word_1_269' title='bbox 449 3012 535 3101; x_wconf 83' lang='lat' dir='ltr'>(conl</span> <span class='ocrx_word' id='word_1_270' title='bbox 555 3017 889 3098; x_wconf 73' lang='grc' dir='ltr'>μακροκαμπυλαύχενες</span> <span class='ocrx_word' id='word_1_271' title='bbox 911 3017 1081 3096; x_wconf 78' lang='lat' dir='ltr'>Epicharin.</span> <span class='ocrx_word' id='word_1_272' title='bbox 1105 3019 1146 3077; x_wconf 88' lang='grc'>46</span> <span class='ocrx_word' id='word_1_273' title='bbox 1170 3011 1301 3100; x_wconf 86' lang='lat' dir='ltr'>Kaibol.)</span> 
     </span>
     <span class='ocr_line' id='line_1_31' title="bbox 152 3106 1302 3188; baseline -0.002 -18"><span class='ocrx_word' id='word_1_274' title='bbox 152 3106 263 3188; x_wconf 86' lang='lat' dir='ltr'>pecus’.</span> <span class='ocrx_word' id='word_1_275' title='bbox 318 3108 413 3169; x_wconf 85' lang='lat' dir='ltr'>Sicuti</span> <span class='ocrx_word' id='word_1_276' title='bbox 444 3108 704 3168; x_wconf 79' lang='lat' dir='ltr'>incert.u.1126</span> <span class='ocrx_word' id='word_1_277' title='bbox 745 3110 915 3168; x_wconf 87' lang='lat' dir='ltr'>transuerso</span> <span class='ocrx_word' id='word_1_278' title='bbox 946 3107 1050 3168; x_wconf 85' lang='lat' dir='ltr'>ordino</span> <span class='ocrx_word' id='word_1_279' title='bbox 1081 3107 1184 3185; x_wconf 88' lang='lat' dir='ltr'>posuit</span> <span class='ocrx_word' id='word_1_280' title='bbox 1214 3109 1302 3168; x_wconf 88' lang='lat' dir='ltr'>metri</span> 
     </span>
     <span class='ocr_line' id='line_1_32' title="bbox 152 3197 1302 3275; baseline -0.001 -17"><span class='ocrx_word' id='word_1_281' title='bbox 152 3201 328 3260; x_wconf 86' lang='lat' dir='ltr'>necessitate</span> <span class='ocrx_word' id='word_1_282' title='bbox 354 3200 473 3260; x_wconf 76' lang='lat' dir='ltr'>coactius</span> <span class='ocrx_word' id='word_1_283' title='bbox 501 3199 668 3274; x_wconf 79' lang='lat' dir='ltr'>camphippi</span> <span class='ocrx_word' id='word_1_284' title='bbox 694 3216 749 3275; x_wconf 91' lang='lat' dir='ltr'>pro</span> <span class='ocrx_word' id='word_1_285' title='bbox 775 3198 974 3273; x_wconf 72' lang='lat' dir='ltr'>tippoocnpi,</span> <span class='ocrx_word' id='word_1_286' title='bbox 1001 3198 1046 3259; x_wconf 90' lang='lat' dir='ltr'>ita</span> <span class='ocrx_word' id='word_1_287' title='bbox 1071 3197 1129 3258; x_wconf 91' lang='lat' dir='ltr'>hoc</span> <span class='ocrx_word' id='word_1_288' title='bbox 1154 3198 1220 3259; x_wconf 89' lang='lat' dir='ltr'>loco</span> <span class='ocrx_word' id='word_1_289' title='bbox 1248 3217 1302 3273; x_wconf 90' lang='lat' dir='ltr'>per</span> 
     </span>
     <span class='ocr_line' id='line_1_33' title="bbox 151 3286 1301 3366; baseline -0.002 -18"><span class='ocrx_word' id='word_1_290' title='bbox 151 3292 250 3350; x_wconf 87' lang='lat' dir='ltr'>iocum</span> <span class='ocrx_word' id='word_1_291' title='bbox 271 3289 362 3350; x_wconf 88' lang='lat' dir='ltr'>rostri</span> <span class='ocrx_word' id='word_1_292' title='bbox 379 3286 543 3364; x_wconf 84' lang='lat' dir='ltr'>repandum</span> <span class='ocrx_word' id='word_1_293' title='bbox 561 3308 616 3366; x_wconf 88' lang='lat' dir='ltr'>pro</span> <span class='ocrx_word' id='word_1_294' title='bbox 635 3288 898 3366; x_wconf 78' lang='lat' dir='ltr'>repandirostrunu</span> <span class='ocrx_word' id='word_1_295' title='bbox 939 3287 1184 3364; x_wconf 83' lang='lat' dir='ltr'>Repandinasum</span> <span class='ocrx_word' id='word_1_296' title='bbox 1200 3290 1301 3346; x_wconf 88' lang='lat' dir='ltr'>utrum</span> 
     </span>
     <span class='ocr_line' id='line_1_34' title="bbox 151 3376 1302 3455; baseline -0.003 -16"><span class='ocrx_word' id='word_1_297' title='bbox 151 3378 285 3439; x_wconf 80' lang='lat' dir='ltr'>Lucilius</span> <span class='ocrx_word' id='word_1_298' title='bbox 312 3379 376 3455; x_wconf 85' lang='lat' dir='ltr'>ipse</span> <span class='ocrx_word' id='word_1_299' title='bbox 402 3376 521 3436; x_wconf 86' lang='lat' dir='ltr'>finxerit</span> <span class='ocrx_word' id='word_1_300' title='bbox 547 3377 671 3437; x_wconf 85' lang='lat' dir='ltr'>Pacuuii</span> <span class='ocrx_word' id='word_1_301' title='bbox 697 3397 751 3454; x_wconf 88' lang='lat' dir='ltr'>per</span> <span class='ocrx_word' id='word_1_302' title='bbox 777 3379 876 3437; x_wconf 87' lang='lat' dir='ltr'>iocum</span> <span class='ocrx_word' id='word_1_303' title='bbox 905 3379 1052 3453; x_wconf 86' lang='lat' dir='ltr'>aemulus,</span> <span class='ocrx_word' id='word_1_304' title='bbox 1082 3395 1121 3436; x_wconf 93' lang='lat' dir='ltr'>an</span> <span class='ocrx_word' id='word_1_305' title='bbox 1148 3377 1233 3437; x_wconf 87' lang='lat' dir='ltr'>Accii</span> <span class='ocrx_word' id='word_1_306' title='bbox 1261 3377 1302 3437; x_wconf 87' lang='lat' dir='ltr'>sit</span> 
     </span>
     <span class='ocr_line' id='line_1_35' title="bbox 153 3466 1301 3546; baseline -0.001 -18"><span class='ocrx_word' id='word_1_307' title='bbox 153 3468 268 3528; x_wconf 86' lang='lat' dir='ltr'>aliusue</span> <span class='ocrx_word' id='word_1_308' title='bbox 299 3469 419 3545; x_wconf 87' lang='lat' dir='ltr'>poetae,</span> <span class='ocrx_word' id='word_1_309' title='bbox 448 3467 595 3526; x_wconf 84' lang='lat' dir='ltr'>incertum</span> <span class='ocrx_word' id='word_1_310' title='bbox 628 3470 679 3528; x_wconf 88' lang='lat' dir='ltr'>est.</span> <span class='ocrx_word' id='word_1_311' title='bbox 734 3468 846 3546; x_wconf 79' lang='lat' dir='ltr'>Agitur</span> <span class='ocrx_word' id='word_1_312' title='bbox 877 3466 914 3527; x_wconf 84' lang='lat' dir='ltr'>do</span> <span class='ocrx_word' id='word_1_313' title='bbox 946 3466 1094 3545; x_wconf 87' lang='lat' dir='ltr'>delphinis</span> <span class='ocrx_word' id='word_1_314' title='bbox 1126 3467 1177 3543; x_wconf 90' lang='lat' dir='ltr'>qui</span> <span class='ocrx_word' id='word_1_315' title='bbox 1210 3485 1301 3527; x_wconf 88' lang='lat' dir='ltr'>naues</span> 
     </span>
     <span class='ocr_line' id='line_1_36' title="bbox 153 3555 1301 3633; baseline -0.003 -15"><span class='ocrx_word' id='word_1_316' title='bbox 153 3556 332 3618; x_wconf 85' lang='lat' dir='ltr'>Graecorum</span> <span class='ocrx_word' id='word_1_317' title='bbox 355 3555 447 3617; x_wconf 88' lang='lat' dir='ltr'>Troia</span> <span class='ocrx_word' id='word_1_318' title='bbox 468 3555 654 3616; x_wconf 80' lang='lat' dir='ltr'>redeuntium</span> <span class='ocrx_word' id='word_1_319' title='bbox 683 3557 864 3616; x_wconf 80' lang='lat' dir='ltr'>comitantur</span> <span class='ocrx_word' id='word_1_320' title='bbox 891 3556 1043 3616; x_wconf 84' lang='lat' dir='ltr'>ludentes:</span> <span class='ocrx_word' id='word_1_321' title='bbox 1073 3556 1125 3633; x_wconf 92' lang='lat' dir='ltr'>qui</span> <span class='ocrx_word' id='word_1_322' title='bbox 1147 3556 1229 3616; x_wconf 88' lang='lat' dir='ltr'>locus</span> <span class='ocrx_word' id='word_1_323' title='bbox 1252 3557 1301 3615; x_wconf 91' lang='lat' dir='ltr'>nel</span> 
     </span>
     <span class='ocr_line' id='line_1_37' title="bbox 152 3643 1301 3722; baseline -0.003 -16"><span class='ocrx_word' id='word_1_324' title='bbox 152 3649 184 3706; x_wconf 92' lang='lat' dir='ltr'>in</span> <span class='ocrx_word' id='word_1_325' title='bbox 211 3647 339 3707; x_wconf 78' lang='lat' dir='ltr'>Heronio</span> <span class='ocrx_word' id='word_1_326' title='bbox 365 3645 560 3704; x_wconf 84' lang='lat' dir='ltr'>Alexandrini</span> <span class='ocrx_word' id='word_1_327' title='bbox 588 3648 749 3707; x_wconf 88' lang='lat' dir='ltr'>autometis</span> <span class='ocrx_word' id='word_1_328' title='bbox 776 3666 805 3722; x_wconf 91' lang='lat' dir='ltr'>p.</span> <span class='ocrx_word' id='word_1_329' title='bbox 821 3647 885 3705; x_wconf 91' lang='lat'>414</span> <span class='ocrx_word' id='word_1_330' title='bbox 910 3645 953 3706; x_wconf 90' lang='lat' dir='ltr'>ed.</span> <span class='ocrx_word' id='word_1_331' title='bbox 974 3644 1114 3705; x_wconf 78' lang='lat' dir='ltr'>Guilelmi</span> <span class='ocrx_word' id='word_1_332' title='bbox 1143 3643 1301 3704; x_wconf 84' lang='lat' dir='ltr'>Schmidtii</span> 
     </span>
     <span class='ocr_line' id='line_1_38' title="bbox 152 3733 1300 3814; baseline -0.003 -19"><span class='ocrx_word' id='word_1_333' title='bbox 152 3736 232 3814; x_wconf 86' lang='lat' dir='ltr'>Lips.</span> <span class='ocrx_word' id='word_1_334' title='bbox 250 3737 334 3796; x_wconf 89' lang='grc'><strong>1899</strong></span> <span class='ocrx_word' id='word_1_335' title='bbox 354 3756 382 3812; x_wconf 92' lang='lat' dir='ltr'>p.</span> <span class='ocrx_word' id='word_1_336' title='bbox 398 3736 477 3809; x_wconf 87' lang='lat'>414,</span> <span class='ocrx_word' id='word_1_337' title='bbox 501 3736 520 3794; x_wconf 87' lang='grc'><strong>9</strong></span> <span class='ocrx_word' id='word_1_338' title='bbox 540 3754 620 3812; x_wconf 84' lang='lat' dir='ltr'>seqq.</span> <span class='ocrx_word' id='word_1_339' title='bbox 653 3737 744 3796; x_wconf 89' lang='lat' dir='ltr'>tertio</span> <span class='ocrx_word' id='word_1_340' title='bbox 777 3739 845 3796; x_wconf 89' lang='lat' dir='ltr'>actu</span> <span class='ocrx_word' id='word_1_341' title='bbox 876 3736 1054 3811; x_wconf 86' lang='lat' dir='ltr'>pantomimi</span> <span class='ocrx_word' id='word_1_342' title='bbox 1085 3733 1209 3812; x_wconf 85' lang='lat' dir='ltr'>Nauplii</span> <span class='ocrx_word' id='word_1_343' title='bbox 1241 3752 1300 3792; x_wconf 90' lang='lat' dir='ltr'>non</span> 
     </span>
     <span class='ocr_line' id='line_1_39' title="bbox 151 3821 1302 3903; baseline -0.002 -18"><span class='ocrx_word' id='word_1_344' title='bbox 151 3829 217 3885; x_wconf 88' lang='lat' dir='ltr'>erat</span> <span class='ocrx_word' id='word_1_345' title='bbox 239 3826 399 3903; x_wconf 82' lang='lat' dir='ltr'>neglectus.</span> <span class='ocrx_word' id='word_1_346' title='bbox 441 3823 485 3883; x_wconf 88' lang='lat' dir='ltr'>De</span> <span class='ocrx_word' id='word_1_347' title='bbox 503 3823 621 3884; x_wconf 89' lang='lat' dir='ltr'>Latinis</span> <span class='ocrx_word' id='word_1_348' title='bbox 639 3824 708 3884; x_wconf 89' lang='lat' dir='ltr'>uide</span> <span class='ocrx_word' id='word_1_349' title='bbox 726 3824 791 3884; x_wconf 89' lang='lat' dir='ltr'>Liu.</span> <span class='ocrx_word' id='word_1_350' title='bbox 810 3824 903 3883; x_wconf 89' lang='lat' dir='ltr'>Andr.</span> <span class='ocrx_word' id='word_1_351' title='bbox 922 3824 1056 3902; x_wconf 79' lang='lat' dir='ltr'>Aegisth.</span> <span class='ocrx_word' id='word_1_352' title='bbox 1077 3823 1146 3883; x_wconf 76' lang='grc'><strong>511.</strong></span> <span class='ocrx_word' id='word_1_353' title='bbox 1189 3821 1302 3883; x_wconf 85' lang='lat' dir='ltr'>Seneca</span> 
     </span>
     <span class='ocr_line' id='line_1_40' title="bbox 151 3909 1299 3993; baseline 0 -20"><span class='ocrx_word' id='word_1_354' title='bbox 151 3916 257 3993; x_wconf 81' lang='lat' dir='ltr'>Agam.</span> <span class='ocrx_word' id='word_1_355' title='bbox 283 3916 346 3974; x_wconf 87' lang='grc'>449</span> <span class='ocrx_word' id='word_1_356' title='bbox 367 3932 447 3990; x_wconf 89' lang='lat' dir='ltr'>seqq.</span> <span class='ocrx_word' id='word_1_357' title='bbox 488 3912 592 3973; x_wconf 88' lang='lat' dir='ltr'>Panda</span> <span class='ocrx_word' id='word_1_358' title='bbox 610 3916 691 3974; x_wconf 86' lang='lat' dir='ltr'>uaris</span> <span class='ocrx_word' id='word_1_359' title='bbox 714 3914 846 3990; x_wconf 86' lang='lat' dir='ltr'>delphini</span> <span class='ocrx_word' id='word_1_360' title='bbox 868 3913 978 3973; x_wconf 87' lang='lat' dir='ltr'>dicitur</span> <span class='ocrx_word' id='word_1_361' title='bbox 996 3913 1033 3973; x_wconf 92' lang='lat' dir='ltr'>ab</span> <span class='ocrx_word' id='word_1_362' title='bbox 1053 3909 1161 3972; x_wconf 89' lang='lat' dir='ltr'>Ouidio</span> <span class='ocrx_word' id='word_1_363' title='bbox 1180 3914 1299 3974; x_wconf 88' lang='lat' dir='ltr'>metam.</span> 
     </span>
     <span class='ocr_line' id='line_1_41' title="bbox 151 4000 1300 4082; baseline -0.003 -18"><span class='ocrx_word' id='word_1_364' title='bbox 151 4004 198 4064; x_wconf 88' lang='grc' dir='ltr'>ΙΠ</span> <span class='ocrx_word' id='word_1_365' title='bbox 218 4007 292 4079; x_wconf 87' lang='grc'><strong>674,</strong></span> <span class='ocrx_word' id='word_1_366' title='bbox 311 4002 443 4082; x_wconf 91' lang='lat' dir='ltr'>pandum</span> <span class='ocrx_word' id='word_1_367' title='bbox 461 4002 580 4063; x_wconf 87' lang='lat' dir='ltr'>dorsum</span> <span class='ocrx_word' id='word_1_368' title='bbox 599 4023 618 4063; x_wconf 91' lang='lat' dir='ltr'>a</span> <span class='ocrx_word' id='word_1_369' title='bbox 637 4002 748 4064; x_wconf 83' lang='lat' dir='ltr'>Seneca</span> <span class='ocrx_word' id='word_1_370' title='bbox 770 4004 790 4063; x_wconf 91' lang='lat'>1.</span> <span class='ocrx_word' id='word_1_371' title='bbox 805 4021 828 4062; x_wconf 87' lang='lat' dir='ltr'>e.</span> <span class='ocrx_word' id='word_1_372' title='bbox 843 4022 865 4062; x_wconf 86' lang='lat' dir='ltr'>s.</span> <span class='ocrx_word' id='word_1_373' title='bbox 885 4004 960 4079; x_wconf 89' lang='grc'><strong>450,</strong></span> <span class='ocrx_word' id='word_1_374' title='bbox 982 4003 1120 4063; x_wconf 83' lang='lat' dir='ltr'>lasciuire</span> <span class='ocrx_word' id='word_1_375' title='bbox 1143 4000 1300 4077; x_wconf 90' lang='lat' dir='ltr'>delphinos</span> 
     </span>
     <span class='ocr_line' id='line_1_42' title="bbox 150 4085 1300 4170; baseline -0.003 -17"><span class='ocrx_word' id='word_1_376' title='bbox 150 4095 265 4170; x_wconf 81' lang='lat' dir='ltr'>primus</span> <span class='ocrx_word' id='word_1_377' title='bbox 304 4093 421 4152; x_wconf 62' lang='lat' dir='ltr'>dirum</span> <span class='ocrx_word' id='word_1_378' title='bbox 450 4091 555 4153; x_wconf 90' lang='lat' dir='ltr'>Liuius</span> <span class='ocrx_word' id='word_1_379' title='bbox 586 4094 607 4153; x_wconf 91' lang='lat'>1.</span> <span class='ocrx_word' id='word_1_380' title='bbox 626 4111 647 4153; x_wconf 88' lang='lat' dir='ltr'>s.</span> <span class='ocrx_word' id='word_1_381' title='bbox 667 4111 689 4154; x_wconf 89' lang='lat' dir='ltr'>s.</span> <span class='ocrx_word' id='word_1_382' title='bbox 723 4089 881 4155; x_wconf 84' lang='lat' dir='ltr'>‘lasciuum</span> <span class='ocrx_word' id='word_1_383' title='bbox 912 4093 1002 4152; x_wconf 88' lang='lat' dir='ltr'>Nerei</span> <span class='ocrx_word' id='word_1_384' title='bbox 1043 4092 1152 4152; x_wconf 88' lang='lat' dir='ltr'>simum</span> <span class='ocrx_word' id='word_1_385' title='bbox 1188 4085 1300 4169; x_wconf 89' lang='lat' dir='ltr'>pecus’,</span> 
     </span>
     <span class='ocr_line' id='line_1_43' title="bbox 150 4178 1298 4257; baseline -0.003 -15"><span class='ocrx_word' id='word_1_386' title='bbox 150 4186 216 4243; x_wconf 90' lang='lat' dir='ltr'>tum</span> <span class='ocrx_word' id='word_1_387' title='bbox 236 4182 349 4244; x_wconf 85' lang='lat' dir='ltr'>Seneca</span> <span class='ocrx_word' id='word_1_388' title='bbox 365 4183 385 4242; x_wconf 92' lang='lat' dir='ltr'>l.</span> <span class='ocrx_word' id='word_1_389' title='bbox 399 4201 421 4243; x_wconf 90' lang='lat' dir='ltr'>s.</span> <span class='ocrx_word' id='word_1_390' title='bbox 438 4183 511 4251; x_wconf 86' lang='grc'><strong>454,</strong></span> <span class='ocrx_word' id='word_1_391' title='bbox 531 4178 657 4241; x_wconf 89' lang='lat' dir='ltr'>Ouidius</span> <span class='ocrx_word' id='word_1_392' title='bbox 675 4184 694 4241; x_wconf 92' lang='lat' dir='ltr'>l.</span> <span class='ocrx_word' id='word_1_393' title='bbox 709 4200 731 4242; x_wconf 89' lang='lat' dir='ltr'>s.</span> <span class='ocrx_word' id='word_1_394' title='bbox 748 4183 821 4257; x_wconf 83' lang='lat'><strong>685,</strong></span> <span class='ocrx_word' id='word_1_395' title='bbox 844 4182 920 4242; x_wconf 89' lang='lat' dir='ltr'>Plin.</span> <span class='ocrx_word' id='word_1_396' title='bbox 939 4184 1001 4241; x_wconf 87' lang='lat' dir='ltr'>nat</span> <span class='ocrx_word' id='word_1_397' title='bbox 1019 4181 1089 4241; x_wconf 88' lang='lat' dir='ltr'>hist.</span> <span class='ocrx_word' id='word_1_398' title='bbox 1102 4180 1206 4241; x_wconf 88' lang='lat' dir='ltr'><strong>XVIH</strong></span> <span class='ocrx_word' id='word_1_399' title='bbox 1226 4181 1298 4240; x_wconf 88' lang='grc'><strong>381.</strong></span> 
     </span>
    </p>

    <p class='ocr_par' dir='ltr' id='par_1_5' title="bbox 150 4261 1299 4531">
     <span class='ocr_line' id='line_1_44' title="bbox 241 4261 1298 4351; baseline -0.002 -20"><span class='ocrx_word' id='word_1_400' title='bbox 241 4264 324 4335; x_wconf 77' lang='grc'><strong>213.</strong></span> <span class='ocrx_word' id='word_1_401' title='bbox 356 4271 468 4332; x_wconf 84' lang='lat' dir='ltr'>Gellius</span> <span class='ocrx_word' id='word_1_402' title='bbox 486 4270 599 4331; x_wconf 79' lang='lat' dir='ltr'>vnis</span> <span class='ocrx_word' id='word_1_403' title='bbox 630 4267 719 4342; x_wconf 82' lang='lat' dir='ltr'>‘Quid</span> <span class='ocrx_word' id='word_1_404' title='bbox 746 4270 821 4331; x_wconf 91' lang='lat' dir='ltr'>illud</span> <span class='ocrx_word' id='word_1_405' title='bbox 844 4273 899 4347; x_wconf 87' lang='lat' dir='ltr'>sit,</span> <span class='ocrx_word' id='word_1_406' title='bbox 927 4270 1007 4348; x_wconf 89' lang='lat' dir='ltr'>qnod</span> <span class='ocrx_word' id='word_1_407' title='bbox 1035 4270 1187 4350; x_wconf 77' lang='lat' dir='ltr'>Vergilius</span> <span class='ocrx_word' id='word_1_408' title='bbox 1210 4261 1298 4351; x_wconf 87' lang='lat' dir='ltr'>(Aen.</span> 
     </span>
     <span class='ocr_line' id='line_1_45' title="bbox 150 4354 1299 4444; baseline -0.001 -22"><span class='ocrx_word' id='word_1_409' title='bbox 150 4362 210 4422; x_wconf 91' lang='lat' dir='ltr'>XII</span> <span class='ocrx_word' id='word_1_410' title='bbox 229 4354 309 4444; x_wconf 86' lang='grc'><strong>407)</strong></span> <span class='ocrx_word' id='word_1_411' title='bbox 332 4363 447 4422; x_wconf 85' lang='lat' dir='ltr'>caelum</span> <span class='ocrx_word' id='word_1_412' title='bbox 470 4364 550 4422; x_wconf 87' lang='lat' dir='ltr'>stare</span> <span class='ocrx_word' id='word_1_413' title='bbox 577 4361 699 4438; x_wconf 86' lang='lat' dir='ltr'>pulnere</span> <span class='ocrx_word' id='word_1_414' title='bbox 727 4364 759 4420; x_wconf 85' lang='lat' dir='ltr'>et</span> <span class='ocrx_word' id='word_1_415' title='bbox 781 4360 860 4436; x_wconf 91' lang='lat' dir='ltr'>quod</span> <span class='ocrx_word' id='word_1_416' title='bbox 882 4360 1015 4422; x_wconf 88' lang='lat' dir='ltr'>Lucilius</span> <span class='ocrx_word' id='word_1_417' title='bbox 1041 4363 1144 4441; x_wconf 85' lang='lat' dir='ltr'>peetus</span> <span class='ocrx_word' id='word_1_418' title='bbox 1167 4359 1299 4421; x_wconf 84' lang='lat' dir='ltr'>sentibus</span> 
     </span>
     <span class='ocr_line' id='line_1_46' title="bbox 151 4446 1299 4531; baseline -0.002 -19"><span class='ocrx_word' id='word_1_419' title='bbox 151 4455 231 4512; x_wconf 83' lang='lat' dir='ltr'>stare</span> <span class='ocrx_word' id='word_1_420' title='bbox 254 4446 351 4512; x_wconf 88' lang='lat' dir='ltr'>dixit&#39;.</span> <span class='ocrx_word' id='word_1_421' title='bbox 392 4452 507 4512; x_wconf 86' lang='lat' dir='ltr'>Nonius</span> <span class='ocrx_word' id='word_1_422' title='bbox 529 4471 557 4528; x_wconf 89' lang='lat' dir='ltr'>p.</span> <span class='ocrx_word' id='word_1_423' title='bbox 574 4452 686 4531; x_wconf 79' lang='grc'><strong>392,9</strong></span> <span class='ocrx_word' id='word_1_424' title='bbox 712 4446 793 4511; x_wconf 78' lang='lat' dir='ltr'>‘Stat</span> <span class='ocrx_word' id='word_1_425' title='bbox 816 4452 905 4511; x_wconf 87' lang='lat' dir='ltr'>etiam</span> <span class='ocrx_word' id='word_1_426' title='bbox 928 4453 1049 4530; x_wconf 87' lang='lat' dir='ltr'>plenum</span> <span class='ocrx_word' id='word_1_427' title='bbox 1073 4454 1125 4513; x_wconf 86' lang='lat' dir='ltr'>est.</span> <span class='ocrx_word' id='word_1_428' title='bbox 1166 4449 1299 4510; x_wconf 89' lang='lat' dir='ltr'>Lucilius</span> 
     </span>
    </p>
   </div>
   <div class='ocr_carea' id='block_1_4' title="bbox 0 0 1534 5010">
    <p class='ocr_par' dir='ltr' id='par_1_6' title="bbox 0 0 1534 5010">
     <span class='ocr_line' id='line_1_47' title="bbox 0 0 1534 5010; baseline 0 2"><span class='ocrx_word' id='word_1_429' title='bbox 0 0 1534 5010; x_wconf 95' lang='lat' dir='ltr'> </span> 
     </span>
    </p>
   </div>
  </div>
 </body>
</html>
