3030 5002
612 363 624 416 I
642 367 802 419 ubl-bt.
1231 363 1274 430 27

128 526 189 592 'eat
212 528 410 609 quacumque'
435 530 795 610 eic.Phi1ipp.xe,12
821 529 1019 609 ‘quacumque
1048 529 1116 594 iret’
1140 535 1275 595 Naeuius

126 621 264 699 Lycurgo
287 617 417 697 ‘quaque
439 622 581 682 incedunt
603 624 699 683 omnis
722 642 811 683 eruas
834 617 986 699 opterunt'
1010 614 1117 704 (TRF⁸
1133 643 1163 701 p.
1179 626 1221 684 10
1232 616 1274 705 R)

127 710 242 771 Lucr.I
268 713 331 771 508
365 706 437 787 ‘qua
466 731 554 788 porro
587 730 713 789 cumque
743 715 826 773 tenet
857 731 889 772 se
921 710 1048 789 (lorpes,
1080 732 1116 772 ea
1146 731 1274 774 uacuum

127 820 314 877 nequaquam
337 803 456 861 constat
477 797 577 861 inane'
601 802 720 862 similia.
762 802 848 861 Dixit
869 801 963 880 igitur
984 805 1074 878 poeta
1096 802 1133 861 de
1156 802 1274 862 homine

126 891 255 951 curioso:
289 885 389 967 ‘porro
416 910 602 968 quacumque
629 893 668 964 11,
695 894 870 968 cuicumque
899 893 996 967 primo
1024 891 1189 968 obstiterit,
1219 891 1274 953 hoe

126 980 218 1040 refert
249 980 427 1040 minuendae
457 982 502 1040 rei
534 977 687 1041 intentus'.
742 981 859 1058 Lupum
896 981 1010 1042 scilicet
1041 981 1198 1060 prodigum
1231 984 1274 1041 rei

127 1069 284 1130 familiaris
307 1070 443 1130 omnibus
466 1070 691 1130 obuenlentibus
714 1091 835 1131 narrare
859 1071 953 1131 solere
976 1070 1048 1149 quid
1075 1088 1161 1132 cocus
1189 1090 1274 1147 opso-

126 1160 209 1218 narit
230 1158 302 1218 deus
324 1161 466 1236 increpat.

217 1239 274 1310 53.
307 1249 423 1308 Nonius
450 1269 478 1326 p.
500 1252 578 1323 117,
598 1251 638 1309 99
674 1244 845 1328 ‘Gangrena
875 1252 922 1310 est
952 1267 1064 1309 cancer.
1119 1251 1275 1310 Metire

128 1330 214 1418 (olim
237 1339 373 1415 impressi
400 1331 551 1419 Iacobus)
582 1341 752 1416 satyrarum
779 1339 860 1399 lib.I
887 1334 1027 1416 “serpere
1054 1341 1100 1399 uti
1123 1358 1276 1419 gangrena

127 1429 206 1487 malo
235 1431 326 1504 atque
352 1421 408 1507 (acl
435 1445 519 1503 quem
541 1420 709 1507 Leidensis)
731 1429 898 1505 herpestiea
926 1424 1072 1505 posset''.'
1117 1428 1169 1489 Aa
1190 1447 1276 1504 quera

127 1516 293 1577 Leidensis:
316 1517 397 1594 qnod
418 1517 566 1595 quomodo
589 1520 704 1578 seruari
725 1519 820 1595 possit
843 1537 901 1578 non
925 1517 1020 1578 uideo.
1057 1517 1143 1578 Getis
1160 1536 1276 1593 repere

127 1606 249 1666 uerbum
282 1606 358 1666 hane
386 1608 545 1668 lectionem
575 1627 634 1667 non
664 1608 864 1668 commendat:
896 1607 1076 1667 deteriorum
1107 1607 1183 1669 oodd
1215 1607 1275 1668 duo

127 1698 206 1756 reete
229 1701 314 1771 οίονο
337 1696 389 1757 sed
411 1715 447 1756 ex
469 1697 586 1757 librarii
606 1696 783 1757 coniectura.
824 1697 954 1757 Nomina
972 1696 1141 1757 morborum
1161 1695 1276 1758 Graeca

127 1789 163 1845 nt
184 1787 287 1845 insert.
306 1807 334 1845 u.
351 1787 414 1846 913
438 1786 581 1846 adhibent
602 1786 705 1846 Latini
729 1788 801 1864 qnia
823 1786 930 1847 medici
953 1791 1039 1846 erant
1057 1784 1176 1847 Graeci:
1200 1787 1275 1847 codd

127 1877 207 1934 reela
228 1893 380 1950 passorem
402 1879 437 1935 ut
456 1877 597 1946 Murena,
616 1875 721 1936 Graeci
739 1875 909 1957 γάγγραινα.
950 1875 996 1935 De
1014 1894 1120 1937 cenam
1139 1880 1275 1953 serpente

128 1963 244 2024 Celsv
265 1967 320 2039 96,
344 1966 384 2025 31
419 1962 505 2025 Ouid.
532 1968 649 2025 metam.
669 1966 700 2026 H
725 1967 788 2025 895
823 1961 926 2043 ‘utque
962 1967 1075 2025 malum
1106 1966 1168 2026 late
1199 1967 1276 2027 solet

128 2054 345 2115 immedicabile
372 2073 477 2116 cancer
503 2051 631 2133 serpere’
660 2056 722 2115 elii.
771 2055 858 2115 Molo
885 2054 1038 2115 ablatinus
1069 2059 1127 2115 est:
1158 2073 1275 2132 serpere

129 2162 214 2221 posse
237 2162 377 2205 esserum
395 2145 474 2203 malo
497 2147 645 2204 nutritum
668 2145 743 2205 dicit
763 2147 861 2221 poeta.
908 2145 973 2205 Vox
995 2146 1154 2220 herpests'ca
1176 2144 1207 2204 id
1231 2148 1276 2206 est

129 2251 204 2309 qnae
241 2234 335 2310 serpit
366 2232 453 2305 νόσος
490 2234 563 2294 alibi
595 2254 654 2294 non
690 2237 774 2294 extat
808 2234 860 2295 sed
896 2234 1001 2293 dicant
1031 2234 1137 2296 medici
1170 2233 1275 2294 Graeci

128 2319 303 2401 ἓρπησοικὸν
340 2319 436 2395 liuor:
473 2322 546 2383 Poll.
565 2324 609 2382 IV
634 2326 696 2384 206
737 2320 913 2403 ἕροηστικὸν
952 2320 1035 2397 ἕλκος
1072 2321 1188 2404 ἐνοχλεῖ
1221 2319 1275 2400 μὲν

128 2411 300 2492 πρεσβυτῶν
322 2410 449 2489 κνήμαις
472 2410 521 2472 καὶ
543 2412 632 2473 ποσίν
656 2411 837 2473 Celsius.
885 2408 984 2473 ‘Modo
1008 2415 1104 2473 oritur
1127 2433 1162 2473 ea
1184 2433 1275 2490 quam

129 2499 234 2561 Graeci
263 2500 444 2581 γάγγραινον
474 2502 636 2579 appellant.
683 2502 788 2561 Priora
814 2503 845 2561 in
874 2501 1009 2578 qualibet
1034 2507 1120 2578 parte
1144 2504 1276 2578 corporis

128 2589 212 2664 fiunt,
235 2591 291 2650 hoe
313 2592 343 2649 in
368 2591 604 2668 prominentibus
622 2591 762 2652 membris
783 2639 787 2649 .
805 2639 810 2649 .
827 2639 832 2650 .
851 2592 971 2667 fereque
989 2593 1020 2650 in
1037 2587 1183 2651 senibus’:
1201 2591 1277 2650 adde

128 2679 187 2739 duo
209 2679 352 2740 Varronis
375 2681 544 2760 fragmenta
565 2681 656 2741 Nonii
680 2682 699 2740 l.
719 2701 741 2740 s.
760 2701 782 2740 s.
806 2683 933 2740 seruata.
980 2679 1092 2749 Quibus
1113 2681 1185 2740 loeis
1209 2699 1276 2740 oum

128 2769 164 2829 de
183 2789 286 2830 senum
305 2769 407 2830 morbo
425 2773 543 2849 agatur,
565 2771 603 2830 ad
623 2771 701 2847 Lupi
719 2772 831 2830 exitum
849 2788 968 2830 uersum
986 2772 1119 2846 spectare
1138 2769 1275 2828 arbitror.

219 2851 277 2919 54.
306 2858 401 2918 Varro
429 2860 466 2920 de
488 2861 593 2939 lingua
615 2860 724 2920 Latina
751 2859 827 2918 libro
846 2859 906 2918 VH
924 2860 966 2917 47
996 2854 1097 2934 ‘Apud
1127 2858 1276 2919 Lucilium

205 2952 236 3008 et
268 2944 433 3009 “occidunt
468 2950 550 3025 lepra
581 2968 653 3025 aper
684 2950 746 3009 dete
775 2951 806 3007 et
834 2950 904 3007 iura
935 2942 1044 3007 siluri”
1150 2948 1275 3025 piscium

128 3039 250 3097 nomina
276 3040 359 3114 sunt,
389 3058 549 3116 eorumque
577 3041 610 3099 in
642 3038 766 3099 Graecia
797 3033 914 3116 origo.‘’
969 3036 1058 3097 Hune
1088 3055 1206 3097 uersum
1238 3036 1277 3095 ad

129 3127 222 3187 libros
239 3127 310 3187 XXI
332 3127 446 3204 priores
468 3130 580 3189 maiore
603 3129 667 3188 inre
690 3130 813 3203 referes,
840 3146 930 3204 quam
953 3126 991 3187 ad
1013 3126 1144 3205 reliquos
1167 3145 1235 3186 raro
1259 3144 1277 3184 a

128 3217 322 3294 scriptoribus
359 3216 521 3278 adhibitos:
556 3219 636 3279 inter
672 3220 784 3296 priores
816 3217 913 3276 'libros
949 3219 1014 3276 ueri
1050 3216 1202 3276 simillime
1238 3215 1276 3275 ad

129 3307 267 3382 primum.
312 3306 432 3366 Etenim
459 3309 490 3367 in
519 3308 641 3384 reliquis
671 3308 756 3368 libris
779 3306 911 3383 corporis
934 3306 1041 3383 prioris
1064 3326 1137 3365 num
1159 3305 1277 3382 Lupum

132 3400 283 3455 mortuum
305 3398 467 3457 insectatus
491 3398 532 3456 sit
554 3400 652 3474 poeta,
674 3399 820 3457 incertum
843 3399 902 3456 est:
925 3399 1016 3472 atque
1040 3395 1118 3472 quod
1139 3395 1185 3454 his
1204 3395 1277 3471 ipsis

129 3485 227 3545 uerbis
263 3483 299 3544 de
332 3485 417 3562 Lupo
449 3488 615 3546 intereunte
645 3488 834 3547 salsamentis
870 3485 1020 3545 deuoratis
1054 3485 1167 3563 agitur,
1203 3486 1277 3544 mire

130 3575 268 3653 congruit
294 3594 362 3635 cum
388 3576 465 3635 libro
492 3577 590 3652 primo
618 3577 669 3636 ubi
697 3576 733 3635 de
760 3577 824 3636 eius
851 3576 976 3634 interitu
1005 3574 1172 3635 deliberant
1194 3573 1226 3633 di
1247 3576 1279 3632 at

130 3663 167 3723 de
185 3664 369 3742 apponendis
386 3666 575 3726 salsamentis
593 3666 686 3725 uerba
707 3665 772 3725 fieri
794 3663 923 3725 uidimus
944 3684 993 3723 uu.
1010 3665 1060 3723 49.
1081 3665 1132 3723 50.
1172 3663 1278 3738 Neque

130 3753 210 3813 enim
236 3754 369 3813 οοοὶοίνοιὶ
395 3759 421 3816 tr
447 3757 547 3831 potest
576 3773 639 3815 esse
670 3754 750 3815 idem
779 3756 870 3831 atque
899 3758 981 3812 luam
1009 3771 1071 3813 rem
1099 3752 1279 3827 familiares

128 3844 270 3916 perses,
298 3843 370 3919 quia
397 3847 428 3905 et
453 3845 582 3920 saperda
608 3848 639 3904 et
665 3844 775 3905 silurus
804 3843 967 3902 uilissimae
989 3844 1079 3918 piscis
1102 3843 1161 3913 est,
1183 3859 1279 3915 aeque

131 3935 157 3992 tc
188 3937 307 3993 caecant
337 3935 455 3995 molesti.
503 3933 572 3993 Sine
605 3933 695 3993 dnbio
727 3933 800 3992 lusit
831 3952 898 3990 eum
930 3934 1020 4008 poeta
1047 3933 1082 3988 ut
1109 3925 1279 4007 ὀψοφάγον,

131 4023 183 4097 qni
219 4024 365 4081 moriatur
400 4023 531 4100 piscibus
563 4025 686 4084 comesis
718 4022 821 4081 multis
855 4023 934 4080 siout
966 4019 1045 4096 apud
1076 4017 1184 4078 Athen.
1204 4017 1279 4078 VIII

131 4131 159 4187 p.
175 4111 280 4171 341ss
304 4112 430 4172 Machon
453 4114 583 4173 comicus
605 4112 802 4173 Philoxenum
828 4109 943 4170 inducit
970 4111 1145 4168 morientem
1168 4108 1279 4185 polypo

132 4202 246 4278 ingenti
278 4200 435 4277 deuorato,
467 4202 544 4261 alins
574 4200 761 4280 ἰχθυοφάγος
792 4200 904 4279 piscem
936 4197 1090 4258 comedens
1122 4196 1279 4257 decessisse

131 4289 262 4349 traditm
297 4288 408 4350 ibidem
443 4312 471 4369 p.
496 4292 559 4351 345
576 4288 606 4350 C.
662 4289 741 4350 Ocni
767 4289 837 4348 Luc.
866 4287 975 4366 dialog.
1003 4290 1090 4348 mort.
1116 4289 1143 4346 7.
1197 4285 1279 4347 stoa.

133 4377 194 4438 flor.
215 4380 271 4453 98,
296 4379 329 4451 9,
354 4382 395 4439 97
430 4378 614 4440 Πουλύποδο
645 4375 751 4458 φαγὼν
783 4373 800 4438 d
831 4373 977 4456 Διογένης
1008 4372 1091 4454 ὠμὸν
1127 4372 1279 4453 τέθνηκεν.

134 4466 199 4528 Val.
219 4469 296 4530 Max.
311 4468 359 4529 III
379 4470 408 4544 5,
427 4470 446 4528 3
469 4464 602 4530 ‘Clodius
621 4469 747 4530 Pulcher
765 4515 772 4527 .
787 4512 795 4527 .
810 4514 816 4526 .
834 4468 940 4529 mortis
959 4465 1156 4528 erubescendo
1174 4483 1281 4542 genere
