3030 5002
274 1117 553 1192 PRAEFATIO.
609 1120 852 1196 ADDENDA.
908 1124 1229 1200 CORRIGENDA.

268 1391 413 1450 hlrornari
437 1389 585 1450 noluimus
608 1393 735 1468 primam
757 1393 845 1453 huius
865 1394 1027 1454 uoluminis
1041 1398 1182 1475 paginam
1197 1396 1328 1476 imagine

180 1481 235 1540 uiri
263 1482 366 1559 magni
395 1496 504 1558 magno
532 1481 649 1540 saeculo
679 1484 758 1556 nati,
784 1482 848 1542 Iani
878 1483 996 1543 Dousae
1019 1485 1128 1562 patris,
1155 1486 1267 1547 domini
1291 1487 1327 1548 de

178 1569 378 1647 Noordwyclr‚
406 1569 489 1630 cuius
517 1569 608 1629 ductu
636 1573 667 1630 ot
696 1573 829 1649 auspicio
853 1571 884 1632 G.
900 1571 1009 1633 Lucilii
1031 1575 1175 1652 reliquiae
1197 1576 1326 1653 primurn

178 1665 247 1720 snut
265 1659 405 1720 collectae
424 1658 597 1719 emendatae
616 1662 828 1721 commentario
847 1665 1003 1722 enarratae
1022 1664 1121 1724 editae
1137 1666 1326 1726 al'raucisco

177 1751 239 1808 filio
262 1749 422 1808 admodum
449 1748 639 1809 adulescente
668 1769 746 1809 auno
772 1752 865 1811 1597.
913 1752 1053 1812 Eiusdem
1077 1753 1160 1813 ducis
1183 1754 1273 1815 ductu
1297 1760 1327 1814 et

177 1840 309 1917 crispicio
332 1838 402 1897 urbs
426 1837 519 1897 Leida
541 1838 645 1916 populi
668 1838 795 1916 fideique
819 1840 942 1901 libertas
965 1842 1087 1902 defensa
1110 1847 1175 1902 erat
1198 1843 1326 1922 gloriose

176 1933 280 1989 contra
302 1928 452 2006 Hispanos
475 1927 636 1987 adiuuante
660 1947 769 1989 oceano
793 1948 871 1989 anuo
898 1932 992 2005 1574,
1015 1951 1076 2008 qna
1099 1932 1135 1991 de
1158 1952 1189 1992 re
1208 1934 1327 1993 rettulit

177 2018 208 2076 Ρ.
223 2019 342 2078 Bertius
368 2020 399 2076 in
428 2017 563 2077 oratione
590 2017 626 2077 dc
654 2020 719 2077 uita
746 2021 777 2078 at
803 2018 889 2078 obitu
912 2019 978 2079 Iani
1002 2020 1120 2080 Dousae
1144 2021 1238 2101 Lugd.
1258 2023 1325 2082 Bet.

180 2109 263 2166 1604
287 2108 338 2166 fol.
359 2105 381 2166 G
399 2111 413 2166 1
431 2127 526 2183 seqq:
554 2106 632 2166 idem
660 2110 779 2167 curator
807 2110 944 2186 princeps
967 2112 1191 2171 uniuersitatem
1216 2132 1325 2172 nouam

176 2196 349 2256 Leidensem
381 2199 412 2256 et
439 2195 658 2274 bybliothecam
687 2198 772 2256 aurit
798 2199 942 2276 regimine
970 2202 1001 2258 et
1028 2199 1266 2277 splendidissimo
1295 2205 1326 2261 et

176 2286 379 2346 saluberrimo.
425 2285 565 2346 Picturae
593 2287 773 2363 archetypon
804 2292 942 2347 seruatur
964 2290 998 2357 in
1024 2288 1213 2365 bybliotheca
1240 2293 1325 2351 cuius

175 2377 342 2453 preelectus
356 2375 407 2435 ille
422 2376 521 2435 fuerat
534 2375 648 2453 primns
663 2375 814 2436 Leideusi:
829 2378 964 2437 comitati
979 2382 1009 2436 et
1023 2378 1134 2438 auxilio
1150 2381 1324 2440 successoris

176 2465 312 2526 Scatonis
331 2464 365 2525 G.
385 2465 420 2525 de
439 2464 524 2526 Vries
543 2465 667 2525 debetur
685 2465 764 2542 quod
784 2464 893 2525 Lucilii
911 2468 1156 2527 commentarium
1172 2469 1324 2545 potuimus

175 2554 314 2633 prosequi
337 2554 468 2634 imagine
491 2556 549 2615 uiri
572 2555 672 2630 fortis,
701 2554 845 2633 Scaligeri
868 2559 898 2615 et
920 2555 1084 2616 doctissimi
1108 2559 1248 2634 cuiusque
1272 2560 1325 2635 qui

176 2648 241 2704 erat
261 2646 362 2704 fautor
384 2648 415 2703 et
437 2645 561 2719 amicus,
589 2645 672 2704 cuius
696 2664 768 2724 erga
790 2645 939 2705 Lucilium
966 2645 1073 2704 merita
1096 2647 1228 2724 insignia
1250 2667 1324 2706 uua-

177 2753 312 2810 quaeque
335 2734 396 2793 iere
419 2733 507 2793 buius
531 2733 672 2794 editionis
695 2734 848 2794 renuntiat
870 2737 990 2813 pagina.

264 2823 309 2883 De
336 2824 451 2882 ratione
482 2827 513 2882 et
539 2823 733 2900 dispositione
761 2823 900 2883 editionis
930 2823 1150 2901 disputauimus
1181 2825 1211 2883 in
1239 2845 1322 2901 prae·

176 2914 288 2972 lohoac
331 2916 362 2972 et
403 2914 435 2972 in
478 2914 694 2992 prolegomenis
731 2914 891 2973 uoluminis
928 2914 1043 2990 prioris.
1104 2912 1323 2975 Commentario

175 3004 392 3063 resemauimus
419 3002 650 3080 disputationem
682 3002 717 3062 de
740 3002 808 3062 sede
833 3005 1067 3082 fragmentorum
1090 3003 1268 3080 ubicumque
1291 3004 1322 3063 in

175 3091 324 3152 codicibus
347 3091 498 3152 nonnullis
521 3091 676 3151 deterioris
700 3095 788 3151 notae
811 3091 953 3152 librorum
973 3111 1112 3153 numerus
1130 3092 1259 3152 traditus
1278 3097 1324 3154 est

174 3184 344 3258 corruptus:
368 3200 427 3257 qua
450 3181 481 3239 in
504 3182 678 3258 quaestione
700 3184 801 3241 tamen
820 3181 999 3260 grauisuma
1017 3201 1151 3259 quaeque
1170 3183 1323 3260 posuimus

175 3272 265 3353 etiam
287 3272 318 3330 in
343 3273 491 3347 apparatu
514 3271 626 3331 critice.
671 3270 707 3329 In
734 3272 981 3347 interpretatione
1009 3290 1073 3330 eam
1102 3272 1199 3350 legem
1221 3291 1323 3332 sumus

174 3361 276 3434 secuti,
294 3363 329 3419 ut
346 3359 438 3419 uerba
456 3360 542 3419 salua
560 3363 590 3420 et
608 3379 681 3420 sana
700 3379 762 3420 esse
781 3363 986 3435 statueremus,
1005 3363 1030 3420 si
1048 3362 1165 3420 numeri
1184 3380 1322 3421 uersuum

175 3452 260 3509 eraut
281 3449 367 3509 salui.
409 3449 523 3526 Nempe
547 3468 614 3508 raro
637 3449 729 3509 uerba
752 3452 902 3526 corrumpi
924 3468 1009 3527 posse
1031 3450 1214 3510 arbitramur
1231 3450 1322 3512 saluis

175 3541 311 3598 numeris.
362 3539 443 3609 Quae
474 3539 553 3598 ratio
586 3541 722 3616 inprimis
754 3539 854 3597 ualuit
879 3541 911 3598 iu
939 3539 1073 3599 uersibus
1103 3541 1320 3599 1138-1142

174 3627 395 3688 constituendis.
451 3626 546 3704 Opere
583 3628 621 3686 ad
657 3627 832 3687 umbilicum
869 3628 997 3688 adducto
1030 3628 1174 3706 Liudsayi
1206 3629 1322 3690 Nouius

174 3718 297 3777 emissus
325 3722 370 3777 est
397 3737 457 3793 qno
486 3718 531 3777 uti
558 3718 643 3795 potui
670 3718 701 3776 iu
725 3717 918 3777 adnotatione
941 3719 1046 3777 critica
1069 3718 1153 3777 etin
1176 3737 1322 3778 commen·

173 3809 259 3867 tario.
306 3805 363 3867 Sed
391 3807 498 3867 nititur
525 3826 590 3865 mee
619 3805 710 3867 editio
738 3805 917 3867 editionibus
940 3807 1031 3866 Nonii
1055 3807 1203 3884 prioribus
1226 3826 1320 3883 neque

173 3896 355 3973 Lindsayum
388 3898 506 3956 secutus
537 3915 604 3955 snm
637 3894 687 3954 ubi
719 3896 767 3956 hie
798 3896 987 3972 discrepabat
1019 3915 1037 3955 a
1070 3895 1219 3973 prioribus
1250 3895 1320 3955 illis.

173 3985 332 4046 Praeterea
354 3989 385 4045 et
407 3984 541 4045 codicum
566 3985 736 4046 aestimatio
759 3987 890 4044 stratio
913 3987 1017 4046 critica
1044 3990 1075 4045 et
1096 3988 1175 4045 ratio
1187 3987 1322 4047 »metrica

173 4094 263 4152 quam
296 4078 413 4135 secutus
444 4094 509 4134 sum
541 4075 641 4134 differt
668 4094 847 4152 magnopere
878 4093 945 4134 mea
972 4075 1009 4134 ab
1036 4075 1119 4134 illius
1146 4074 1320 4135 rationibus.

173 4164 276 4240 Neque
304 4163 382 4224 enim
409 4165 494 4222 sumt
522 4165 568 4224 uel
597 4165 676 4224 abest
703 4183 757 4241 pro
785 4162 900 4223 duabus
927 4163 1066 4223 breuibus
1095 4166 1126 4223 iu
1149 4164 1321 4224 hexametro

172 4253 244 4330 poni
263 4253 392 4314 arbitror
410 4272 505 4328 noque
524 4258 702 4330 anapaestos
720 4253 800 4329 apud
814 4252 961 4312 Lucilium
979 4255 1109 4312 inueniri
1125 4253 1212 4311 credo
1226 4270 1320 4327 neque

173 4342 340 4403 l'lorentini
371 4341 482 4402 codicis
514 4342 690 4402 lectionibus
722 4342 837 4402 confido
869 4340 987 4402 similia.
1037 4341 1094 4411 Qui
1127 4340 1206 4418 quod
1233 4340 1320 4399 modo

172 4432 291 4492 rettulit
318 4432 354 4492 do
382 4431 532 4491 uolumine
559 4433 647 4492 huius
674 4431 814 4492 editionis
841 4431 940 4509 priore
967 4431 1115 4491 Deutsche
1143 4429 1320 4489 Litteratur-
