3060 5010
608 367 646 421 IX
664 385 691 422 u.
712 372 861 423 377-381.
1249 368 1310 432 141

160 559 226 600 rum
249 557 299 614 ec,
327 557 404 616 quae
427 557 522 616 usque
546 537 585 598 ad
608 540 711 598 nostra
733 540 869 615 tempora
892 538 1042 615 feruntur,
1072 538 1189 599 inuenit
1214 558 1312 620 gram·

161 631 288 690 malicus
316 630 425 688 aetatis
451 627 606 703 Sullanae,
635 631 689 687 aut
712 629 751 687 Μ.
766 627 910 688 Varronis
938 627 1109 690 simillimus
1139 632 1205 706 aut,
1232 630 1312 706 quod

160 719 236 778 mihi
258 719 324 779 ueri
346 718 533 778 simillimum
556 717 677 778 uidetur
700 718 795 777 Varro
818 719 897 794 ipse,
925 719 978 795 qui
1005 720 1037 776 in
1064 718 1141 778 libro
1170 718 1206 778 de
1234 722 1312 780 auti-

161 809 277 885 quitete
299 808 469 868 litterarum
493 806 532 867 ad
553 807 587 867 L.
601 807 726 867 Accium
749 808 861 884 scripto
884 807 921 867 de
943 807 1114 869 nominibus
1141 808 1312 868 litterarum

161 900 223 978 egit
237 891 469 981 (Wilmannsius
488 898 524 957 de
541 896 686 958 Varronis
704 896 790 957 libris
808 898 1011 976 grammatius
1030 918 1059 975 p.
1080 890 1158 980 125)
1177 899 1233 957 XX
1250 893 1313 959 fere

161 989 248 1048 annis
270 990 340 1065 post
360 987 472 1048 Lucilii
493 989 629 1047 mortem.
665 987 797 1046 Nomina
820 988 899 1047 enim
922 987 1093 1047 litterarum
1110 988 1181 1048 XXI
1201 991 1228 1048 si
1246 1008 1311 1065 per·

161 1096 313 1138 censemus
337 1076 1312 1156 aeiouefelemeneresbepedetecegehakcqu

161 1169 192 1226 ix
209 1199 246 1208 -
262 1188 283 1244 y
307 1167 386 1227 enim
410 1170 440 1227 et
462 1187 478 1225 z
496 1165 625 1226 Graecas
643 1168 732 1226 mitto
747 1196 791 1206 —
804 1185 891 1226 nemo
911 1167 1017 1243 opinor
1035 1186 1095 1227 non
1113 1167 1197 1227 uidet
1214 1170 1311 1244 primo

162 1256 269 1317 obtutu
297 1256 370 1317 haec
402 1275 456 1318 nec
488 1257 603 1333 priscae
635 1257 796 1316 uetustatis
828 1274 891 1316 esse
927 1258 962 1315 ut
993 1254 1108 1316 Graeca
1143 1257 1312 1316 liberarum

161 1349 284 1406 nomina
309 1365 364 1406 neo
393 1365 464 1407 casu
494 1347 588 1420 facta,
620 1345 672 1405 sed
705 1344 742 1404 ab
773 1345 893 1404 homme
921 1343 1101 1406 Graecorum
1134 1346 1170 1406 de
1202 1347 1312 1406 litteris

161 1436 299 1496 doctrina
321 1434 438 1496 Imbuto
461 1435 581 1514 singula
603 1435 729 1513 singulis
752 1435 862 1495 littcrIs
886 1453 948 1495 esse
970 1437 1114 1513 imposita
1133 1454 1168 1495 ca
1186 1437 1312 1511 ratione,

161 1529 195 1585 ut
217 1526 336 1586 uocales
359 1545 447 1586 suum
470 1543 604 1603 quaeque
627 1544 733 1584 sonum
750 1523 881 1583 habeant
898 1543 953 1601 pro
971 1527 1100 1601 nomine,
1123 1526 1311 1586 consonanti·

161 1615 216 1676 bus
240 1634 254 1674 e
277 1615 405 1675 addatur
426 1615 629 1692 postpositum
651 1616 756 1689 mutis,
778 1614 1009 1674 semiuocalibus
1031 1617 1248 1692 antepositum,
1277 1617 1313 1675 ut

161 1704 289 1783 denique
306 1705 347 1764 ha
364 1706 405 1764 ka
423 1725 464 1782 qu
482 1707 513 1763 ix
531 1707 724 1783 segregentur
746 1724 764 1763 a
787 1706 893 1764 ceteris
920 1707 1074 1765 nominum
1102 1706 1220 1766 ratIone
1247 1725 1311 1764 mu-

161 1796 236 1870 tata,
259 1793 395 1855 simodo
418 1794 525 1854 harum
548 1795 719 1855 litterarum
742 1797 885 1870 quattuor
907 1796 1029 1855 nomina
1052 1794 1147 1855 eidem
1168 1795 1313 1856 debentur

162 1885 210 1944 cui
232 1885 424 1962 reliquarum.
469 1884 539 1944 Vna
565 1885 679 1945 scilicet
706 1885 772 1961 lege
789 1883 848 1942 XII
871 1887 1066 1945 consonantes
1088 1885 1206 1946 litteras
1233 1903 1312 1945 com-

161 1974 319 2050 prehendit
340 1976 367 2035 is
390 1975 443 2051 qui
465 1974 520 2033 illa
543 1975 665 2033 nomina
687 1973 789 2050 posuit
810 1972 934 2050 primus,
955 1975 1001 2034 ita
1024 1976 1059 2034 ut
1080 1993 1172 2052 supra
1192 1975 1312 2036 demon·

162 2065 267 2140 straui‚
286 2082 300 2124 e
318 2063 422 2123 littera
440 2063 555 2123 addita:
578 2063 657 2124 idem
676 2062 813 2123 omnibus
831 2062 1061 2123 semiuooalibus
1079 2064 1209 2124 fiilcrum
1227 2083 1312 2142 prae

161 2154 277 2230 posuit,
308 2155 480 2230 postposuit
505 2154 604 2212 mutis.
656 2151 855 2213 Semiuocales
883 2152 948 2212 dico
981 2173 1062 2213 more
1095 2156 1229 2214 omnium
1260 2156 1313 2232 qui

161 2242 246 2303 nobis
274 2246 386 2304 seruati
414 2247 484 2303 sunt
511 2244 773 2323 grammaticorum
802 2244 992 2319 antiquorum
1015 2245 1059 2317 fl
1075 2261 1106 2301 m
1122 2263 1144 2303 n
1162 2263 1179 2303 r
1197 2262 1212 2304 s
1229 2262 1250 2303 o
1268 2276 1312 2286 -

162 2334 253 2392 etiam
277 2333 356 2410 apud
379 2331 506 2393 Graecos
525 2332 540 2405 ξ
563 2333 643 2392 inter
671 2331 864 2392 semiuocales
888 2335 934 2392 est
956 2332 1036 2409 apud
1059 2332 1182 2410 Dionys.
1206 2334 1311 2394 Thrae

162 2441 189 2499 p.
211 2426 262 2497 11,
282 2424 301 2482 5
325 2421 425 2502 Vhlig.
449 2422 573 2498 Dionys.
592 2421 689 2482 Halic.
713 2421 749 2481 de
772 2440 900 2498 compos.
924 2421 1005 2481 uerb.
1029 2440 1093 2498 cap.
1112 2422 1183 2482 XIV
1206 2422 1265 2483 uol.
1284 2423 1313 2480 V

162 2532 190 2590 p.
213 2512 492 2586 susis-item
519 2513 619 2572 mutas
643 2511 950 2585 bodoblopqt.
995 2512 1223 2572 Iamblittera
1246 2516 1313 2587 ctq

161 2603 283 2661 nomina
306 2621 341 2661 ex
364 2601 518 2662 uooalibus
542 2619 619 2678 quae
641 2619 692 2660 ecs
722 2601 807 2676 sequi
834 2599 988 2660 adsoleant
1014 2604 1145 2660 traxere:
1173 2600 1313 2661 clittera

161 2710 234 2751 nero
258 2710 317 2768 quo
338 2691 573 2770 distingueretur
590 2709 609 2750 a
626 2691 664 2749 Ira
683 2689 776 2765 affini,
799 2689 965 2750 euocalem
983 2690 1120 2749 adiunxit
1138 2692 1312 2770 grammati·

162 2799 213 2840 cus
236 2784 268 2841 et
285 2780 356 2842 huie
373 2780 431 2859 ipsi
450 2786 481 2841 et
499 2781 632 2858 quinque
649 2780 773 2856 reliquis
792 2780 883 2838 mutis
900 2798 920 2854 9
939 2779 992 2854 bp
1011 2781 1031 2839 d
1049 2784 1067 2838 1.
1101 2778 1181 2850 Quas
1200 2780 1312 2841 similes

163 2888 224 2931 esse
247 2872 327 2931 iuter
349 2888 380 2930 se
403 2871 510 2947 uoluit,
533 2869 691 2930 dissimiles
709 2871 728 2928 1
751 2869 879 2945 litterae,
903 2870 950 2928 cui
969 2887 989 2928 a
1011 2868 1146 2929 litteram
1171 2871 1313 2946 apposuit

162 2962 261 3021 nescio
285 2980 386 3038 quare,
409 2961 535 3021 fortasse
558 2959 708 3037 quiahoc
731 2958 984 3035 simplicissimum
1002 2958 1173 3018 uidebatur:
1196 2959 1275 3018 idem
1293 2978 1313 3018 n

162 3049 296 3110 litteram
319 3051 428 3111 exemit
451 3069 466 3109 e
490 3048 717 3111 semiuooclibus
740 3049 954 3125 praepositui,
980 3068 1046 3108 cum
1069 3051 1202 3125 reliquae
1225 3066 1240 3109 c
1262 3049 1312 3108 lit·

162 3142 227 3199 tera
245 3140 422 3218 fulciantur3
446 3140 560 3201 scilicet
576 3143 656 3198 recte
677 3139 828 3215 explicant
846 3140 1036 3216 grammatici
1053 3140 1098 3198 ita
1115 3139 1229 3199 factum
1248 3157 1311 3197 esse

161 3229 323 3291 secuudum
345 3229 526 3291 uocabulum
549 3228 694 3290 Graecum
717 3227 805 3288 huius
828 3228 948 3288 litterae
970 3227 1017 3300 ξεῖ
1036 3221 1193 3310 (Priscian.
1210 3227 1260 3288 GL
1280 3228 1311 3288 Π

162 3338 190 3395 p.
211 3322 240 3395 8,
262 3321 312 3379 12.
332 3322 374 3381 20
393 3319 536 3381 Auecdot.
555 3318 673 3379 Heluet
693 3317 744 3378 GL
762 3317 837 3377 VIII
855 3337 883 3394 p.
904 3320 978 3392 224,
999 3311 1101 3402 12Κ).
1139 3318 1215 3378 Vide
1236 3338 1312 3395 quae

162 3409 199 3468 de
230 3408 400 3469 nominibus
430 3410 602 3470 litterarum
634 3408 763 3469 dixerint
794 3407 935 3467 Priscian.
954 3407 1031 3484 Hp.
1052 3411 1081 3483 7,
1101 3410 1142 3468 26
1167 3408 1249 3468 Seru.
1268 3407 1312 3466 IV

162 3518 191 3574 p.
207 3500 281 3574 422,
298 3500 347 3559 15.
371 3493 483 3580 [Serg]
496 3499 540 3558 IV
558 3519 587 3576 p.
603 3500 677 3573 476,
693 3500 743 3559 31.
764 3498 838 3572 520,
854 3498 904 3557 18.
923 3497 1054 3574 Pompei.
1069 3498 1097 3554 V
1110 3517 1140 3574 p.
1156 3501 1230 3573 101,
1246 3497 1311 3557 9Κ.

163 3587 383 3648 Tantummodo
406 3588 487 3665 apud
509 3588 639 3648 Probum
655 3588 699 3647 IV
717 3608 746 3666 p.
766 3589 818 3662 49,
838 3588 877 3647 31
904 3606 938 3646 en
959 3606 1014 3664 pro
1036 3590 1068 3647 is
1090 3587 1237 3649 traditum
1259 3590 1313 3661 est,

163 3677 243 3754 quod
256 3676 463 3757 corrigendum
477 3696 540 3739 esse
554 3681 692 3756 apparet:
707 3677 816 3755 consp.
828 3678 902 3752 422,
914 3678 963 3736 16.
994 3678 1101 3753 Itaque
1111 3696 1179 3737 cum
1188 3678 1313 3754 planum

163 3769 203 3826 sit
229 3768 398 3829 litterarum
424 3767 602 3827 Latinarum
628 3769 749 3827 nomina
776 3786 836 3827 non
858 3785 930 3826 casu
952 3767 1042 3843 facta,
1065 3767 1116 3826 sed
1137 3766 1175 3825 ab
1192 3765 1312 3825 homine

163 3855 335 3917 doctissimo
361 3859 431 3934 post
457 3857 566 3916 Lucilii
593 3859 723 3917 aetatem
750 3857 873 3917 inuenta
900 3874 977 3930 esse,
1009 3857 1061 3933 qui
1079 3855 1166 3914 XVII
1194 3855 1312 3915 litteras

162 3964 182 4005 o
201 3947 376 4021 eioufl
395 3946 775 4021 marsbpcodtuno
794 3946 896 4007 ordine
915 3944 1313 4022 comprehendentibus

162 4036 294 4113 reliquas
304 4054 339 4096 ex
348 4035 404 4095 hoc
413 4035 516 4097 ordine
525 4027 687 4118 eiecerit¹),
696 4035 772 4095 nihil
781 4037 846 4095 ueri
855 4034 982 4094 similius
992 4036 1045 4108 est
1055 4054 1145 4111 quam
1153 4034 1193 4093 M.
1204 4033 1312 4092 Teren-

163 4128 239 4185 tium
257 4125 424 4186 Varronem
442 4125 562 4185 illorum
581 4126 734 4183 nominum
752 4142 815 4184 esse
833 4125 1028 4194 inuentorem,
1051 4142 1140 4200 quem
1158 4124 1212 4184 has
1230 4123 1311 4200 ipsas

162 4215 251 4274 XVII
270 4217 392 4275 tantum
414 4215 531 4276 litteras
554 4214 721 4293 agnouisse,
743 4215 835 4289 Iron
852 4217 888 4274 ut
910 4213 1083 4290 superfluas,
1108 4214 1128 4272 b
1150 4215 1186 4272 ut
1207 4216 1311 4273 notam

161 4347 377 4357 ..—

235 4426 261 4494 1)
280 4422 491 4478 Animaduertit
522 4420 672 4492 Pompeius
690 4420 717 4476 V
738 4439 766 4492 p.
787 4427 852 4490 101,
873 4426 906 4476 18
939 4420 1052 4493 Sergius
1070 4420 1109 4475 IV
1127 4438 1154 4491 p.
1169 4426 1236 4489 478,
1255 4421 1311 4476 21(

162 4494 281 4550 istarum
299 4495 458 4548 lilterarum
477 4511 562 4565 quam
580 4493 740 4549 nominibus
759 4494 907 4564 patiuntur
925 4493 1120 4549 exclusionem.
