3000 5002
491 370 588 428 ίιωιι.
608 369 666 428 sed.
685 390 714 428 u.
735 376 919 427 ιιοι-ιιιο.
1216 368 1282 437 383

112 577 113 580 ν
135 546 248 603 tionem
271 541 351 620 apud
369 542 528 602 Horatium
551 545 603 619 qui
628 541 719 601 habet
746 542 858 601 lumbos
885 560 938 619 pro
965 545 1071 615 οοιιοι,
1098 541 1204 617 alem
1229 560 1284 618 pro

132 637 283 707 premeret,
306 649 391 691 cnerc
414 651 468 708 pro
491 635 652 707 ονοιιιιοιιι
674 631 755 709 quod
773 630 905 690 Lucilius
927 633 1069 707 posuerat
1086 631 1284 706 propendere

136 723 226 782 sicuti
249 723 285 782 de
308 722 431 781 muliere
454 721 580 798 grauida
604 719 729 781 Ouidius
753 725 871 780 metam.
890 721 932 779 IX
953 721 1016 779 988
1041 714 1194 778 ‘tendebat
1216 738 1282 797 gra-

134 813 214 872 uitas
237 815 355 871 uterum
378 806 462 870 mihi’
486 811 566 872 idem
584 810 611 869 X
632 811 694 871 506
719 805 829 869 ‘tendit
851 829 926 870 onus
944 803 1090 869 matrem'.
1128 808 1218 868 Libro
1236 809 1284 869 ΠΙ

135 901 356 978 adscripserunt
378 900 447 959 inde
470 919 489 959 a
512 900 615 960 Dousa
637 903 736 978 patre:
759 899 874 960 tardius
893 901 1013 959 'ibamus
1037 896 1116 975 quod
1138 901 1198 959 iter
1219 906 1285 957 erat

136 990 242 1050 durum
279 981 362 1067 (uide
394 989 432 1048 ad
451 989 514 1049 lib.
533 989 580 1049 III
602 1011 630 1049 u.
657 991 720 1049 110
730 981 826 1069 seqq.)
864 991 895 1048 et
929 990 1062 1049 mantica
1097 988 1283 1047 cantherium

135 1079 290 1157 premebat
312 1082 386 1139 satis
409 1080 517 1155 ampla.

227 1161 333 1230 1908.
357 1168 468 1228 Paulus
496 1188 530 1228 er
556 1168 644 1228 Festo
667 1189 696 1245 p.
718 1169 852 1242 139,10
877 1163 1018 1228 ‘Mantisa
1046 1165 1283 1226 additamentum

136 1259 246 1318 dicitur
267 1258 374 1336 lingua
396 1258 502 1332 Tusca,
524 1257 603 1334 quod
625 1258 751 1334 ponderi
771 1257 909 1332 adicitur,
932 1257 984 1317 sed
1006 1257 1136 1316 deterius
1155 1258 1186 1316 et
1204 1256 1284 1332 quod

135 1350 199 1409 sine
228 1347 291 1407 ullo
318 1367 374 1407 usu
400 1351 454 1407 est.
504 1346 638 1407 Lucilius
671 1342 825 1406 “mantisa
856 1346 979 1406 obsonia
1008 1340 1146 1405 uincit'’.’
1199 1344 1283 1404 (lom-

135 1439 257 1516 parauit
279 1436 311 1495 L.
326 1436 486 1496 Muellerus
518 1435 707 1512 prouerbium
741 1432 783 1496 ‘la
814 1454 901 1496 sauce
933 1439 1007 1494 saut
1035 1436 1134 1497 mieux
1166 1453 1223 1510 que
1255 1435 1283 1494 le

135 1523 267 1603 poisson'
287 1525 432 1602 probante
450 1526 623 1604 Plasbergio
642 1527 716 1586 Mus.
736 1526 828 1586 Rhen.
848 1525 916 1584 LIV
938 1525 1021 1585 1899
1041 1545 1070 1601 p.
1091 1526 1154 1583 639
1177 1525 1228 1600 qui
1247 1523 1283 1582 de

135 1615 266 1676 mantisa
295 1615 441 1675 uocabulo
474 1617 536 1693 egit
566 1615 710 1691 pluribus.
767 1614 940 1692 Comparari
970 1616 1071 1691 potest
1103 1612 1284 1673 Graecorum

136 1726 212 1782 quae
235 1705 305 1766 inde
327 1725 345 1764 a
364 1704 563 1765 Demosthene
582 1696 720 1787 (Olynth.
738 1704 770 1763 Π
791 1706 831 1763 14
851 1703 898 1763 ΠΙ
917 1696 973 1785 31)
996 1696 1149 1762 inuenitur
1172 1702 1283 1763 locutio

135 1794 168 1856 ἐν
190 1793 368 1873 προσθήκης
390 1790 470 1874 μέρει
492 1814 553 1871 qua
575 1793 611 1853 de
635 1794 720 1854 docte
749 1797 779 1852 et
806 1796 922 1868 copiose
950 1794 1014 1870 egit
1036 1792 1284 1869 Wyttenbacbius

136 1886 174 1944 ad
193 1884 270 1943 Plut.
289 1885 363 1943 Mor.
381 1904 410 1960 p.
429 1886 468 1943 91
480 1883 522 1943 D:
544 1883 735 1961 prouerbium
757 1882 792 1942 αἱ
811 1882 946 1960 λαχάνων
968 1887 1139 1962 προσθῆκαι
1163 1884 1284 1941 enarrat

136 1975 260 2052 Diogen.
280 1974 371 2033 1152
403 1970 452 2033 ἐπὶ
483 1981 542 2033 τῶν
573 1970 667 2052 μηδὲν
698 1969 905 2050 ὠφελούντων,
937 1969 1041 2049 ὅμοιον
1073 1968 1105 2031 τὸ
1131 1969 1283 2031 Δαιδάλου

135 2063 225 2142 πτερά
249 2082 308 2140 quo
331 2062 367 2122 de
390 2062 548 2140 prouerbio
568 2062 680 2123 ibidem
698 2065 801 2141 agitur
819 2061 862 2120 IV
882 2062 923 2120 95
947 2058 1076 2120 ἐπὶτῶν
1100 2053 1135 2120 δι’
1156 2057 1284 2141 ἀπορίαν

135 2149 293 2231 χρωμένων
324 2150 484 2236 προσθήκῃ
515 2151 710 2235 παρελκούσῃ.
763 2151 865 2211 Alexis
890 2149 966 2209 cal*
984 2151 1015 2209 Π
1038 2171 1066 2227 p.
1087 2151 1161 2224 397,
1181 2149 1283 2209 9711(

136 2233 258 2320 τρεῖςδ’
285 2233 421 2321 (ἡδοναὶ)
449 2238 524 2301 εἰσιν
551 2239 615 2301 αἵδε
643 2239 698 2317 τήν
725 2239 855 2318 δύναμιν
881 2236 1104 2316 κεκτημέναι..
1119 2195 1176 2299 ab
1203 2243 1284 2298 πιεῖν

136 2328 168 2389 τὸ
197 2333 305 2409 φαγεῖν
332 2328 365 2390 τὸ
391 2337 444 2407 τής
469 2323 646 2407 Ἀφροδίτης
677 2328 844 2408 τυγχάνειν
877 2326 912 2387 τὰ
941 2322 969 2387 δ’
1003 2325 1076 2387 ἄλλα
1107 2327 1284 2406 προσθήκας

135 2418 252 2478 οιπανιιι
274 2416 328 2499 χρὴ
352 2422 461 2479 καλεῖν.
502 2415 566 2501 (An
568 2419 682 2495 tiphan.
703 2417 788 2477 (th
807 2418 838 2477 II
860 2417 1010 2493 plOOK
1033 2416 1117 2476 Paul.
1141 2436 1177 2476 ex
1204 2417 1283 2477 Fest.

136 2530 165 2587 p.
187 2511 297 2582 14,17
323 2504 502 2568 ‘auctarium
524 2508 665 2568 dicebant
686 2508 813 2583 antiqui,
836 2506 916 2583 quod
938 2525 1027 2582 super
1047 2525 1217 2566 mensuram
1235 2507 1284 2564 uel

136 2597 252 2674 pondus
274 2600 388 2658 iustum
411 2597 596 2657 adiciebatur
618 2600 653 2657 ut
675 2598 810 2657 cumulus
833 2598 958 2655 uocatur
981 2596 1012 2654 in
1030 2588 1166 2676 modio').
1198 2595 1284 2654 Dixit

136 2688 269 2748 Lucilius
301 2691 355 2747 aut
386 2687 542 2747 edentibus
573 2690 629 2746 aut
660 2685 826 2746 ementibus
857 2683 982 2745 obsonia
1013 2704 1059 2745 res
1091 2684 1165 2744 uiles
1198 2685 1284 2759 datas

136 2779 227 2838 fuisse
249 2796 304 2853 pro
327 2775 552 2837 additamentis:
579 2795 629 2837 eas
652 2795 698 2836 res
721 2778 786 2836 siue
810 2774 848 2836 ad
871 2779 1051 2852 apparatum
1078 2776 1165 2850 coqui
1192 2777 1284 2850 perti·

137 2870 209 2928 nent
227 2869 290 2926 siue
309 2867 348 2926 ad
366 2885 470 2926 ueram
489 2866 639 2944 quandam
657 2867 774 2926 olitoris
792 2864 922 2941 improbi
937 2863 1116 2944 προσθήκην
1130 2881 1284 2938 superasse

136 2959 234 3034 pretio
261 2955 386 3016 obsonia
411 2958 486 3033 ipsa.
532 2956 609 3015 Vide
637 2954 675 3015 ad
702 2955 806 3015 incest.
825 2976 853 3014 u
874 2956 968 3014 1900.
1015 2953 1208 3012 Prouerbium
1236 2971 1283 3029 ap.

137 3045 248 3106 Arnob
267 3046 415 3105 adunat
433 3045 461 3102 V
481 3047 522 3104 44
548 3042 729 3120 addidistis,
757 3049 791 3104 ut
814 3044 936 3118 dicitiu,
964 3062 1036 3122 garo
1064 3038 1176 3126 gerem'
1205 3061 1283 3102 com-

137 3135 258 3213 parauit
280 3134 352 3196 Otto
376 3134 412 3194 de
434 3135 647 3212 prouerbiisp.
667 3135 701 3193 It
720 3155 748 3212 p
771 3135 842 3194 153.

229 3216 335 3286 1209.
362 3224 474 3284 Lucilii
499 3243 608 3284 nomen
635 3225 660 3286 si
689 3228 768 3284 recte
800 3226 846 3284 est
876 3221 1034 3297 traditum,
1066 3221 1102 3281 de
1133 3171 1285 3282 stmdtura

136 3316 219 3375 heroi
241 3318 331 3391 poeta
353 3314 490 3391 pluribus
514 3317 628 3393 egerat,
656 3334 697 3374 eo
718 3316 750 3372 ni
776 3314 868 3373 fallor
894 3313 959 3372 loco
987 3310 1039 3371 ubi
1062 3312 1152 3370 Ennii
1179 3331 1284 3372 uersus

136 3404 263 3485 frigidos
285 3406 500 3482 castigauerat:
523 3403 592 3463 uide
610 3403 650 3463 ad
667 3404 770 3464 incert.
788 3424 817 3462 u.
838 3403 933 3462 1190.
966 3400 1090 3471 Quintil.
1105 3401 1180 3460 VIII
1197 3403 1226 3476 3,
1241 3404 1283 3461 90

137 3489 182 3554 ‘at
195 3495 323 3573 Vergilii
341 3497 486 3553 miramur
498 3494 574 3553 illud
589 3489 703 3571 “saepe
716 3494 839 3571 exiguus
852 3486 951 3551 mus''.
989 3510 1058 3551 nam
1077 3491 1283 3567 epitheton...

136 3585 290 3661 proprium
313 3584 411 3644 effecit
433 3603 469 3643 ne
492 3584 561 3660 plus
585 3588 818 3659 expectaremus,
842 3586 872 3641 et
894 3600 980 3641 casus
1003 3581 1164 3660 singularis
1187 3582 1284 3659 magis

136 3674 245 3748 decuit,
264 3676 294 3733 et
311 3673 447 3732 clausula
464 3674 531 3749 ipsa
549 3674 637 3732 unius
655 3672 789 3750 syllabae
803 3690 862 3732 non
876 3672 989 3732 usitata
1003 3670 1120 3730 addidit
1133 3666 1283 3749 gratiam'.

137 3757 227 3822 Libro
245 3761 288 3821 IX
311 3765 420 3822 temere
443 3762 593 3821 tribuitur.

228 3842 335 3912 1910.
354 3845 461 3931 [Acro]
449 3849 520 3927 lad
534 3851 653 3911 Horatii
671 3870 757 3911 serm
776 3851 856 3925 H4,
875 3852 916 3909 39
938 3844 1054 3908 Mures
1073 3851 1173 3907 autem
1191 3866 1285 3927 genus

137 3943 183 3999 eet
208 3941 306 4016 piscis
356 3935 538 4000 Lucilius“
541 3959 701 4043 murosque
731 3933 896 3999 marinus''.
900 3935 1063 3998 'Mures
1095 3940 1141 3997 est
1172 3938 1285 3997 concha
1361 3988 1363 3993 .

136 4029 244 4090 similis
266 4048 417 4106 purpurae
440 4047 500 4106 qua
523 4029 559 4089 de
582 4032 696 4108 egimus
714 4029 752 4088 ad
770 4029 821 4088 lib.
840 4028 887 4087 III
905 4029 1027 4086 ιι.139.
1064 4025 1170 4086 Latine
1192 4028 1284 4085 etiam

138 4121 275 4178 bacinum
301 4123 390 4178 uocat
390 4139 439 4194 ur,
472 4117 583 4178 Graece
615 4117 708 4198 κήροξ
737 4110 828 4198 (Plin.
846 4120 908 4177 nat
926 4117 995 4177 hist.
1014 4115 1056 4174 IX
1077 4107 1155 4197 130)
1187 4134 1284 4192 neque

136 4210 239 4268 tamen
261 4208 431 4269 distinxisse
454 4207 582 4267 ιιιιιιιιιιιι
600 4207 725 4267 Latinos
747 4207 839 4283 uulgo
861 4207 940 4265 inter
961 4224 1126 4282 purpuram
1145 4208 1176 4264 et
1192 4207 1284 4265 muri·

138 4316 202 4357 cern
224 4298 326 4359 1.ι.“ι.
373 4298 418 4358 De
440 4298 604 4356 muricibus
625 4297 757 4357 Martial.
775 4295 850 4355 XIII
868 4297 910 4355 8⁷
935 4290 1099 4372 ‘Sanguine
1122 4294 1159 4353 de
1182 4299 1283 4356 nostro

137 4388 247 4448 tinctas
270 4388 387 4465 ingrate
411 4388 544 4447 lacernas
568 4387 677 4460 induis,
699 4389 730 4445 et
752 4404 811 4444 non
834 4388 879 4445 est
897 4386 953 4443 hoc
971 4386 1053 4459 satis,
1077 4404 1143 4445 esca
1161 4381 1284 4444 sumus’.

136 4476 240 4537 Mures
263 4476 398 4537 marinus
421 4477 500 4554 quod
523 4478 643 4555 scripsit
662 4475 805 4552 Lucilius,
827 4475 981 4552 epitheton
1003 4473 1070 4534 ideo
1094 4473 1163 4534 addi
1186 4474 1286 4534 uoluit
