3000 5002
220 367 286 433 356
591 364 690 422 incert.
709 362 767 422 ced.
786 383 813 419 u.
835 370 1018 421 ner-nnc.

221 538 311 615 gilius
339 536 414 595 dicit
436 534 509 594 Aen.
528 536 559 595 II
580 538 652 594 277.
698 535 794 595 Varro
822 537 855 594 in
882 534 1048 611 Menippeis
1075 534 1174 593 utitur
1200 535 1256 594 hoc
1285 553 1379 593 uoca-

221 626 291 686 bulo
318 628 350 684 in
380 628 499 686 rusticis
532 625 731 685 describendis
764 627 795 684 et
824 623 970 684 barbatis:
1004 618 1140 683 ‘barbato
1171 618 1281 683 rostro'
1310 625 1377 683 419

223 718 285 776 259
296 716 336 788 Β,
359 715 425 774 radi
449 715 571 774 cottidie
590 716 703 790 primus
721 716 856 773 instituit
874 713 974 789 Scipio
994 713 1180 780 Aemilianus
1199 706 1291 794 (Plin.
1313 717 1377 771 nat.

221 806 290 865 hist.
309 804 369 863 VH
389 807 450 863 211
473 804 547 863 Gell.
567 803 614 863 HI
633 797 667 884 4)
692 805 775 863 cuius
797 806 829 862 in
853 803 946 862 barba
969 802 1212 862 consuetudinem
1239 802 1378 861 radenda

221 894 422 970 sequebantur
445 893 534 952 amici
557 897 588 953 et
610 893 844 954 contubernales

312 975 418 1044 1122.
438 982 514 1042 Vide
532 983 636 1042 incert
651 981 987 1042 u.1235—1240ubi
1010 981 1068 1041 loci
1092 984 1248 1040 auctorum
1270 983 1379 1040 extant

221 1073 369 1148 exscripti.
408 1072 532 1131 Versum
555 1072 601 1131 bis
625 1073 774 1131 sententia
796 1090 934 1130 mancum
958 1071 1062 1130 efferre
1082 1069 1184 1129 Cicero
1208 1088 1268 1129 non
1287 1069 1377 1129 dnbi-

221 1163 308 1236 tauit,
332 1161 413 1238 quod
435 1163 467 1220 in
490 1163 626 1221 omnium
649 1181 698 1221 ore
723 1161 813 1221 fuisse
837 1180 905 1220 eum
930 1159 1050 1220 sciebat.
1088 1159 1215 1237 Scripsit
1237 1157 1377 1218 Lucilius

220 1253 276 1311 hoc
299 1252 360 1311 fere
384 1251 470 1310 modo
495 1246 634 1310 ‘fruimur
656 1249 730 1309 bene
754 1253 836 1310 cocto
860 1254 891 1310 et
913 1249 1047 1324 condito,
1070 1267 1204 1309 sermone
1227 1249 1307 1308 bono
1337 1254 1377 1322 et,

221 1342 247 1399 si
284 1341 415 1417 quaeris,
452 1336 600 1399 libentor'.
657 1339 774 1399 Occium
810 1342 855 1398 est
891 1338 1128 1412 substantiuum,
1165 1340 1200 1395 ut
1234 1356 1377 1397 mansum

221 1430 273 1491 lib.
292 1430 373 1489 XXX
392 1450 420 1487 u.
442 1431 526 1490 1046
551 1434 583 1489 et
606 1429 765 1489 conditum:
789 1427 887 1487 Plant.
907 1427 975 1486 Aul.
996 1430 1059 1489 429
1080 1422 1166 1503 ‘quid
1184 1431 1227 1502 tu,
1251 1427 1377 1502 malum,

222 1539 321 1593 curas,
348 1522 449 1577 utrum
473 1519 597 1578 crudum
621 1537 659 1577 an
687 1520 804 1577 coctum
831 1536 887 1594 ogo
915 1512 1015 1576 edim'.
1063 1516 1233 1575 Sermonem
1261 1515 1377 1575 bonum

171 1630 175 1638 ·
223 1614 310 1682 caput
333 1626 420 1669 cenae
442 1608 577 1684 appellat
601 1606 712 1681 (liceto,
736 1607 816 1683 quod
836 1605 942 1666 Gracci
966 1607 1069 1666 dicunt
1091 1603 1226 1683 κεφαλὴν
1249 1605 1377 1666 δείπνου

222 1690 941 1779 (0111111360,15Κοίο.1ιιεο.νοο)ι
983 1699 1088 1756 contra
1124 1694 1303 1771 Lycophron
1344 1698 1376 1754 in

221 1786 393 1846 Menedemo
413 1785 488 1845 TGF
507 1786 543 1845 od
561 1786 592 1844 Π
611 1807 639 1863 p.
660 1788 733 1860 818,
754 1786 812 1846 3Ν
835 1784 969 1864 τράγημα
992 1781 1023 1845 δὲ
1047 1782 1062 1845 ὁ
1085 1782 1292 1865 σωφρονιστὴς
1311 1789 1375 1857 τοῖς

222 1874 377 1953 φιληκόοις
400 1873 493 1954 λόγος.
513 1907 557 1916 -
575 1878 602 1934 si
625 1877 742 1948 οοοονὶο
765 1875 833 1934 uide
857 1875 896 1934 ad
914 1874 964 1933 lib.
984 1874 1028 1933 IV
1047 1895 1074 1933 u.
1101 1876 1163 1934 153
1183 1874 1236 1932 XV
1253 1893 1281 1933 u.
1298 1875 1375 1933 515.

222 1967 354 2024 libenter:
374 1964 471 2023 adfert
489 1964 865 2042 DonsaPompon.127R
883 1959 1000 2023 ‘rustici
1018 1963 1111 2023 edunt
1129 1962 1258 2022 libenter
1276 1964 1376 2023 tristis

223 2057 303 2114 atros
326 2049 449 2113 intibos'
471 2052 545 2113 (lato
569 2053 605 2113 (le
624 2073 686 2131 agr.
707 2054 776 2113 cult.
799 2055 871 2127 156,
892 2057 908 2112 1
932 2048 969 2112 ‘si
987 2053 1070 2113 uoles
1088 2055 1120 2112 in
1139 2053 1279 2112 conuiuio
1297 2054 1377 2111 mul-

222 2146 287 2203 tum
309 2143 409 2202 bibere
432 2161 596 2219 cenareque
618 2143 770 2202 libenter.
792 2189 798 2202 .
819 2137 876 2201 .’6
908 2138 966 2202 ‘uti
996 2143 1092 2220 possit
1124 2161 1212 2219 porro
1245 2141 1376 2201 libenter

222 2229 296 2292 esse'
323 2234 434 2307 157,6
465 2228 534 2309 ‘quo
562 2232 704 2292 libentius
732 2231 808 2306 edis,
839 2234 922 2292 aceto
951 2233 1047 2293 mulso
1077 2233 1225 2309 spargite:
1258 2232 1376 2290 lautam

222 2324 331 2382 siccem
357 2324 531 2399 ...paulo
562 2322 703 2382 libentius
736 2317 824 2382 edes'.
876 2321 925 2381 Sic
943 2322 1074 2381 Martial.
1094 2321 1137 2379 XI
1156 2322 1246 2393 35‚4
1280 2315 1376 2381 ‘solus

223 2432 303 2487 ceno,
326 2411 459 2486 Fabulle,
482 2432 542 2472 non
565 2407 713 2472 libenter’.

314 2493 420 2562 1124.
445 2500 611 2578 Porphyrio
635 2502 673 2562 ad
695 2500 817 2560 Horatii
835 2519 920 2560 serm.
940 2500 956 2559 I
977 2502 1026 2574 10,
1046 2501 1089 2559 30
1113 2495 1269 2558 ‘Canusini
1291 2519 1376 2559 moro

135 2593 138 2599 “
221 2586 410 2669 (Minyeias).
433 2591 582 2669 Bilinguis
601 2591 686 2665 dixit,
710 2591 850 2666 quoniam
869 2592 995 2666 utraque
1018 2590 1123 2666 lingua
1142 2591 1189 2648 usi
1207 2593 1278 2648 sunt
1295 2591 1376 2649 sicut

222 2699 408 2756 peromnem
429 2681 516 2739 illum
534 2683 663 2739 tractum
680 2670 796 2754 ltaliae
816 2682 957 2755 quoniam
977 2699 1012 2738 ex
1030 2681 1142 2737 maiore
1160 2681 1247 2755 parte
1266 2676 1376 2739 Graeci

222 2768 264 2828 ibi
292 2770 489 2829 incoluerunt.
515 2816 520 2827 .
543 2816 548 2827 .
569 2817 575 2827 .
594 2769 660 2829 ideo
689 2788 759 2848 ergo
787 2772 817 2826 et
845 2769 960 2828 Ennius
988 2771 1019 2828 ct
1040 2768 1177 2827 Lucilius
1205 2762 1376 2828 “Bruttace

224 2854 376 2936 bilingui''
401 2854 559 2918 dixerunt’.
605 2858 717 2917 Paulus
741 2878 776 2918 ex
799 2858 888 2917 Festo
906 2879 936 2935 p.
956 2859 997 2917 35
1024 2852 1190 2936 ‘Bilingues
1212 2856 1376 2917 Bruttaces

222 2947 338 3006 Ennius
362 2941 475 3029 (annal.
495 2941 612 3028 496V)
636 2947 713 3006 dixit
736 2947 816 3023 qnod
835 2947 937 3007 Brutti
960 2951 990 3006 et
1009 2946 1082 3007 Osce
1106 2950 1137 3006 et
1155 2945 1265 3006 Graece
1289 2947 1376 3023 loqui

223 3037 305 3096 soliti
327 3033 409 3097 sint'.
446 3038 494 3096 lta
512 3038 631 3113 scripsit
655 3037 887 3096 Thewrewkius:
911 3037 1048 3096 Bruttctc
1071 3035 1179 3095 maluit
1197 3035 1287 3096 scribi
1305 3055 1376 3095 cum

222 3126 393 3184 Monacensi
407 3146 466 3186 uno
480 3127 560 3203 apud
574 3126 700 3185 Paulum
714 3126 866 3186 Lucienus
880 3126 1048 3201 Muellerus,
1062 3128 1136 3185 item
1150 3125 1229 3203 apud
1240 3126 1374 3185 Ennium

223 3215 369 3274 Columna
396 3207 481 3296 (edit.
500 3214 613 3274 Hessel.
637 3236 665 3292 p.
686 3210 779 3295 327):
807 3215 887 3292 apud
916 3214 1066 3274 Lucilium
1090 3215 1226 3275 Bruttcte
1248 3216 1376 3291 scripse·

222 3306 295 3362 runt
317 3304 461 3380 Serpetns
479 3303 627 3365 Lucienus
646 3305 809 3365 Muellerus
833 3306 894 3364 alii.
932 3304 1072 3374 Quodne
1095 3305 1234 3383 analogia
1253 3304 1376 3380 quidem

223 3392 417 3452 commendat.
450 3395 527 3452 Nam
547 3394 670 3454 Casinas
693 3398 724 3454 et
741 3394 849 3454 Antias
870 3394 1010 3454 dicuntur
1027 3393 1148 3453 urbium
1166 3394 1289 3468 incolae,
1312 3411 1376 3454 non

223 3482 327 3560 populi
349 3484 496 3541 terrarum
519 3487 550 3542 et
567 3485 735 3562 regionum:
759 3483 811 3544 sed
830 3482 940 3544 Graece
958 3485 1154 3542 nominantur
1171 3483 1275 3562 populi
1295 3482 1375 3542 (lilix

225 3572 384 3648 Cappadox
408 3571 526 3631 Phaeax
549 3572 681 3632 Phoenix
703 3573 816 3648 Phryx,
845 3574 919 3633 adde
942 3573 1086 3632 Allobrox
1109 3572 1229 3632 Biturix
1252 3572 1374 3632 similia.

223 3661 372 3720 Lucilium
404 3662 495 3720 Ennii
527 3663 694 3738 exemplum
726 3664 859 3722 secutum
892 3681 954 3723 esse
987 3666 1120 3739 apparet.
1176 3661 1234 3721 Sed
1269 3661 1376 3721 eadem

223 3751 315 3811 uerba
343 3751 422 3826 apud
449 3753 610 3827 utrumque
638 3754 758 3828 poetam
787 3752 920 3812 extitisse
948 3751 1014 3812 ideo
1042 3753 1141 3810 minus
1172 3754 1218 3811 est
1249 3756 1375 3827 certum,

224 3841 304 3916 quod
332 3840 436 3900 Festus
467 3842 671 3900 accusatiuum
698 3843 799 3918 posuit
826 3842 951 3918 pluralis
979 3841 1108 3915 numeri,
1136 3840 1375 3918 Porphyrionem

223 3932 321 3989 minus
345 3929 504 4007 diligenter
527 3932 696 4007 exposuisse
715 3931 733 3989 l.
754 3949 775 3990 s.
795 3951 817 3992 s.
837 3935 882 3990 est
899 3931 1061 4007 probabile.
1099 3930 1222 3991 Casibus
1244 3929 1375 4006 obliquis

223 4019 362 4079 uocabuli
393 4018 530 4079 Bruttius
562 4020 594 4079 in
626 4020 717 4080 heroo
750 4020 796 4079 uti
833 4039 929 4096 neque
961 4020 1075 4080 Ennius
1112 4040 1207 4098 neque
1238 4018 1375 4081 Lucilius

224 4109 392 4167 uoluerunt.
447 4108 532 4169 Vnde
564 4113 715 4168 nonerunt
747 4110 837 4171 sicuti
872 4110 904 4168 in
937 4109 1069 4186 Apulida
1099 4109 1260 4169 Tusculida
1295 4110 1374 4170 eliis.

223 4197 325 4256 Tertio
348 4197 425 4257 libro
448 4198 555 4257 tribuit
577 4198 745 4258 Muellerus.

315 4277 421 4348 1125.
444 4287 611 4365 Porphyrio
635 4287 674 4346 ad
696 4287 816 4348 Horatii
839 4306 924 4346 serm.
944 4289 1008 4362 16,
1028 4289 1069 4346 68
1094 4290 1147 4347 aut
1169 4288 1250 4348 mela
1277 4288 1375 4348 lustra

223 4374 333 4433 obiciet
355 4377 514 4451 quisquam
536 4397 605 4436 uere
628 4377 702 4436 mihi
726 4373 818 4435 ‘mala
841 4377 936 4435 lustra
959 4380 1058 4437 autem
1077 4379 1222 4453 perpetuo
1240 4377 1375 4455 epitheto

224 4463 312 4522 dixit:
336 4483 389 4523 nec
408 4465 486 4524 enim
504 4470 574 4527 suut
592 4466 678 4541 bona,
700 4470 734 4526 ut
752 4465 791 4525 ad
808 4464 1016 4526 discretionem
1035 4484 1136 4527 eorum
1154 4466 1237 4526 mela
1254 4467 1374 4528 dixerit.
