3000 5002
223 366 288 435 382
586 364 684 422 inseri
704 363 761 453 sea.
780 385 808 422 u.
829 367 1016 422 raca-reor.

315 530 422 598 1203.
455 537 621 613 Porphyrio
655 537 692 596 ad
724 537 846 597 Horatii
877 537 1109 612 99111.Ι3,21
1143 532 1297 596 ‘Maenius
1335 536 1378 596 ab

223 632 337 689 sentem
360 627 491 688 Nouium
515 646 583 686 cum
607 630 741 704 carperet
769 623 851 686 “Hic
878 628 973 686 191111
999 626 1086 686 domo
1114 644 1181 700 sua,
1213 646 1312 702 quam
1350 627 1392 685 ad

223 719 321 777 forum
345 719 528 794 spectantem
551 716 711 792 habuerat,
738 716 894 776 diuendita
916 735 1008 775 unam
1030 717 1199 776 columnam
1221 715 1296 775 inde
1325 716 1391 776 sibi

224 810 382 884 excepisse,
405 807 484 866 unde
508 806 690 884 gladiatores
713 809 874 883 spectaret3
898 825 974 882 quae
997 826 1034 866 ex
1056 825 1090 865 9ο
1113 804 1213 864 119911
1237 806 1390 864 columna
1430 801 1432 806 ’

225 896 444 956 nominabatur.
482 897 566 954 cuius
589 898 619 954 et
641 895 774 955 Lucilius
797 896 840 954 sic
863 896 999 955 meminit
1022 890 1191 974 [Maenius]
1211 895 1389 953 columnam

225 1006 291 1046 curn
304 980 458 1059 petera’'.'
493 981 665 1062 [Asconius]
686 984 723 1043 ad
739 983 797 1045 (lic.
818 985 909 1044 diuin.
929 987 961 1043 in
980 984 1086 1045 099911.
1108 986 1158 1059 16,
1174 986 1216 1044 50
1230 1005 1261 1061 p.
1278 984 1387 1044 1200

226 1072 382 1149 ‘Maenius
405 1094 472 1134 oum
495 1073 615 1132 domum
638 1093 723 1133 suam
746 1073 888 1134 uenderet
905 1073 1013 1133 (latoni
1031 1077 1062 1133 at
1080 1073 1186 1133 Flacco
1204 1074 1387 1134 censoribus

226 1157 401 1247 (stollas)
425 1168 460 1222 ut
481 1164 525 1222 ibi
547 1163 672 1238 basilica
699 1162 916 1238 aedificaretur,
944 1166 1099 1240 exceperat
1126 1164 1172 1223 ius
1200 1162 1259 1221 sibi
1286 1163 1386 1222 unius

225 1255 392 1327 columnae,
420 1272 509 1329 super
537 1272 627 1329 quam
651 1256 764 1313 tectum
791 1255 938 1330 proiceret
972 1273 1006 1312 ex
1033 1251 1261 1329 prouolantibus
1289 1253 1385 1312 tabu-

224 1344 304 1417 latis,
323 1342 401 1402 unde
418 1343 478 1419 ipsi
497 1345 528 1401 et
543 1344 655 1419 posteri
673 1345 736 1402 eius
755 1347 889 1417 spectare
907 1361 1016 1401 munus
1035 1341 1236 1421 gladiatorum
1256 1347 1387 1418 possent

225 1433 304 1510 quod
328 1433 420 1492 etiam
442 1435 507 1491 tum
530 1433 563 1490 in
586 1433 650 1491 foro
674 1428 821 1491 dabatur’.
860 1431 1094 1491 Scholiastarum
1116 1430 1286 1491 doctrinam
1310 1451 1384 1492 con-

225 1522 346 1581 firmant
373 1541 409 1581 ex
435 1523 521 1598 parts
553 1521 675 1581 annales
707 1540 726 1580 a
752 1519 842 1580 Liuio
874 1520 1001 1581 adhibiti
1023 1520 1148 1579 XXXIX
1167 1523 1257 1596 44,7
1289 1516 1384 1582 ‘Cato

225 1612 303 1671 atria
326 1611 395 1687 duo,
418 1610 570 1669 Maenium
593 1614 623 1669 et
646 1611 768 1685 Titium,
791 1612 823 1669 in
846 1611 1001 1669 lautumiis
1024 1612 1055 1668 91
1076 1613 1219 1686 quattuor
1236 1608 1384 1671 tabernas

224 1702 257 1760 in
279 1701 433 1778 publicum
456 1700 529 1760 emit
555 1698 769 1776 basilicamque
795 1700 839 1758 ibi
867 1695 959 1759 fecit'.
1004 1699 1118 1759 Maeuii
1145 1700 1283 1759 columna
1313 1706 1384 1761 erat

226 1792 364 1850 columna
387 1792 507 1849 uetusta
529 1789 560 1847 in
583 1790 725 1849 honorem
750 1788 780 1848 0.
794 1789 907 1848 Maeuii
929 1807 986 1850 cos.
1007 1783 1151 1869 4161338
1176 1792 1314 1849 extructa
1345 1790 1383 1850 de

226 1900 285 1957 qua
320 1879 396 1938 Plin.
415 1879 487 1938 nat.
515 1878 584 1938 hist.
604 1878 730 1937 XXXIV
751 1881 792 1938 20
824 1870 1051 1960 (0119199199
1084 1878 1261 1956 topograph.
1294 1879 1382 1939 urbis

226 1969 362 2030 Monach.
384 1970 466 2029 1901
488 1988 516 2044 p.
538 1961 608 2048 99),
635 1966 672 2028 de
694 1967 840 2028 tabulatis
864 1968 1090 2046 propalantibus
1113 1971 1245 2027 9119919
1274 1987 1381 2044 super-

227 2062 339 2119 structo
363 2058 481 2117 fallitur
502 2056 677 2117 scholiasta:
700 2058 838 2117 columna
856 2059 940 2117 ataui
959 2059 1023 2118 eius
1041 2055 1129 2116 domo
1148 2059 1283 2134 proxima
1302 2063 1382 2135 9191,

227 2148 307 2207 unde
322 2166 403 2226 gens
421 2147 532 2206 Maeuii
550 2147 632 2207 illius
655 2149 702 2206 ius
720 2146 850 2206 habebat
867 2147 953 2207 ludos
968 2146 1121 2223 spectandi
1139 2147 1284 2207 forenses:
1308 2149 1386 2206 conf

227 2237 286 2298 019.
305 2237 437 2315 Philipp.
454 2236 498 2295 IX
518 2240 547 2311 7,
572 2238 612 2295 16
656 2232 838 2312 ‘circumque
880 2255 945 2296 eam
986 2239 1117 2296 statuam
1158 2236 1256 2295 locum
1297 2237 1382 2298 ludis

226 2325 501 2404 gladiatoribusque
531 2325 641 2385 liberos
670 2330 863 2403 postemsqne
895 2327 958 2386 eius
991 2344 1110 2402 quoquo
1147 2343 1250 2385 uersus
1287 2326 1381 2402 pedes

227 2418 358 2493 quinque
381 2411 510 2475 habere'.
547 2415 712 2475 Historiam
735 2434 826 2492 quam
849 2415 983 2475 Lucilius
1005 2419 1182 2474 narrauerat
1202 2414 1239 2474 de
1258 2415 1381 2475 Maenio

227 2506 364 2565 audierat
385 2508 475 2581 pocta
498 2523 572 2581 puer
594 2505 706 2564 Romae
728 2505 846 2565 Maenio
865 2506 1029 2565 etiamtunc
1047 2507 1132 2563 uiuo:
1155 2505 1294 2564 decoctor
1312 2509 1383 2567 9191

227 2597 258 2655 91
289 2614 390 2655 scurra
422 2594 517 2653 nobili
546 2614 653 2673 genere
685 2597 768 2654 ortus
800 2595 836 2653 de
869 2613 928 2670 quo
960 2595 1031 2654 conf
1055 2595 1127 2654 Hor.
1146 2613 1230 2653 serm.
1249 2594 1266 2653 1
1285 2595 1315 2668 3,
1338 2598 1379 2655 21

228 2684 533 2761 ep.115‚26seqq.
557 2678 720 2764 [Maenius]
744 2685 850 2745 inclusi
874 2687 909 2743 ut
931 2685 1074 2761 spurium.

319 2765 427 2834 1205.
458 2773 573 2834 Nonius
605 2793 640 2833 ex
672 2774 868 2852 grammatico
895 2794 924 2850 p.
945 2776 1022 2848 219,
1042 2775 1083 2833 28
1117 2767 1226 2832 ‘Penus
1260 2778 1382 2851 generis

229 2863 373 2922 feminini.
415 2861 547 2923 Lucilius
571 2858 704 2942 ‘'magna
727 2881 820 2941 penus
837 2880 895 2937 per
917 2880 971 2922 uos
994 2855 1100 2944 (peruo
1121 2854 1163 2942 0)
1186 2862 1284 2939 spatio
1307 2881 1382 2922 con·

227 2955 349 3029 sumpta
386 2948 540 3028 peribit”.'
596 2952 640 3010 Ex
673 2952 775 3012 eodem
812 2952 981 3012 Priscianus
1018 2951 1073 3011 GL
1092 2952 1123 3012 Π
1148 2972 1177 3028 p.
1198 2953 1276 3026 260,
1298 2953 1382 3012 17Κ

229 3036 338 3100 ‘Penus
362 3061 479 3118 quoque
503 3044 533 3101 91
555 3043 714 3102 masculini
737 3045 768 3101 91
790 3042 925 3101 feminini
949 3045 980 3101 et
1002 3044 1102 3101 neutri
1124 3042 1278 3100 inuenitur
1301 3044 1382 3102 testa

228 3131 347 3190 Donato
384 3134 415 3189 et
451 3129 555 3206 Capro.
581 3177 586 3189 .
611 3177 617 3189 .
643 3176 649 3188 .
672 3131 805 3191 Lucilius
838 3126 972 3209 “magna
995 3180 1001 3193 .
1027 3179 1032 3188 .
1057 3178 1063 3192 .
1088 3125 1242 3208 peribit”.'
1293 3130 1383 3191 Idem

228 3240 257 3297 p.
279 3221 412 3295 170,13
438 3216 498 3279 ‘hic
521 3221 646 3279 ethaeo
669 3224 699 3280 et
721 3221 778 3281 hoc
800 3238 894 3298 penus
917 3223 948 3280 et
970 3221 1026 3280 hoc
1044 3240 1154 3296 penum
1174 3218 1382 3281 ...Lucilius

229 3304 363 3389 “magna
383 3356 388 3366 .
406 3356 411 3368 .
427 3355 433 3368 .
452 3303 607 3385 peribit”.'

321 3390 426 3458 1206.
455 3398 624 3459 Scholiasta
650 3398 815 3460 Vaticanus
846 3402 883 3461 ad
911 3400 1039 3479 Vergilii
1070 3400 1229 3478 georgicon
1247 3398 1292 3458 IV
1312 3400 1379 3460 376

229 3488 383 3565 tonsisque
407 3488 508 3548 ferunt
531 3489 675 3549 mantelia
698 3483 822 3573 (uillis):
851 3487 952 3550 ‘huius
979 3490 1130 3568 singulare
1154 3484 1381 3548 “mantalam''.

229 3577 356 3638 Plautus
375 3576 407 3634 in
426 3576 562 3654 Captiuis
576 3570 672 3659 (520)
692 3575 771 3638 “nec
790 3626 840 3642 ...
859 3581 955 3639 ullum
975 3580 1140 3640 mantelum
1157 3578 1279 3638 obuiam
1298 3575 1381 3638 est''.

230 3666 365 3726 Lucilius
397 3670 498 3726 autem
530 3669 661 3727 mantela
693 3667 767 3728 dicit
798 3688 935 3747 mappas:
968 3664 1124 3729 “mantela
1155 3663 1381 3745 merumque''.'

230 3755 391 3817 Goniunrit
426 3756 482 3816 hoc
518 3757 719 3835 fragmentum
756 3777 823 3817 cum
859 3759 961 3819 insert.
980 3778 1011 3817 u.
1033 3759 1118 3817 1164
1155 3756 1270 3831 Dousa,
1309 3775 1381 3816 cum

229 3864 356 3920 mappas
372 3845 429 3906 hoo
446 3846 511 3905 loco
530 3850 632 3922 aperte
650 3847 690 3906 sit
708 3848 895 3908 scholiastae.
926 3848 1004 3907 1991
1022 3867 1052 3924 p.
1074 3848 1147 3921 133,
1162 3848 1201 3906 31
1226 3842 1381 3922 ‘frequens

231 3937 310 3995 enim
333 3935 466 4012 antiquis
489 3936 527 3995 ad
549 3955 654 3996 manus
673 3937 831 4014 tergendas
849 3957 920 3997 usus
938 3938 998 3996 fuit
1015 3931 1234 3996 mantelorum’.
1267 3936 1381 3996 Asara-

229 4030 283 4087 ton
306 4026 427 4085 uidetur
449 4025 612 4084 describere
634 4029 724 4102 poeta
744 4029 828 4086 cuius
847 4027 1052 4104 pauimentum
1070 4023 1211 4104 tegebant
1229 4044 1298 4084 cum
1317 4027 1382 4086 alia

230 4119 296 4175 tum
326 4115 459 4175 mantela
490 4133 676 4191 merumque:
707 4116 1101 4190 Η9191.99111.Π14,27
1122 4114 1306 4190 serm.H8,
1327 4119 1381 4176 12.

319 4196 429 4266 1207.
459 4204 625 4282 Porphyrio
660 4204 697 4263 ad
725 4204 845 4265 Horatii
877 4205 1128 4279 9911116106
1161 4206 1293 4263 mantica
1329 4208 1382 4265 cui

230 4293 347 4353 lumbos
374 4311 462 4353 onere
489 4295 601 4354 ulceret
629 4289 771 4354 ‘Mantica
798 4314 870 4370 pera
898 4299 951 4355 est.
997 4294 1048 4354 sed
1075 4294 1130 4353 hoc
1158 4312 1194 4353 ex
1220 4292 1381 4355 Luciliano

230 4383 284 4442 illo
307 4387 459 4459 sumptum
482 4386 536 4457 est,
560 4378 716 4442 “mantica
738 4386 873 4443 99111111
890 4388 988 4444 costas
1007 4385 1157 4462 1119111919
1176 4379 1379 4458 premebat’'.'

230 4473 361 4533 91111911
388 4471 503 4531 Daniel.
550 4470 629 4531 Scite
658 4475 746 4532 uetus
773 4474 919 4550 interpres
946 4473 1119 4532 obseruauit
1140 4470 1250 4531 Lucilii
1276 4473 1381 4534 imita·
