3060 5010
225 351 269 416 32
677 346 748 401 vu.
770 351 919 404 161-164,

224 522 313 581 natus
341 521 387 580 est
412 517 619 578 tantummodo
649 536 792 594 equorum
819 513 951 597 ungulis'
980 516 1047 578 olba
1083 515 1135 578 τὰν
1166 515 1317 578 ὑάκινθον
1344 513 1377 576 ἐν

226 605 325 690 οὔρεσι
348 608 485 687 rotperto
502 603 608 688 ἄνδρες
626 605 714 668 nicos
732 606 946 686 καταοτείβοισι
964 607 1075 684 Sapph.
1096 609 1137 667 94
1152 607 1186 666 Β.
1228 606 1378 683 Loquitur

225 700 353 760 conuiua
376 699 457 776 frugi
481 699 533 774 qui
555 698 748 774 conqueritur
771 696 908 756 intubum
931 696 1054 774 pedibus
1078 697 1194 773 equinis
1214 696 1377 756 666661116-

224 790 290 848 tum
318 792 349 848 et
375 787 543 867 neglectum
570 786 665 847 iacere
693 787 783 847 sicuti
810 785 862 845 ille
890 785 1146 847 16661161935
1175 785 1212 845 66
1244 785 1376 861 lapatho.

223 877 353 938 Videtur
387 877 516 953 denique
552 895 640 936 cenae
677 876 813 936 dominus
849 875 947 954 legem
984 877 1202 952 sumptuariam
1237 874 1377 953 religiose

224 966 404 1027 obseruasse.
451 966 529 1025 Nam
551 966 617 1045 lege
641 965 757 1024 Fannia
779 966 915 1042 sumptus
943 964 1135 1025 cohibebatur
1158 959 1289 1041 ‘praeter
1311 965 1377 1024 olus

224 1059 255 1116 et
281 1057 330 1117 far
357 1058 389 1115 et
415 1049 531 1113 uinum'
561 1045 650 1136 (6611.
664 1054 696 1113 Π
715 1056 770 1130 94,
791 1046 840 1136 9)1
872 1056 963 1114 611661
995 1055 1043 1114 lex
1070 1053 1187 1114 LicinIa
1218 1047 1377 1130 ‘quidquid

224 1149 302 1206 esset
324 1165 340 1204 6
362 1147 457 1220 terra,
484 1145 560 1218 uite,
588 1143 693 1204 arbore
720 1145 866 1220 promisce
894 1146 985 1221 atque
1007 1142 1160 1202 indefinite
1184 1144 1296 1222 largita
1318 1137 1376 1202 est'

225 1232 314 1313 (6611.
329 1235 349 1292 1.
364 1253 385 1294 6.
404 1237 421 1293 7
441 1232 570 1295 Maeroh.
586 1232 705 1293 Saturn.
720 1232 767 1291 III
788 1235 838 1308 17,
858 1234 876 1292 9
898 1232 957 1293 616.
973 1252 1017 1309 ep.
1032 1232 1092 1292 VH
1108 1234 1159 1307 96,
1175 1231 1377 1292 9611166111

223 1343 251 1400 p.
269 1326 333 1384 974
348 1316 400 1406 D).
446 1322 645 1383 Meminerant
671 1322 760 1382 huius
789 1321 864 1401 legis
892 1325 923 1381 et
951 1321 1084 1382 Lucilius
1108 1315 1225 1404 (incert
1245 1343 1273 1381 u.
1291 1323 1376 1380 1900

224 1411 297 1473 6611.
313 1414 332 1472 l.
347 1432 369 1472 s.
387 1405 443 1494 10)
463 1416 493 1472 61
511 1411 641 1472 Laeuius
660 1413 766 1489 poetae
789 1404 860 1492 (1.6.
877 1404 927 1493 9)1
951 1407 1062 1471 ‘Verba
1082 1411 1188 1471 Laeuii
1205 1411 1278 1471 haec
1297 1412 1376 1489 sunt,

223 1501 330 1578 quibus
354 1501 505 1581 significat
527 1500 664 1575 haedum,
688 1503 740 1578 qni
763 1499 802 1560 ad
820 1501 924 1577 epulas
943 1501 1044 1561 fuerat
1061 1501 1189 1576 adlatus,
1212 1500 1376 1576 6161166616,

223 1610 399 1668 cenamque,
431 1591 475 1650 ita
502 1594 537 1650 ut
564 1592 612 1650 lex
639 1591 756 1651 Licinia
784 1592 942 1665 sanxisset,
969 1591 1066 1667 pomis
1096 1589 1285 1666 oleribusque
1307 1607 1376 1649 con·

223 1676 380 1742 stmctam’
405 1698 429 1739 e.
443 1700 472 1758 q.
487 1699 508 1741 s.
551 1679 686 1740 Similem
709 1681 804 1758 igitur
826 1699 929 1740 cenam
951 1679 1080 1740 Laeuius
1099 1678 1295 1755 descripserat
1313 1680 1376 1738 eius

223 1770 343 1847 qualem
369 1771 425 1831 hoc
451 1769 529 1830 libro
552 1768 685 1830 Lucilius
713 1770 849 1829 narrauit
876 1768 1040 1829 herbosam.
1091 1768 1202 1847 Legem
1229 1768 1376 1828 Liciniam

223 1859 296 1919 tulit
324 1859 356 1919 P.
371 1858 503 1920 Licinius
532 1856 655 1920 6166666
685 1858 790 1935 Diues,
824 1860 876 1934 qui
908 1859 1012 1918 eonsnl
1044 1857 1105 1916 1611
1132 1876 1210 1918 anno
1239 1850 1377 1936 657197,

223 1967 327 2009 censor
359 1967 437 2009 anno
471 1940 597 2029 665189
632 1951 785 2027 unguenta
817 1949 932 2007 exotica
964 1950 995 2007 et
1024 1948 1096 2007 uina
1124 1943 1236 2007 616666
1264 1946 1376 2006 Itomae

224 2039 328 2098 eodem
342 2037 442 2098 616616
462 2037 648 2117 frugalitatis
667 2038 799 2097 coercuit
817 2031 907 2119 (Plin.
922 2040 983 2097 nat.
998 2037 1067 2096 hist.
1082 2035 1157 2095 xm
1172 2038 1213 2095 94
1227 2035 1299 2094 XIV
1310 2028 1376 2117 95).

223 2126 288 2198 066
317 2147 395 2188 anno
422 2129 471 2188 lex
498 2127 616 2188 Licinia
642 2127 734 2186 fuerit
761 2127 839 2201 lata,
868 2147 927 2185 non
956 2127 1081 2186 constat.
1126 2124 1170 2185 At
1199 2123 1294 2185 Stoici
1316 2129 1377 2184 tres

223 2216 256 2287 Q.
271 2218 375 2278 Aelius
399 2217 516 2277 Iubere
540 2216 574 2288 Q.
587 2216 705 2277 11116166
729 2215 875 2277 Scaeuola
897 2216 928 2275 P.
943 2215 1075 2274 Rutilius
1098 2214 1194 2274 Rufus
1224 2214 1322 2293 legem
1345 2232 1377 2274 66

224 2307 380 2368 obseruare
408 2306 555 2367 Fanniam
584 2307 662 2366 66166
690 2305 844 2365 iactabant
870 2305 991 2365 auctore
1018 2304 1174 2364 Athenaeo
1205 2302 1249 2362 VI
1266 2324 1295 2381 p.
1312 2305 1375 2364 974

225 2394 330 2455 O—F:
350 2395 431 2473 quod
448 2396 562 2456 factum
581 2414 644 2456 esse
663 2396 797 2472 suspicor
816 2414 894 2455 anno
913 2396 975 2454 fere
991 2388 1150 2474 6951199,
1169 2411 1229 2470 quo
1243 2395 1377 2471 tempore

225 2483 258 2555 Q.
272 2485 394 2546 Aelium
421 2487 540 2546 constat
568 2484 702 2545 Stoicum
729 2486 761 2543 in
788 2488 910 2562 sumptu
937 2501 1077 2544 cenerum
1099 2484 1228 2561 rIgorem
1259 2484 1377 2562 egregie

223 2574 341 2651 publice
361 2592 423 2637 esse
441 2576 608 2652 professum
629 2567 704 2656 (616.
718 2592 773 2650 pro
791 2573 867 2633 Mur.
885 2575 925 2633 75
945 2572 1013 2632 6166
1033 2572 1071 2633 ad
1089 2571 1141 2632 111).
1155 2571 1230 2631 xm
1243 2592 1271 2631 u.
1287 2565 1375 2653 445).

223 2664 331 2742 Itaque
359 2664 476 2725 Licinia
508 2665 555 2723 lex
587 2664 709 2724 uidetur
739 2664 804 2723 lata
836 2682 899 2723 esse
932 2680 1024 2723 annos
1056 2662 1136 2721 inter
1168 2654 1316 2740 6951199
1347 2664 1378 2721 61

226 2746 385 2833 6491105,
408 2773 468 2831 quo
492 2773 570 2814 anno
594 2753 728 2813 Lucilius
751 2755 868 2813 saturas
892 2751 1018 2812 scrihere
1042 2750 1139 2811 666111.
1184 2750 1262 2810 Late
1285 2749 1376 2809 fuisse

224 2861 242 2902 a
265 2842 381 2904 Licinio
400 2844 520 2903 uidetur
541 2862 608 2903 cum
632 2844 683 2902 ille
711 2842 848 2902 hibunns
871 2841 967 2918 plebis
988 2843 1065 2901 erat:
1090 2840 1194 2900 aedilis
1213 2841 1293 2900 enirn
1311 2843 1377 2899 erat

223 2931 314 3009 paulo
338 2935 407 2992 ante
430 2932 462 2992 L.
479 2931 578 2993 (tressi
605 2933 732 2992 oratoris
763 2934 793 2990 et
821 2930 855 3002 Q.
870 2931 961 2990 Mucii
989 2929 1150 2990 Scaeuolae
1181 2929 1377 3004 aedilitatem,

224 3040 297 3098 quos
330 3023 422 3082 161666
454 3022 563 3081 aediles
596 3039 675 3080 anno
708 3013 858 3099 6511103
891 3021 983 3098 uulgo
1019 3018 1156 3094 tradunt,
1194 3037 1377 3095 quamquam

224 3114 338 3171 certum
362 3114 527 3186 auctorem,
555 3111 606 3185 qui
629 3109 665 3169 de
688 3109 745 3168 hac
767 3128 799 3167 re
822 3108 990 3184 tradiderit,
1012 3110 1145 3185 proferre
1167 3127 1228 3167 non
1250 3112 1377 3184 possunt

225 3192 310 3280 (uide
334 3201 463 3277 interpp.
484 3199 522 3259 ad
547 3198 660 3258 616116
684 3198 732 3256 off.
752 3197 783 3255 Π
802 3189 868 3279 57).
911 3196 995 3268 Quod
1019 3198 1044 3256 si
1062 3197 1094 3255 hi
1112 3197 1223 3256 aediles
1242 3198 1377 3257 66666166

216 3289 299 3348 'facti
332 3291 402 3348 sunt
434 3306 511 3347 anno
545 3278 687 3365 659195,
719 3286 832 3345 tribuni
864 3288 904 3363 pl.
934 3289 1015 3347 fuere
1047 3287 1134 3345 annis
1163 3287 1313 3366 6471107
1347 3290 1378 3345 61

225 3369 386 3456 8481106,
399 3377 553 3454 probabile
572 3379 618 3436 est
632 3394 709 3435 anno
724 3375 785 3435 fere
801 3369 949 3455 6451109
964 3377 1013 3436 661
1029 3371 1177 3456 6461108
1192 3375 1224 3435 Ρ.
1238 3375 1378 3436 Crassum

224 3465 377 3526 tribunum
405 3468 502 3545 legem
531 3465 678 3526 Liciniam
706 3483 834 3543 rogasse.
885 3465 991 3542 Itaque
1024 3485 1092 3525 6661
1118 3464 1194 3525 liber
1221 3464 1331 3525 Lucilii
1349 3464 1378 3519 V

224 3558 339 3630 spectet
365 3573 477 3614 annum
507 3556 568 3614 fere
598 3549 745 3634 6381116
774 3547 857 3636 (6166
885 3555 923 3613 66
945 3575 973 3613 n.
994 3547 1090 3636 910),
1118 3553 1303 3631 probabilius
1331 3558 1379 3614 est

223 3644 302 3704 libro
321 3643 349 3700 V
368 3643 404 3704 de
427 3646 493 3723 lege
516 3644 633 3704 Fannia
655 3645 756 3703 actum
780 3661 850 3703 esse.

316 3725 398 3794 194.
430 3733 546 3794 Nonius
577 3754 605 3810 p.
629 3735 706 3808 901,
736 3735 754 3791 9
789 3729 878 3810 ‘Oepe
920 3731 1035 3812 generis
1079 3733 1184 3792 neutri.
1244 3732 1378 3793 Lucilius

225 3826 393 3900 satyrarum
417 3816 454 3905 (6.
473 3841 520 3883 661
539 3816 581 3902 6)
604 3822 696 3882 lih.V
722 3817 913 3882 “11611116...
937 3817 1079 3896 161666”.’
1122 3823 1210 3882 tollae
1234 3821 1377 3900 Scaliger.

226 3910 310 3972 OGL
334 3912 365 3972 Π
387 3933 415 3990 p.
434 3914 510 3986 195,
537 3915 575 3971 17
610 3906 698 3972 ‘talla
728 3910 882 3992 κρομμύου
915 3907 1054 3993 atnepos
1087 3911 1198 3972 Paulus
1230 3930 1266 3970 ex
1295 3911 1378 3973 Fest.

224 4022 253 4078 p.
274 4003 338 4061 358
372 3998 458 4061 ‘talla
490 3995 578 4084 (16116
610 3993 699 4082 6666)
735 4001 902 4061 folliculum
940 4020 1043 4077 cepae,
1081 4000 1158 4060 Fest.
1179 4021 1207 4078 p.
1229 4002 1307 4074 359,
1335 4004 1374 4061 11

226 4086 344 4149 ‘fallam
367 4083 485 4172 (foliam
507 4081 625 4171 apogr.)
649 4090 702 4149 alii
724 4090 892 4150 folliculum
915 4084 1024 4167 cepae’.
1041 4134 1069 4146 ..
1137 4089 1203 4150 1166
1226 4090 1291 4150 1666
1315 4108 1377 4150 666

225 4178 394 4238 folliculum
416 4181 467 4240 uel
487 4181 590 4240 tunica
613 4199 703 4256 cepae
722 4170 815 4259 (Pers.
830 4179 873 4238 IV
894 4171 949 4259 30)
969 4177 1163 4256 intellegitur,
1182 4179 1234 4237 sed
1253 4198 1378 4256 porrum

224 4266 256 4325 id
279 4271 326 4327 est
343 4266 458 4347 πράσον
477 4270 557 4347 quod
575 4272 700 4331 uocatur
718 4268 899 4328 Philemonis
918 4268 1052 4327 uersibus
1072 4267 1110 4327 ed
1129 4287 1156 4325 u.
1175 4270 1237 4328 193
1258 4268 1377 4328 allatis:

225 4355 264 4415 66
287 4358 389 4417 ordine
411 4359 610 4437 supplendum
628 4360 780 4436 ponuntur
800 4360 837 4416 ut
855 4356 922 4416 dub.
938 4378 965 4416 u.
982 4359 1069 4417 1370
1088 4352 1254 4433 ‘ponuntur
1272 4361 1377 4420 tenues

226 4441 318 4522 porri'
342 4447 436 4506 Naeu.
450 4447 478 4507 b.
492 4449 580 4509 Ρ666.
597 4449 652 4509 3Β
676 4444 773 4509 ‘saera
795 4449 827 4507 in
849 4466 952 4506 166666
975 4451 1118 4524 penatum
1137 4446 1241 4505 616166
1260 4465 1376 4523 ponun-
