3060 5010
576 352 665 406 xxv:
684 370 710 406 6.
730 356 880 406 aee-ere.
1240 351 1305 414 245

157 546 185 602 p.
204 525 239 584 R.
260 515 318 607 (ed.
341 515 440 604 1886)
459 544 488 600 p.
510 523 583 582 165.
615 521 657 580 At
674 522 834 598 repetitum
853 520 984 581 seruaui:
1006 521 1074 579 Hor.
1089 540 1174 581 serm.
1188 520 1205 580 Ι
1220 521 1248 595 3,
1265 522 1305 580 32

159 611 204 675 ‘at
226 617 272 675 661
294 614 398 686 bouus,
420 616 456 672 61
472 610 584 672 ‘melior
606 615 654 671 uir
676 631 736 671 non
760 613 837 671 alius
861 613 1028 687 quisquam,
1052 612 1085 670 at
1107 610 1164 669 tibi
1185 612 1306 684 amicus,

158 708 192 765 at
213 705 365 784 ingenium
388 705 493 781 ingens
516 702 629 762 inculto
652 704 729 761 16161
750 702 805 761 boc
829 701 883 761 sub
907 696 1049 777 corpore’.

248 785 332 853 671.
355 793 471 851 Nonius
490 813 518 869 p.
539 793 590 867 38,
609 794 629 850 4
650 787 878 868 ‘Scripturamos
896 793 1012 850 ueteres
1031 807 1105 866 quos
1124 788 1306 849 66661616-

157 882 249 943 larios
277 882 402 942 dicimus
432 883 491 940 dici
523 883 638 941 uolunt.
659 929 664 940 .
686 928 692 939 .
713 929 718 939 .
738 881 870 941 Lucilius
893 880 944 939 lib.
964 879 1063 938 XXVI
1095 874 1308 952 κ6611166666

158 992 229 1033 uero
249 1018 255 1030 .
276 1019 281 1030 .
302 1019 308 1031 .
327 976 361 1030 ut
383 965 638 1048 scripturarius”.’
684 970 767 1029 Idem
787 990 815 1045 p.
836 970 910 1045 351,
931 973 948 1029 7
974 964 1115 1043 ‘liutara
1144 968 1226 1027 aliud
1252 987 1307 1044 pro

159 1063 219 1122 alio
244 1063 385 1138 accipere.
431 1060 565 1120 Lucilius
587 1060 639 1119 lib.
658 1060 758 1118 XXVI
781 1055 982 1135 “publicanus
1003 1106 1008 1116 .
1029 1105 1035 1116 .
1056 1060 1154 1132 ,11666
1182 1058 1306 1134 scriptu-

158 1152 277 1210 rarius.
294 1198 299 1208 .
316 1145 482 1210 .omnia”.’
528 1149 585 1209 Vu.
607 1150 761 1226 6666666.
787 1151 887 1226 agitur
910 1149 945 1208 de
972 1147 1152 1224 aratoribus,
1182 1166 1307 1224 quorum

158 1243 190 1299 in
218 1259 340 1299 numero
372 1243 492 1316 poetam
524 1240 614 1298 tuisse
646 1240 859 1299 intelleximus:
891 1238 938 1298 his
971 1238 1106 1297 uersibus
1139 1238 1240 1315 agitur
1271 1237 1307 1295 de

159 1331 338 1408 pastoribus.
374 1328 460 1388 Vnde
483 1331 602 1389 constat
619 1330 682 1388 illis
700 1328 886 1406 temporibus
905 1329 923 1386 i.
943 1346 967 1386 6.
987 1346 1064 1386 anuo
1083 1328 1144 1386 lere
1164 1321 1305 1405 6231131

160 1439 264 1496 agrum
287 1418 440 1495 publicum
463 1419 552 1478 Asiae
575 1420 706 1478 locatum
728 1418 820 1478 fuisse
845 1417 1013 1495 publicanis
1036 1417 1192 1495 Romanis,
1221 1435 1308 1492 quem

160 1507 300 1568 locabant
333 1509 380 1567 illi
416 1507 570 1585 publicani
605 1507 776 1584 pastoribus
811 1507 947 1584 deinceps
985 1524 1019 1567 eo
1056 1509 1192 1584 argento,
1230 1506 1309 1582 quod

159 1600 325 1674 scriptume
343 1599 461 1657 nomine
477 1590 589 1678 (Plaut.
604 1598 690 1656 Truc.
707 1588 897 1679 144-150)
916 1616 935 1656 6
952 1596 1124 1673 pastoribus
1138 1595 1308 1673 exigebant:

160 1687 232 1747 6661
237 1687 442 1762 Murquardtii
462 1687 602 1746 enchirid.
622 1689 775 1762 antiquitt.
794 1707 823 1763 p.
842 1686 877 1744 R.
896 1686 940 1744 IV
959 1679 1053 1767 (Lips.
1070 1678 1170 1766 1881)
1185 1706 1214 1762 p.
1231 1686 1309 1744 338:

160 1776 328 1836 aratoribus
352 1776 478 1851 denique
501 1777 575 1836 Asia
598 1777 697 1837 locata
720 1780 765 1836 661
787 1776 853 1852 lege
873 1775 1048 1851 Sempronia
1073 1776 1145 1834 anni
1164 1768 1307 1853 6811123

161 1860 235 1948 (616.
250 1867 333 1925 Verr.
352 1866 400 1925 ΙΠ
421 1869 460 1924 12
480 1866 592 1926 116616
611 1887 639 1942 p.
657 1868 718 1927 125
729 1857 781 1948 N).
814 1867 859 1925 De
877 1865 964 1924 rebus
982 1865 1073 1924 Asiae
1091 1864 1187 1924 tradit
1201 1864 1309 1924 Strabo

159 1956 231 2014 XIV
248 1976 277 2033 p.
298 1957 361 2015 646
373 1958 445 2015 extr.
473 1956 700 2031 6316611666
728 1956 878 2015 consulem
910 1955 1027 2014 demum
1057 1973 1136 2014 anno
1165 1947 1308 2034 6251129
1389 2001 1392 2007 .

159 2047 345 2122 prouinciam
363 2047 564 2105 constituisse:
583 2049 683 2105 tamen
702 2045 790 2105 Liuio
809 2049 931 2104 auctore
949 2064 1010 2121 per.
1027 2044 1067 2103 58
1087 2046 1149 2103 iam
1165 2038 1308 2122 6211133

161 2135 205 2193 Ti.
222 2134 372 2194 Gracchus
400 2136 497 2213 legem
524 2154 586 2196 sese
614 2135 874 2213 promulgaturum
902 2134 938 2194 de
965 2135 1092 2210 pecunia
1116 2132 1215 2193 Attali
1242 2152 1310 2210 pro-

160 2224 319 2283 nuntiauit.
344 2217 557 2301 (Mommsenus
575 2225 684 2284 Athen.
704 2225 843 2283 Mittheil.
857 2223 956 2283 XXIV
977 2224 1061 2282 1899
1081 2217 1213 2305 p193.)
1251 2224 1309 2283 Lu·

161 2315 223 2373 oilii
246 2333 262 2372 e
284 2313 383 2372 uerbis
406 2315 530 2391 colligas
553 2314 657 2373 Attalo
677 2315 816 2373 detineto
840 2313 875 2372 de
898 2314 1016 2389 pascuis
1034 2314 1095 2372 illis
1119 2313 1309 2372 Asianislo·

161 2403 262 2462 caudis
285 2404 398 2463 Romae
422 2406 522 2463 actum
545 2404 634 2463 fuisse
658 2423 735 2479 quae
759 2422 869 2480 pascua
890 2404 1101 2462 commemorat
1120 2399 1178 2461 016.
1198 2402 1234 2461 de
1252 2401 1309 2480 leg.

161 2512 223 2571 agr.
242 2492 274 2552 11
293 2494 343 2551 50.
363 2492 557 2552 -Lucilius
584 2493 694 2552 Lucilii
721 2494 890 2552 accuratius
918 2495 987 2551 aute
1016 2492 1213 2568 descripserat
1244 2511 1309 2568 per·

161 2600 264 2642 sonam
287 2585 317 2641 61
339 2600 449 2641 mores:
472 2584 554 2641 nullo
578 2584 666 2660 pacto
686 2600 747 2641 sese
767 2582 876 2640 Lucilii
894 2600 991 2641 mores
1008 2581 1136 2640 uendere
1154 2580 1311 2658 profitetur

160 2674 250 2749 poeta
268 2691 304 2730 ne
323 2674 440 2750 magnis
457 2671 577 2748 quidem
590 2672 681 2731 lucris
694 2671 849 2730 inductum
863 2670 1103 2746 publicanorum:
1122 2671 1194 2729 conf
1203 2669 1310 2730 Horat.

161 2761 787 2837 6616111,7716666.ΠΙ316666.-
813 2779 905 2820 unum
932 2761 996 2828 boc,
1029 2759 1060 2818 id
1089 2761 1135 2819 est
1161 2778 1224 2818 esse
1252 2760 1309 2820 Lu·

162 2850 263 2910 cilium
286 2850 417 2910 moribus
439 2853 577 2928 ingenuis
601 2853 632 2910 61
656 2850 837 2910 liberalibus.
884 2849 1043 2909 Ablatiuus
1071 2852 1116 2908 est
1143 2850 1246 2926 pretii:
1274 2850 1311 2909 de

161 2940 323 3000 uerborum
350 2940 545 3000 collocatione
573 2941 645 3000 6661
663 2939 696 2997 P.
711 2940 846 3018 Laugeui
869 2939 1026 3017 Beitraege
1052 2959 1075 2997 u.
1098 2938 1175 2998 Krit.
1204 2959 1231 2997 u.
1256 2939 1309 2998 ur-

164 3031 309 3108 klaerung
328 3029 355 3088 d.
374 3030 471 3089 Plaut.
490 3051 519 3107 p.
540 3032 611 3089 223.
654 3031 771 3090 Mutare
793 3030 849 3088 hoc
871 3030 936 3088 loeo
960 3036 1005 3088 est
1028 3030 1174 3105 accipere,
1201 3048 1311 3088 emere:

162 3119 266 3179 Horat
286 3139 370 3179 serm.
389 3119 421 3179 Π
441 3122 469 3195 7,
490 3121 551 3180 109
579 3115 643 3179 ‘sub
667 3124 784 3179 noctem
808 3120 859 3195 qui
880 3139 953 3196 puer
971 3137 1062 3177 uuam
1081 3119 1195 3177 1661166
1213 3121 1312 3178 mutat

163 3205 284 3288 strigili’
308 3210 361 3268 ubi
384 3210 461 3269 editt
482 3209 551 3268 inde
575 3229 593 3269 6
615 3210 752 3270 Β6611616
778 3209 919 3286 exemplis
946 3226 1035 3268 usum
1062 3209 1197 3267 mutendi
1223 3227 1310 3268 uoca-

162 3299 226 3358 buli
249 3302 438 3359 euamanmt:
461 3296 711 3376 Ρ1661.6661.6.
734 3302 793 3358 171
816 3300 980 3375 corruptus.

252 3380 337 3450 673.
355 3389 471 3449 Nonius
485 3410 513 3465 p.
530 3391 604 3463 351,
619 3391 638 3447 4
657 3385 794 3464 ‘Mutare
807 3390 976 3448 transferre.
1001 3387 1133 3447 Lucilius
1147 3387 1198 3446 lib.
1212 3388 1311 3447 XXVI

164 3472 304 3537 “doctior
327 3496 417 3554 quam
439 3481 538 3539 661616
560 3480 587 3537 is
609 3496 665 3538 oso
687 3481 776 3538 mittis
794 3483 885 3537 mactes
904 3479 1002 3550 611666
1021 3482 1112 3536 temam
1131 3482 1213 3537 satra
1231 3479 1312 3551 16616

163 3562 283 3626 uilio”.’
330 3567 440 3629 Versus
463 3569 571 3645 prioris
595 3568 690 3627 exitus
713 3569 820 3628 similis
848 3572 894 3627 est
920 3566 1023 3627 incert.
1041 3587 1069 3625 u.
1091 3568 1164 3645 963,
1188 3566 1311 3627 alterius

164 3674 287 3715 caesura
309 3658 377 3733 post
399 3660 497 3731 611666
516 3658 603 3717 166116
622 3660 801 3737 agnoscitur.
835 3656 920 3726 Quod
941 3656 1119 3716 uocabulum
1137 3659 1216 3715 recte
1235 3658 1313 3714 sicut

164 3744 214 3802 lib.
229 3745 359 3804 XXVIII
372 3767 402 3805 u.
419 3748 481 3806 759
496 3748 577 3806 XXX
591 3767 620 3806 u.
637 3749 709 3806 992.
726 3750 789 3808 993
809 3747 953 3806 traditum
975 3764 1037 3805 esse
1057 3748 1194 3822 apparet:
1214 3746 1311 3805 locum

165 3834 314 3910 significat
345 3855 403 3910 quo
435 3838 571 3895 mutatur
602 3837 716 3913 aliquid
740 3839 759 3895 i.
784 3856 807 3896 6.
836 3836 1017 3896 transfertur
1044 3837 1079 3894 ut
1110 3852 1198 3911 saepe
1233 3834 1311 3910 apud
1436 3834 1438 3837 ’

165 3922 337 3981 Terentium
365 3915 471 4005 (Andr.
492 3926 554 3984 329
585 3921 667 3984 ‘dum
699 3925 869 4003 proficiscor
900 3919 1013 3999 aliquo'
1044 3922 1151 3982 Heaut.
1173 3925 1235 3981 572
1266 3919 1312 3983 ‘ut

164 4012 233 4071 binc
263 4013 406 4072 concedas
434 4010 572 4094 aliquo’).
609 4014 737 4090 Reliqua
764 4017 865 4074 omnia
891 4016 1013 4072 incerta.
1065 4011 1191 4088 Scripsit
1218 4013 1311 4073 Lach-

164 4120 290 4161 mannus
314 4097 440 4162 ‘doctior
459 4123 549 4178 quam
571 4106 663 4162 ceteri
681 4107 767 4180 siqua
786 4104 891 4176 mittis,
909 4105 1006 4161 mutes
1025 4102 1125 4178 aliquo
1144 4104 1209 4161 tum
1228 4121 1312 4163 sacra
1340 4131 1343 4135 ⁴

165 4193 229 4251 lace
252 4210 271 4250 a
294 4187 366 4267 uia'3
389 4212 466 4269 6666
488 4193 534 4251 116
555 4195 666 4268 posuit,
688 4212 724 4252 ea
746 4192 882 4252 uberiore
905 4192 1153 4251 commentatione
1178 4191 1313 4271 indigent

166 4299 256 4358 quam
288 4283 342 4341 illa
373 4285 419 4341 est
451 4282 605 4342 adnotatio
638 4302 698 4359 qua
728 4282 843 4359 relegat
875 4281 911 4341 ad
940 4277 1026 4340 Ouid.
1046 4283 1101 4339 art.
1121 4300 1177 4339 am.
1197 4281 1227 4340 Π
1248 4284 1311 4342 265

166 4366 244 4430 ‘rure
269 4371 437 4432 suburbano
460 4373 573 4450 poteris
596 4372 652 4431 tibi
676 4373 771 4432 dicere
797 4373 901 4446 missa,
930 4370 984 4430 1116
1006 4368 1111 4430 66116
1139 4389 1223 4431 sacra
1251 4375 1313 4432 6161

165 4460 236 4520 11661
258 4464 359 4538 empta
384 4457 446 4521 uia’
471 4462 568 4538 Priap.
589 4464 628 4521 21
656 4458 802 4539 ‘quaeque
829 4461 885 4521 tibi
912 4462 999 4538 posui
1027 4464 1180 4538 tamquam
1207 4480 1312 4522 uerna·
