3036 5004
217 371 283 435 326
622 367 697 421 xxx
715 385 742 420 u.
765 371 948 421 rom-rore.

217 540 320 599 Iunius
344 540 458 612 tibique.
504 538 569 616 Ego
591 536 724 597 Lucilius
752 536 882 615 gratim
909 534 1005 594 habeo
1027 533 1102 608 illis,
1129 535 1182 610 qui
1205 554 1252 594 me
1276 534 1315 594 ad
1339 537 1371 594 te

218 629 419 706 produxerint,
443 630 474 687 et
494 626 561 701 tibi,
583 628 636 703 qui
658 645 726 685 mea
748 627 860 702 scripta
879 625 910 684 et
927 625 1026 704 legere
1043 623 1174 684 uolueris
1193 627 1224 683 et
1241 623 1372 700 probare

217 719 359 795 potueris.
405 718 504 777 amau
526 717 559 775 in
582 715 664 774 exitu
685 733 788 774 uersus
810 715 911 790 posita
934 717 979 774 est
1000 715 1096 774 forma
1119 713 1254 773 obsoleta
1277 733 1371 791 quam

218 808 339 867 uidetur
361 808 522 882 sumpsisse
544 808 633 882 poeta
657 824 673 864 e
695 804 799 863 Plauti
820 803 938 864 fabulis.

311 888 416 956 1012.
444 896 560 954 Nonius
595 914 624 971 p.
645 895 722 968 326,
747 896 788 953 32
831 888 939 968 ‘Ieoet,
975 892 1088 967 sordet,
1129 892 1278 954 neclectus
1314 897 1372 953 est.

218 987 352 1047 Lucilius
374 986 425 1044 lib.
440 985 522 1042 XXX
545 979 600 1042 “et
623 1002 677 1043 sna
695 986 845 1059 percipere
867 987 943 1042 retro
965 982 1067 1042 relicto
1087 977 1230 1042 iacere''.'
1275 985 1373 1059 perci-

218 1077 304 1154 peret
327 1074 502 1134 Guilc'elmas
525 1065 559 1154 (l.
575 1092 596 1133 s.
612 1092 676 1148 sp.
693 1064 759 1150 37),
781 1072 860 1130 idem
884 1071 1004 1141 rellicta,
1028 1071 1108 1148 quod
1130 1073 1213 1132 caret
1235 1072 1372 1149 exemplo
1488 1092 1492 1099 ·

219 1159 267 1245 (L.
283 1164 419 1223 Muelleri
442 1164 478 1222 de
499 1183 532 1222 re
559 1165 643 1222 metr.
663 1163 700 1221 ed
713 1162 744 1221 H
762 1182 790 1239 p.
806 1153 896 1242 450),
924 1163 1092 1238 comparari
1115 1163 1215 1238 potest
1233 1162 1373 1221 rellatum

219 1254 336 1314 Lucret.
360 1252 391 1312 H
421 1254 504 1313 1001
540 1252 656 1312 Terent.
680 1251 798 1311 Pborm.
825 1253 864 1311 21
904 1250 1027 1310 reclirsit
1053 1249 1153 1310 Plaut
1182 1249 1267 1328 Gapt.
1297 1253 1372 1310 918.

219 1344 331 1423 Agitur
353 1342 389 1401 de
411 1341 523 1401 Lucilii
546 1341 662 1401 aemulo
687 1341 825 1417 quodam,
848 1359 937 1417 quem
965 1340 1068 1400 eadem
1096 1340 1234 1401 claritate
1256 1342 1374 1419 ingenii

221 1435 312 1493 fuisse
344 1431 498 1509 probabile
527 1432 690 1506 astatque
721 1428 840 1490 Goethii
867 1429 1098 1490 obtrectatorem
1121 1429 1373 1490 Pustlruchenum.

220 1523 266 1582 De
288 1523 380 1582 Accio
403 1523 518 1601 cogitat
539 1521 700 1580 Muellerus
723 1521 786 1580 sine
809 1538 906 1579 causa.

314 1603 419 1671 1013.
438 1610 554 1670 Nonius
573 1630 602 1686 p.
623 1610 696 1684 303,
717 1611 759 1669 20
779 1605 888 1683 ‘Ferre
905 1608 1038 1669 laudere.
1070 1608 1205 1668 Lucilius
1224 1608 1274 1668 lib.
1289 1609 1375 1668 XXX

223 1697 278 1761 “et
297 1747 303 1758 .
325 1747 330 1758 .
352 1746 357 1757 .
377 1694 494 1759 ferri'’.'
549 1698 753 1759 Clarissimum
785 1697 821 1756 de
853 1697 950 1775 gloria
981 1715 1104 1774 poeseos
1135 1697 1309 1757 Lucilianae
1343 1703 1376 1759 et

223 1791 401 1850 auctoritate
430 1787 510 1865 apud
538 1788 677 1863 aequales
705 1789 909 1848 testimonium
936 1790 1043 1865 poetae
1071 1788 1173 1862 ipsius.
1224 1786 1272 1846 Ad
1298 1788 1375 1860 ferri

223 1876 731 1955 comparatDousaP10pert.H5,
748 1880 764 1935 1
787 1872 863 1936 Ἣοο
881 1896 987 1936 nerum
1006 1879 1051 1936 est
1068 1878 1133 1936 tota
1151 1879 1181 1935 tc
1200 1875 1376 1954 111111,ομ-

223 1969 297 2043 tbia,
315 1965 411 2027 Roma
430 1969 460 2027 et
474 1985 534 2026 non
547 1966 652 2043 ignota
665 1967 767 2025 uiuere
781 1961 948 2043 nequitial'
964 1999 1006 2008 —
1026 1966 1144 2025 Terent
1158 1965 1292 2026 Eunucln
1307 1969 1374 2026 428

225 2052 385 2131 ‘Tuumne,
412 2055 532 2117 obsecro
563 2058 607 2130 te,
639 2056 695 2115 hoc
722 2056 835 2115 dictum
863 2054 947 2115 erat?
979 2056 1073 2114 Vetus
1101 2053 1220 2114 credidi.
1250 2060 1282 2124 lt
1311 2056 1375 2115 Au-

225 2147 342 2206 dieras‘?
379 2150 407 2213 tss
442 2145 550 2222 Saepe,
587 2149 618 2204 et
653 2146 748 2204 fertur
778 2147 812 2205 in
843 2140 984 2222 primis’.
1023 2145 1148 2204 Aristot.
1171 2145 1246 2204 rhet.
1264 2146 1311 2205 ΠΙ
1333 2150 1374 2205 12

225 2257 253 2312 p.
275 2227 380 2295 1413b
402 2238 441 2295 12
480 2233 672 2311 flaccigenus
711 2230 743 2294 δὲ
780 2233 812 2295 οἷ
844 2231 1072 2313 ἀναγνωστικοί,
1108 2226 1174 2295 οἷον
1209 2233 1377 2315 Χαιρήμων

226 2318 365 2406 (ἀκριβὴς
387 2322 443 2405 γὰρ
466 2321 563 2405 ὥσπερ
586 2316 799 2404 λογογράφος)
836 2321 885 2383 nal
907 2321 1076 2401 Λικύμνιος
1103 2331 1161 2383 τῶν
1187 2322 1376 2404 διθυραμβο-

226 2423 328 2475 ποιῶν.

317 2495 424 2564 1014.
452 2503 569 2563 Nonius
591 2524 620 2580 p.
641 2503 719 2577 388,
739 2504 779 2562 23
812 2498 966 2576 ‘Saeuum
999 2501 1114 2561 durum.
1144 2547 1151 2561 .
1176 2549 1181 2560 .
1207 2549 1213 2560 .
1241 2502 1377 2564 Lucilius

226 2593 277 2653 lib.
296 2592 378 2652 XXX
411 2585 508 2674 “id(it
532 2585 635 2674 L)que
666 2593 728 2651 tuis
758 2594 846 2667 factis
876 2592 975 2652 saeuis
1006 2638 1011 2649 .
1037 2638 1043 2650 .
1068 2638 1074 2649 .
1103 2587 1237 2652 dictis''.'
1290 2592 1377 2653 Idem

227 2704 255 2759 p.
276 2685 350 2756 409,
370 2684 388 2742 0
414 2678 534 2756 ‘Triste
557 2681 684 2755 crudele,
706 2683 820 2740 inmite.
916 2680 1051 2742 Lucilius
1073 2680 1124 2740 lib.
1143 2681 1226 2740 XXX
1255 2676 1378 2756 “itaque

226 2775 288 2832 tuis
315 2774 393 2832 acuis
419 2773 506 2844 factis
526 2817 531 2829 .
552 2817 558 2829 .
579 2818 584 2829 .
604 2765 737 2839 dictis'fi’
784 2772 870 2844 idque
897 2773 977 2831 recte
1004 2770 1123 2845 Iunius,
1154 2789 1221 2832 cum
1248 2775 1377 2849 utroque

227 2862 292 2923 loco
316 2861 391 2921 codd
413 2863 425 2919 i
447 2861 579 2920 litteram
603 2863 758 2920 testentur.
804 2862 900 2920 tristia
922 2862 1000 2920 dicta
1022 2864 1093 2920 sunt
1114 2880 1218 2921 uersus
1241 2863 1377 2921 saturae:

228 2950 371 3009 Horatius
394 2970 479 3009 serm.
497 2949 529 3009 11
549 2955 577 3024 1,
598 2951 636 3009 21
665 2944 787 3026 ‘quanto
810 2949 919 3010 rectius
947 2951 1003 3010 hoc
1031 2969 1122 3026 quam
1149 2948 1231 3010 tristi
1258 2949 1378 3010 laedere

228 3059 315 3098 uersu
335 3038 535 3098 Pantolabum
553 3056 685 3098 scurram
704 3039 983 3115 Nomentanumque
1001 3033 1161 3116 nepotem'.
1200 3035 1301 3115 ‘idque
1315 3042 1378 3100 tuis

228 3130 326 3189 saeuis
345 3129 432 3187 factis
451 3129 481 3186 et
498 3127 634 3187 tristibus
654 3127 741 3186 dictis
761 3131 790 3186 te
810 3129 949 3204 consequi
963 3127 1047 3204 cupis
1062 3131 1096 3186 ut
1112 3127 1206 3187 risum
1220 3125 1380 3189 excutias’:

229 3217 300 3277 Hor.
320 3237 406 3277 serm.
424 3217 440 3274 I
458 3219 488 3291 4,
508 3218 559 3276 34.
579 3217 629 3276 83.
682 3215 853 3278 Ohiasmum
879 3219 967 3290 sactis
995 3219 1094 3276 οοοοίο
1125 3216 1271 3293 praebent
1302 3218 1379 3277 codd

229 3328 257 3384 p.
278 3308 341 3366 388
366 3325 439 3380 quos
462 3310 579 3367 secutus
602 3325 668 3366 sum
690 3310 726 3367 ut
747 3307 884 3368 meliores
905 3307 939 3366 in
961 3305 1080 3367 exordio
1104 3325 1215 3366 uersus.

322 3387 427 3454 1015.
451 3395 566 3456 Nonius
589 3416 618 3473 p.
639 3397 712 3472 284,
733 3398 773 3455 14
798 3392 935 3455 ‘Differre
955 3443 982 3454 ..
1000 3443 1005 3454 .
1025 3396 1188 3470 diffamare,
1211 3395 1379 3473 diuulgato.

230 3484 364 3544 Lucilius
388 3484 438 3543 lib.
458 3486 539 3544 XXX
564 3481 699 3563 “gaudes
719 3481 933 3546 ...differs''.'
975 3485 1021 3545 De
1045 3482 1241 3546 ‘sermonibus
1264 3482 1377 3546 differs’

229 3575 380 3634 locutione
411 3573 481 3633 uide
512 3574 551 3634 ad
574 3595 601 3632 u.
628 3575 727 3635 1016:
759 3572 824 3634 Liu.
843 3574 970 3634 XXXIV
989 3576 1084 3650 49,5
1118 3570 1380 3636 ‘Acrocorinthum

230 3665 304 3740 ipsis
327 3663 474 3740 extemplo
498 3663 669 3723 uidentibus
691 3682 818 3723 uacuam
840 3664 968 3725 Achaeis
990 3664 1187 3740 traditurum,
1214 3668 1249 3725 ut
1276 3684 1401 3727 omnes

231 3754 354 3828 sonent,
381 3755 482 3811 utrum
505 3753 647 3812 Romanis
671 3772 709 3812 an
732 3754 848 3813 Aetolis
870 3755 993 3815 mentiri
1015 3773 1079 3815 mos
1102 3757 1192 3831 esset,
1220 3757 1273 3832 qni
1299 3757 1380 3816 male

231 3844 420 3903 commissam
451 3841 621 3901 libertatem
653 3842 763 3919 populo
795 3844 930 3904 Romano
965 3843 1149 3905 sermonibus
1185 3841 1380 3905 disulcans.

231 3932 322 3991 Recte
350 3931 480 4008 explieat
505 3932 622 3990 Nonius
649 3932 781 4005 differre,
812 3932 979 4008 diurdqare,
1010 3936 1045 3993 ut
1073 3933 1132 3994 Cic.
1156 3953 1210 4011 pro
1229 3934 1315 3994 Font.
1337 3938 1381 3996 20

232 4016 371 4080 ‘maxime
395 4023 474 4080 enirn
496 4022 613 4080 inimici
635 4021 712 4080 hanc
733 4040 797 4081 rem
815 4022 1000 4082 sermonibus
1023 4022 1178 4102 diuulgari
1196 4021 1381 4085 uoluerunt’.

232 4110 331 4170 Verba
349 4114 419 4170 sunt
438 4111 615 4170 aduersarii:
634 4111 770 4171 imitatus
790 4114 835 4171 est
852 4111 998 4171 Horatius
1017 4131 1103 4171 serm.
1118 4112 1178 4187 14,
1194 4114 1234 4172 78
1251 4107 1383 4176 ‘laedere

232 4194 365 4277 g'audes',
387 4201 497 4277 inquis,
522 4195 563 4259 ‘et
586 4201 643 4260 hoc
665 4200 764 4261 studio
787 4219 899 4277 prauus
922 4195 1017 4262 facis'.

324 4280 430 4348 1016.
454 4290 569 4349 Nonius
592 4310 620 4365 p.
641 4291 714 4365 284,
734 4291 774 4349 23
795 4284 941 4366 ‘Differre
965 4289 1098 4350 diuidere
1117 4292 1166 4351 uel
1184 4291 1383 4355 scindere...

232 4375 366 4435 Lucilius
397 4377 448 4435 lib.
468 4379 550 4437 XXX
583 4374 638 4438 “et
661 4425 666 4437 .
691 4424 698 4438 .
724 4425 729 4435 .
753 4375 898 4439 differs''.'
955 4378 1054 4438 Verba
1089 4384 1161 4441 sunt
1201 4379 1384 4444 aduersarii:

233 4464 377 4524 Horatius
400 4485 485 4525 serm.
504 4468 520 4526 Ι
539 4469 572 4543 4,
592 4468 633 4525 36
668 4461 710 4526 ‘et
744 4467 949 4545 quodcumque
985 4469 1076 4528 semel
1113 4471 1204 4530 cartis
1239 4470 1384 4550 illeuerit,
