3036 5004
210 333 275 398 328
616 330 693 386 xxx
711 351 737 385 u.
759 337 943 386 ιοιι-ιοιι.

211 504 330 577 culpare
357 504 565 563 consociantur
586 503 685 562 Plaut.
704 501 844 562 Bacchid.
864 503 927 561 397
957 497 1055 562 v‘illum
1082 500 1247 560 laudabunt
1276 500 1362 570 boni,

211 593 289 652 huno
311 593 402 652 etiam
424 592 484 668 ipsi
507 591 672 669 culpabunt
693 587 778 652 mali'
803 592 884 651 Trin.
905 593 969 651 210
994 587 1119 650 ‘falcone
1143 611 1180 649 an
1203 609 1275 651 uero
1293 590 1362 650 lau-

211 682 282 741 dent
309 683 430 759 culpent
457 701 544 757 quem
573 682 681 756 uelint,
713 702 772 741 non
799 682 884 741 flocci
911 682 1039 755 faciunt,
1071 680 1142 739 dum
1171 679 1247 739 illud
1280 680 1362 756 quod

211 772 314 831 lubeat
345 766 452 831 sciant'
485 771 537 830 ubi
568 772 641 830 item
674 774 756 831 extat
787 770 967 846 asyndeton
1003 770 1108 830 Horat.
1128 788 1213 829 serm
1232 770 1359 843 12,11

213 857 367 920 landatur
389 861 427 920 ab
449 861 505 928 his,
530 860 668 937 culpatur
689 860 727 920 ab
744 855 827 920 illis'.
843 893 885 901 —
898 877 990 935 neque
1003 862 1123 934 proficit
1139 861 1231 918 tilam
1249 859 1363 937 legitur

212 953 244 1010 in
262 952 368 1029 fragm.
383 950 489 1008 dubiae
504 951 695 1009 auctoritatis
711 969 758 1027 ap.
774 948 833 1009 Cic.
848 949 1007 1024 'lhrsc15,
1025 952 1066 1009 10
1081 942 1241 1032 (incerta
1258 940 1362 1028 1375)

213 1040 292 1117 quod
316 1040 414 1099 adfert
435 1039 589 1098 Noninsl
609 1059 630 1099 s
650 1058 672 1099 s.
696 1041 727 1098 et
713 1039 869 1099 tuidetnr
892 1057 954 1099 esse
977 1038 1076 1098 Ennii.
1462 1056 1463 1059 ’

305 1121 410 1189 1022.
437 1129 604 1204 Noniusp
626 1130 698 1203 181,
718 1129 757 1188 31
789 1124 897 1188 Tenta
924 1128 1038 1187 dictum
1065 1147 1119 1204 pro
1145 1131 1305 1188 extensas..

213 1221 279 1279 ot
270 1240 302 1278 ιι
329 1218 381 1277 lib.
399 1213 519 1276 XXX‘
524 1212 646 1277 hict
611 1220 646 1277 ut
676 1217 841 1292 mascipoto
872 1219 973 1277 tentae
1001 1236 1076 1292 apoc
1102 1220 1234 1294 scorpios
1266 1174 1365 1277 cauda

213 1302 376 1368 sublata”.'
427 1307 511 1367 Idem
538 1328 566 1383 p.
587 1308 665 1381 266,
690 1309 708 1368 3
744 1303 935 1367 ‘Contentum
968 1307 1080 1367 dicitur
1114 1309 1275 1368 extensum.
1301 1354 1306 1365 .
1329 1353 1364 1366 ..

213 1398 346 1457 Lucilius
365 1397 416 1457 lib.
435 1397 518 1456 XXX
537 1391 610 1456 “hic
627 1399 663 1455 ut
680 1398 846 1471 muscipula
864 1401 995 1456 contenta
1013 1402 1099 1470 atquo
1116 1398 1247 1473 scorpios
1266 1397 1365 1456 cauda
1418 1422 1420 1424 ·

214 1480 337 1569 (caudas
356 1488 386 1546 L
403 1507 440 1546 m.
462 1477 495 1567 1)
514 1481 679 1546 sublata’'.'
716 1486 800 1546 Idem
818 1507 846 1562 p.
867 1487 941 1560 385,
961 1488 1003 1546 30
1023 1481 1203 1560 ‘sublatum
1222 1487 1364 1545 erectum.

215 1576 418 1636 ..Lucilius
440 1574 492 1634 lib.
510 1575 593 1634 XXX
617 1571 690 1635 “hic
713 1579 747 1635 ut
769 1576 954 1653 muscipulae
977 1580 1075 1635 1οκ1οι
1099 1576 1194 1652 adque
1222 1578 1259 1634 ut
1286 1592 1365 1635 scor-

210 1667 282 1739 pios
309 1664 404 1724 cauda
431 1659 596 1724 sublata”.'
646 1664 726 1725 Loco
753 1665 860 1725 ultimo
887 1664 979 1724 uerba
1006 1664 1117 1725 Lucilii
1144 1667 1264 1725 seruato
1293 1668 1366 1723 aunt

215 1755 277 1812 iere
294 1753 413 1833 integra
430 1755 489 1814 nisi
509 1753 589 1829 quod
607 1757 701 1813 tentae
719 1757 749 1814 et
767 1756 894 1827 scorpios
912 1754 1023 1815 formas
1042 1774 1058 1813 1
1076 1754 1226 1830 prioribus
1245 1756 1367 1830 oportet

214 1844 380 1902 restituere.
431 1842 546 1903 Turbas
573 1844 646 1902 fecit
673 1843 753 1919 quod
778 1845 869 1920 pocta
899 1844 1081 1917 muscipulos
1113 1844 1215 1920 posuit
1245 1844 1366 1919 plurale

216 1935 347 1993 tantum:
374 1932 525 2009 prioribus
548 1934 628 1991 cuim
655 1933 729 1991 locis
755 1933 873 1992 librarii
900 1932 1083 2011 singularem
1109 1951 1266 1993 numerum
1292 1935 1366 2010 poni

215 2022 394 2081 maluerunt.
428 2020 513 2090 Quod
531 2023 658 2096 scorpios
677 2021 820 2082 Graecam
838 2023 965 2084 formam
982 2024 1093 2098 posuit,
1115 2024 1147 2081 in
1166 2042 1201 2082 ea
1219 2042 1252 2081 11
1270 2024 1366 2082 secuti

216 2131 284 2170 eum
313 2113 383 2170 sunt
410 2110 589 2170 Arateorum
620 2114 727 2187 poetae
755 2111 856 2173 Cicero
885 2111 1078 2172 Germanicus
1105 2112 1240 2171 Auienus
1269 2104 1366 2194 (239)

217 2197 344 2259 Ouidius
362 2200 504 2261 Manilius
522 2201 670 2261 Martialis
690 2193 750 2281 (m
768 2204 821 2278 44,
840 2195 875 2283 8)
893 2202 1032 2261 Lucanus
1051 2194 1108 2284 (IX
1124 2193 1202 2283 533)
1221 2202 1367 2262 Horatius
1389 2254 1396 2261 .

218 2281 321 2369 (carm.
336 2289 367 2348 H
382 2292 423 2349 17
426 2282 505 2371 ,17)
525 2290 676 2368 Vergilius
696 2283 809 2373 (georg.
822 2284 924 2372 135):
943 2310 1018 2392 quos
1032 2291 1112 2352 locos
1135 2274 1195 2351 tres
1220 2293 1368 2350 extremos

218 2378 337 2452 notaui,
365 2379 406 2439 eis
429 2380 503 2440 locis
527 2379 697 2457 discrepant
719 2380 833 2441 codices
857 2381 979 2442 sicuti
970 2401 1003 2439 ιι
1030 2381 1085 2440 hoc
1112 2381 1178 2441 loco
1201 2380 1368 2457 Luciliano,

218 2467 368 2528 Graecas
354 2470 449 2529 forma
472 2473 573 2529 tamen
595 2470 704 2547 ubique
728 2473 782 2529 aut
804 2470 941 2548 eligenda
964 2473 1000 2530 ut
1020 2470 1202 2530 reconditior
1224 2472 1255 2530 ct
1271 2489 1369 2530 remo·

218 2560 280 2619 tior
303 2578 321 2618 a
344 2559 534 2619 librariorum
557 2561 682 2619 scientia
705 2561 759 2618 aut
780 2561 867 2619 restit
854 2559 974 2633 t,uenda
997 2561 1068 2637 qnia
1090 2563 1222 2635 scorpius
1240 2561 1369 2620 formam

219 2669 237 2706 a
259 2650 356 2725 poetis
380 2651 556 2726 usurpatam
580 2668 642 2709 esse
666 2652 810 2725 quantum
833 2649 922 2710 uideo
946 2652 996 2709 uix
1019 2648 1132 2726 poterit
1157 2649 1369 2709 demonstrari.

220 2740 348 2812 scorpios
376 2739 468 2798 etiam
495 2739 617 2799 Verrius
645 2759 692 2816 ap.
716 2739 794 2799 Fest.
813 2759 842 2815 p.
865 2740 968 2799 1651
987 2759 1015 2798 n
1034 2757 1120 2815 nepa.
1166 2738 1266 2799 Verba
1298 2742 1370 2798 sunt

220 2826 394 2902 aduersarii,
417 2828 571 2886 referenda
594 2847 629 2887 ea
653 2847 715 2888 esse
739 2831 865 2905 apparet
890 2828 927 2887 ad
951 2827 1137 2888 Lucilium
1129 2848 1227 2904 ipsum
1255 2832 1289 2887 ut
1315 2829 1369 2888 ho-

220 2917 332 2974 minem
354 2917 551 2993 periculosum
576 2921 606 2976 11
628 2917 816 2978 insidiosum:
838 2918 914 2977 bene
936 2918 1124 2995 explicantur
1145 2918 1217 2977 Hor.
1237 2935 1322 2975 serm.
1338 2917 1371 2977 11

223 3010 251 3079 1,
271 3007 312 3063 44
338 3000 392 3064 ‘At
409 3005 461 3063 illc
484 3007 537 3081 qui
556 3024 602 3064 me
622 3009 777 3066 commorit
791 3040 834 3048 -
848 3006 954 3067 melius
973 3026 1033 3067 non
1054 3008 1190 3085 tangeret
1214 3006 1309 3066 clamo
1325 3038 1370 3048 —

221 3094 304 3153 flebit
330 3097 360 3152 11
387 3093 514 3171 insignis
542 3097 608 3154 tota
635 3095 806 3155 cantabitur
834 3091 926 3156 urbe’.
971 3095 1055 3155 Idem
1073 3095 1089 3154 1
1108 3098 1138 3169 4,
1158 3098 1199 3156 34
1225 3091 1371 3156 ‘Faenum

221 3182 312 3242 habet
335 3183 366 3240 in
390 3200 494 3258 cornu,
521 3183 609 3262 longe
633 3184 714 3263 fuge:
742 3185 901 3244 dummodo
928 3187 1023 3245 risum
1051 3187 1183 3245 excutiat
1210 3186 1281 3259 sibi,
1308 3205 1370 3245 non

221 3273 270 3331 hic
298 3272 437 3348 cuiquam
465 3276 567 3349 parcet
593 3275 689 3332 amico
717 3277 748 3333 ct
776 3274 971 3351 quodcunque
995 3276 1086 3334 semel
1114 3275 1203 3336 cartis
1230 3275 1371 3351 illouerit,

222 3363 317 3422 omnis
341 3363 449 3439 gestiet
472 3381 490 3421 a
512 3362 600 3421 inmo
623 3363 774 3423 redeuntis
804 3366 878 3424 scire
902 3365 1028 3440 lacuque
1051 3368 1082 3424 11
1103 3384 1211 3442 pueros
1237 3368 1267 3424 11
1286 3384 1370 3425 anus

226 3482 263 3491 —
284 3450 430 3528 Agedum,
453 3470 550 3527 pauca
572 3454 673 3528 accipe
698 3449 822 3513 contra’.
868 3453 1009 3513 Imitatus
1033 3456 1078 3512 est
1100 3457 1190 3529 poeta
1212 3454 1347 3513 locum'
1338 3474 1370 3513 m

223 3539 331 3599 scholis
353 3540 503 3599 rhetorum
528 3540 642 3600 clarum
665 3544 809 3602 orationis
832 3542 1074 3602 Demosthenis
1064 3562 1097 3600 m
1120 3541 1251 3622 Aristog
1270 3543 1306 3602 A.
1328 3545 1370 3602 52

220 3620 292 3687 'Ati
318 3627 371 3707 οὐχ
399 3620 500 3776 odico!
511 3625 626 3688 οὐδὲν.
647 3627 771 3690 ..ἀλλὰ
798 3631 951 3710 πορεύεται
978 3628 1029 3692 1ιᾶ
1055 3640 1109 3710 τῆς
1136 3628 1295 3711 ἀγορᾶς”
1274 3647 1372 3710 ωσπερ

224 3715 283 3795 ἔχις
314 3713 335 3796 i)
367 3717 539 3796 σκορπίος
571 3714 689 3800 ἠρκὼς
721 3717 757 3780 τὸ
789 3717 1008 3799 έκντρον,’
987 3742 1083 3805 ρττων
1120 3719 1207 3800 δεῦρο
1244 3717 1372 3799 κάκεῖσε,

225 3815 344 3867 σκοπῶν
371 3807 429 3867 τίνι
451 3804 609 3885 συμφορὰν
631 3803 652 3886 i)
674 3809 867 3887 βλασφημίαν
893 3805 912 3888 ἢ
939 3809 1032 3870 κακόν
1058 3832 1087 3870 τι
1114 3810 1373 3890 προστριψάμενος

224 3894 274 3956 καὶ
306 3895 489 3974 καταστήσας
522 3895 564 3968 εἰς
598 3895 697 3975 φόβον
730 3895 873 3979 ἀργύριον
907 3899 1044 3977 πράξεται
1077 3919 1165 3977 quom
1200 3902 1298 3960 locum
1325 3899 1373 3959 bis

224 3988 441 4063 interpretatus
461 3988 505 4046 est
519 3988 623 4046 auctor
636 3988 744 4047 rhetor.
760 3988 798 4048 ad
811 3987 881 4046 Her.
895 3988 939 4047 IV
954 3991 1006 4063 49,
1021 3990 1061 4048 62
1077 3990 1153 4049 med.
1174 3991 1226 4064 39,
1242 3991 1280 4049 51
1297 3990 1375 4065 init,

226 4094 295 4151 spec
296 4079 342 4135 tat
296 4076 465 4136 tPollux
484 4074 527 4134 VI
547 4077 609 4134 125
635 4076 774 4156 σκορπίος
797 4076 932 4154 ζητῶν”
916 4100 971 4162 orgo
1001 4075 1209 4158 ἕνχρίμψει
1182 4101 1214 4141 το
1242 4075 1374 4158 κέντρον

319 4156 710 4240 1014.Νοιιιιρ.3ιι,
730 4170 769 4225 11
796 4139 984 4243 ‘Inprobum,
1011 4186 1173 4228 saeuum..
1189 4172 1267 4228 ..et
1285 4168 1374 4228 Luci-

225 4254 284 4314 lius
314 4253 365 4313 lib.
383 4255 466 4313 XXX
498 4249 727 4330 “inprobior.
748 4251 935 4316 m.0rdet''.'
985 4255 1041 4315 Hic
1072 4255 1161 4315 homo
1194 4259 1312 4317 saeuior
1344 4261 1376 4317 et

226 4342 389 4418 improbior
421 4346 466 4404 est
497 4344 606 4419 multo,
640 4363 731 4421 quam
763 4346 861 4405 audax
891 4346 943 4406 ille
975 4345 1011 4404 de
1043 4364 1102 4420 quo
1135 4344 1263 4406 diximus
1296 4350 1374 4406 ante.

228 4431 346 4500 Quanto
368 4431 505 4492 blandior
527 4433 601 4493 haec
628 4433 715 4509 dicit,
742 4437 828 4495 tanto
855 4435 1059 4495 uehementius
1087 4432 1182 4493 laedit
1208 4436 1317 4496 fucosis
1346 4440 1377 4497 11
