3036 5004
571 349 687 405 XXVIII
704 368 731 404 u.
752 355 900 405 770-782.
1242 351 1307 417 275

109 550 114 563 ·
160 535 248 576 sensu
264 519 344 594 >poni
365 519 455 579 sicuti
477 519 642 579 submittere
664 518 873 579 adnotauimus
896 519 936 579 ad
953 519 1004 578 lib.
1023 519 1065 579 IX
1084 540 1112 578 u.
1128 520 1191 579 335
1212 539 1307 596 neque

160 609 261 668 temen
284 606 427 667 hocloco
449 607 481 666 id
503 627 558 668 usu
582 609 683 667 nanim
707 607 844 668 arbitror.

252 688 333 756 786.
356 696 472 757 Nonius
494 717 523 773 p.
539 698 612 772 275,
632 698 651 755 8
677 693 823 772 ‘Gradere
845 697 916 756 fidei
940 700 1132 758 committere.
1175 698 1307 758 Lucilius

160 783 210 843 lib.
225 784 354 844 XXVIII
370 780 489 846 “uitam
508 832 514 845 .
530 833 536 844 .
552 832 559 845 .
578 781 704 847 meas”.'
742 787 904 848 Menander
918 785 1002 845 CAV
1016 787 1063 845 HI
1076 807 1105 894 p.
1122 788 1195 861 169,
1210 787 1307 847 554Κ

160 871 215 932 οὐκ
238 870 271 932 ἐκ
293 873 392 935 πότων
414 872 464 935 καί
486 883 538 953 τῆς
561 867 630 935 καθ’
650 870 763 955 ἡμέραν
781 883 897 956 τρυφῆς
915 877 1058 954 ζητοῦμεν
1075 896 1099 959 ρ)
1114 875 1307 954 πιστεύσομεν

160 960 194 1021 τὰ
218 971 270 1023 τοῦ
293 962 373 1042 βίου,
395 963 499 1043 πάτερ;
522 962 559 1025 od·
582 963 716 1044 περιττὸν
739 957 804 1025 οἴετ’
829 961 1014 1045 ἒξευρηνίναι
1037 962 1155 1045 ἀγαθὸν
1177 962 1308 1041 ἕκαστος,

159 1048 198 1110 ἂν
220 1048 270 1136 ἔχη
293 1052 383 1129 φίλου
406 1053 507 1125 celim
536 1053 601 1124 Quo
627 1056 693 1114 Iooo
720 1054 756 1114 de
784 1057 880 1115 amico
902 1056 1003 1133 agitur
1024 1073 1109 1114 ueror
1139 1055 1176 1113 de
1198 1057 1307 1114 marito

159 1140 256 1200 Plaut
276 1141 363 1201 More.
385 1143 449 1202 700
473 1138 541 1202 ‘tali
563 1143 628 1202 niro
652 1162 728 1219 quae
752 1145 903 1220 nupserim
993 1164 1039 1205 em
1057 1145 1130 1221 quoi
1151 1147 1183 1205 te
1206 1147 1236 1205 et
1254 1149 1308 1204 tua

160 1249 237 1306 quae
259 1233 296 1290 tn
318 1230 428 1291 habeas
451 1233 637 1295 commendes
660 1228 752 1309 niro';
775 1232 812 1293 de
833 1233 1014 1309 reipubIIcae
1033 1234 1106 1293 duee
1126 1239 1156 1293 et
1173 1236 1308 1311 principe

160 1318 263 1395 Polyb.
282 1319 341 1378 XII
362 1324 412 1395 13,
432 1323 450 1380 6
476 1318 522 1380 διὸ
545 1318 595 1381 καί
614 1322 699 1382 δοκεῖ
713 1344 763 1400 μοι
787 1323 909 1400 Τίμαιος
927 1319 980 1402 οὐχ
999 1321 1093 1395 οὕτως
1112 1314 1308 1403 Δημοχάρους

32 1433 43 1452 ·
159 1413 333 1490 κατηγορεῖν
356 1405 396 1482 ὡς
416 1403 598 1488 Ἀθηναίων,
621 1409 649 1470 εί
670 1419 805 1471 τοιοῦτον
828 1407 923 1490 ἄνδρα
946 1421 1079 1492 προῆγον
1103 1410 1154 1472 καὶ
1183 1413 1307 1497 τοιούτῳ

159 1495 214 1574 τὴν
242 1497 369 1576 πατρίδα
395 1495 446 1559 καί
474 1498 543 1572 τοὺς
571 1498 668 1573 ἰδίους
694 1500 780 1580 βίους
813 1499 992 1580 ἐνεχείριζον.
1044 1500 1103 1561 oio.
1127 1501 1158 1560 iu
1181 1502 1265 1562 Verr.
1279 1500 1308 1559 V

161 1587 190 1662 6,
211 1587 250 1647 13
276 1582 364 1664 ‘quae
382 1588 421 1647 ad
439 1589 536 1649 uitam
554 1593 585 1649 et
604 1589 641 1648 ad
660 1591 795 1650 fortunas
814 1591 946 1650 omnium
964 1586 1159 1666 pertinerent’
1178 1589 1307 1668 Philipp.

159 1675 218 1735 VH
238 1679 267 1750 9,
287 1678 327 1735 27
349 1672 426 1737 ‘uita
444 1683 474 1737 et
492 1679 629 1739 fortunae
649 1680 755 1755 optimi
774 1675 938 1756 cuinsqne'.
976 1678 1140 1756 Suspioeris
1154 1679 1307 1740 mulierem

159 1766 253 1841 loqui.

250 1846 332 1916 781.
364 1855 479 1915 Nonius
511 1877 540 1934 p.
562 1861 639 1933 121,
665 1859 681 1917 7
717 1853 878 1933 Ἥοευιυη,
913 1858 1008 1935 ipsius
1040 1859 1119 1918 anni.
1174 1858 1308 1918 Lucilius

159 1943 209 2002 lib.
228 1944 357 2004 XXVIII
382 1940 507 2005 “utrum
530 1966 608 2007 anno
632 1968 670 2008 an
693 1948 788 2006 horno
811 1952 838 2006 te
855 1948 1010 2006 atstulrrie
1029 1967 1047 2006 a
1066 1943 1178 2008 uiro'’.'
1220 1966 1308 2017 οπιιο,

158 2034 350 2095 antecedente
373 2053 451 2095 auno
474 2035 662 2097 Plautinum:
686 2037 835 2114 Amphitr.
856 2038 895 2096 91
919 2033 1021 2097 ‘etiam
1038 2037 1207 2111 histmonee,
1230 2057 1308 2097 anno

157 2142 225 2182 oum
238 2126 270 2182 in
284 2124 457 2200 proscaenio
471 2125 519 2186 hio
532 2126 634 2186 Iouem
648 2128 836 2200 inuoearnnt,
851 2121 945 2185 uenit'
960 2126 1111 2186 Menaeoh.
1126 2128 1189 2187 205
1204 2120 1307 2196 ‘Quat-

157 2215 227 2272 tuor
243 2215 332 2273 minis
352 2233 407 2292 ego
425 2216 522 2274 istanc
536 2233 614 2274 anno
629 2216 686 2275 emi
706 2217 791 2275 uxori
804 2211 909 2275 meae’.
934 2220 960 2276 te
976 2215 1152 2276 abstinueris
1166 2215 1308 2294 Scaliger,

158 2301 264 2363 melius
285 2305 330 2364 est
349 2302 430 2379 quod
447 2303 655 2364 Lachmannns
674 2305 783 2365 oonIoit
800 2324 848 2364 ree
865 2305 1029 2379 οὸοίνίονὶε,
1051 2308 1086 2363 ut
1104 2305 1140 2364 de
1158 2304 1309 2381 Hymnide

158 2390 291 2452 Lucilius
315 2386 406 2469 ‘qnod
428 2394 463 2451 tu
486 2392 524 2452 ab
547 2395 652 2454 insano
673 2388 920 2466 auferas’XXIX
938 2414 966 2452 n.
982 2394 1061 2453 894:
1084 2397 1137 2453 tete
1155 2394 1310 2455 αοοίιιίοήο

159 2479 327 2541 Muellerum.
364 2486 455 2541 terrem
474 2485 590 2559 scripsi:
611 2482 670 2543 Cio.
690 2501 744 2559 pro
762 2482 825 2542 Mil.
841 2484 882 2542 63
903 2479 1013 2544 ‘seeum
1033 2483 1163 2545 auferret
1181 2484 1307 2562 gloriam

158 2567 381 2647 sempiternam’
408 2573 448 2631 95
474 2567 601 2633 ‘uestras
621 2619 626 2630 .
643 2619 648 2629 .
665 2619 671 2632 .
691 2573 926 2647 oocureationm,
950 2571 1064 2648 studia,
1087 2591 1236 2633 sermones
1255 2617 1262 2631 .
1278 2618 1307 2631 ..

158 2676 189 2718 se
212 2678 311 2720 seeum
335 2660 506 2721 ablaturum
529 2680 591 2722 esse
614 2656 709 2721 dioIt'.

250 2742 330 2810 782.
354 2750 470 2810 Nonius
492 2771 521 2828 p.
538 2753 611 2826 506,
631 2752 672 2811 22
698 2746 750 2811 ‘Es
772 2770 827 2828 pro
848 2755 920 2812 estc.
961 2750 1095 2812 Lucilius
1113 2750 1164 2811 lib.
1178 2749 1308 2814 XXVIII

159 2834 277 2899 “coicite
304 2841 384 2899 intro
411 2858 447 2900 ae
474 2839 551 2900 bono
579 2843 679 2900 animo
707 2835 782 2901 es''.’
832 2841 935 2901 Cortice
965 2845 991 2899 te
1018 2842 1133 2900 ueteres
1152 2839 1309 2900 edItiones:

158 2930 255 2988 coicito
283 2934 308 2987 te
334 2929 542 2990 Lachmannue
570 2930 609 2990 ad
636 2929 753 2991 Lucret
776 2931 905 3006 p.136:
932 2948 1027 3006 noque
1055 2930 1156 2989 tamen
1186 2924 1228 2988 ‘es
1249 2946 1309 3004 pro

158 3013 226 3077 eeto’
255 3019 394 3078 lemmate
426 3018 518 3079 Nonii
548 3019 694 3079 adductus
722 3023 838 3080 statuae
865 3020 943 3080 hune
975 3021 1186 3096 imperatInum
1214 3017 1308 3077 futuri

158 3109 277 3167 restitui
310 3110 460 3185 oportere,
492 3128 558 3169 eum
592 3128 628 3168 ne
658 3111 689 3168 in
721 3109 879 3186 Pomponii
911 3109 1031 3186 quidem
1063 3108 1197 3186 exemplo
1229 3107 1309 3184 quod

157 3200 292 3273 sequitur
315 3197 396 3274 apud
418 3197 550 3258 Nonium
574 3201 734 3276 quicquam
756 3199 887 3258 uoluerit
917 3197 1064 3275 explicare
1087 3199 1309 3276 grammaticus,

158 3289 216 3346 nisi
246 3304 275 3347 es
302 3288 515 3365 imperatiunrn
545 3305 622 3362 esse,
649 3307 709 3349 non
732 3287 939 3349 indicatiuum.
985 3287 1071 3359 Quod
1094 3288 1254 3347 Muellerus
1278 3289 1308 3346 in

158 3375 232 3451 edit,
251 3377 344 3437 Nonii
375 3377 492 3455 relegat
522 3378 663 3437 lectorem
688 3378 735 3437 ad
770 3378 923 3457 Spengelii
954 3377 1177 3438 adnotationem
1210 3376 1308 3436 Plaut.

158 3464 277 3526 Trucul.
293 3465 322 3538 V
343 3468 400 3541 22,
422 3467 453 3526 id
480 3468 579 3526 minus
607 3469 738 3544 pertinet
765 3467 901 3526 adrem:
929 3485 998 3526 nam
1026 3486 1102 3544 qnae
1132 3464 1309 3545 Spengelius

158 3554 176 3612 l.
192 3573 214 3614 s.
233 3560 264 3615 et
286 3555 445 3615 Lorenaius
469 3555 508 3615 ed
530 3557 633 3615 Pseud.
655 3558 718 3616 626
744 3557 866 3635 collegit
894 3556 1042 3634 exempla,
1071 3557 1101 3615 iu
1130 3557 1173 3616 eis
1196 3559 1231 3614 ut
1254 3550 1310 3632 par

158 3647 204 3704 est
226 3646 363 3722 seqnitur
385 3647 580 3720 Imperetinus
604 3647 708 3722 futuri,
731 3645 889 3707 antecedit·
910 3647 1107 3723 imperatinne
1129 3646 1309 3721 praesentis:

159 3731 210 3792 ubi
245 3735 366 3793 innerso
403 3734 506 3793 ordine
542 3738 711 3812 temporum
748 3737 919 3813 imperatiui
962 3736 1054 3812 positi
1091 3738 1175 3807 sunt,
1213 3731 1308 3791 ueluti

152 3822 279 3881 ¹Idercat.
301 3825 364 3882 770
388 3815 491 3903 (quem
515 3825 612 3883 locum
636 3824 723 3884 affert
741 3824 884 3885 Holtzens
907 3824 943 3884 de
961 3825 1082 3900 syntaxi
1100 3824 1187 3899 prise.
1207 3822 1308 3897 script.

154 3910 266 3988 LatIn
280 3911 310 3969 II
334 3931 362 3986 p.
385 3903 462 3992 136)
492 3907 569 3971 ‘oras
596 3916 705 3990 petito:
738 3913 867 3976 dabitur.
918 3932 995 3973 nuno
1027 3907 1087 3971 abi’
1122 3909 1190 3970 uide
1219 3929 1308 3986 quam

158 4003 296 4059 accurate
327 4004 417 4076 poeta
448 4000 610 4061 seeundum
641 4003 786 4062 aduerbia
817 4002 955 4079 adposita
990 4003 1134 4078 temporis
1170 3999 1310 4059 habueril.

156 4091 313 4150 rationem.
349 4088 476 4149 Locutio
495 4096 614 4167 sumpta
633 4096 678 4151 est
696 4111 731 4152 ex
750 4110 884 4152 sermone
903 4092 1034 4151 Terentii
1052 4092 1105 4167 qui
1119 4089 1227 4149 Heaut
1244 4090 1307 4150 276

159 4174 254 4239 ‘Anus
277 4179 422 4256 quosdam
446 4179 560 4255 prodit,
587 4180 660 4241 haeo
689 4181 741 4240 ubi
771 4182 869 4258 aperit
891 4173 1011 4256 ostium,
1035 4179 1183 4242 Continuo
1207 4178 1255 4238 hic
1278 4199 1308 4239 se

157 4269 284 4330 coniecit
306 4271 395 4342 intro,
419 4287 475 4346 ego
498 4265 682 4346 consequor’.
728 4262 941 4350 Iragmentum
969 4274 1015 4330 est
1041 4272 1095 4331 ant
1122 4269 1232 4329 senarii
1256 4276 1310 4328 aut

157 4360 320 4436 septenarii
351 4376 421 4435 pars
454 4360 550 4438 altera
582 4365 649 4436 post
680 4378 847 4421 caesuram:
881 4380 949 4420 nam
983 4361 1054 4419 torro
1084 4355 1185 4422 'creimo
1210 4378 1247 4436 *us
1266 4357 1307 4418 'in

157 4447 240 4508 exitu
262 4449 373 4511 senarii
391 4451 467 4528 item
482 4449 707 4532 Terentianum:
727 4449 845 4511 Phorm.
866 4453 928 4510 966
954 4445 999 4525 ‘at
1016 4467 1121 4508 uereor
1141 4452 1176 4508 nt
1194 4441 1308 4526 placari

1042 4550 1094 4601 18*
