3036 5004
568 391 671 446 xxvn
688 409 716 448 u.
736 395 885 446 τεο-τοο.
1243 394 1308 457 259

162 560 332 621 Parasitum
350 561 490 620 similiter
508 561 649 622 describit
666 560 816 622 Diodorus
834 563 963 623 comicus
982 560 1058 621 OAF
1077 562 1108 621 H
1126 582 1154 639 p.
1175 564 1249 638 420,
1267 565 1307 622 16

158 648 322 730 εἰσέρχομαι
350 647 459 711 ἐνθάδε
489 659 585 736 σιωπῇ
613 649 663 711 acl
690 651 817 729 ποιήσας
843 650 966 730 εὐσταλῆ
995 648 1137 730 ἐμαυτόν,
1168 651 1254 712 aare
1267 649 1308 731 μὴ

157 737 289 819 ἐνοχλεῖν
311 738 363 800 τὸν
386 738 550 819 συμπότην.

249 822 329 891 722.
353 829 468 889 Nouius
487 849 516 907 p.
537 832 588 906 37,
609 832 649 891 18
676 826 856 891 ‘Portorium
880 831 990 890 dicitur
1011 848 1122 890 merces
1146 848 1222 907 quae
1240 850 1308 908 por·

157 918 299 978 titoribus
323 919 420 979 datur.
466 919 600 980 Lucilius
623 920 674 980 lib.
693 920 808 980 XXVII
832 916 949 983 “lacit.
966 922 1177 997 ..portorium
1201 912 1308 1002 (porti-

157 1011 264 1068 torium
286 1000 455 1092 Leidensis)
479 1005 595 1069 dent'’.'
644 1007 727 1085 Quid
755 1009 802 1070 illi
833 1012 869 1069 ut
896 1011 1013 1069 Terent.
1037 1009 1145 1070 Heaut.
1168 1012 1205 1068 21
1224 1011 1307 1070 alias.

159 1097 351 1176 Comparatio
373 1101 448 1158 trita
471 1117 533 1159 esse
556 1100 677 1159 uidetur
701 1101 734 1159 in
762 1100 914 1161 comoedia
936 1099 1040 1159 Attica
1063 1092 1183 1182 (Eupol.
1204 1100 1246 1159 48
1256 1093 1308 1182 Κ),

158 1186 368 1247 describuntur
395 1189 529 1248 homiues
563 1189 615 1265 qui
646 1194 920 1269 παρατελωνοῦνται
949 1183 1050 1271 (Diog.
1069 1189 1168 1249 Laert.
1186 1188 1231 1246 IV
1250 1182 1307 1268 46)

158 1278 261 1353 quales
289 1277 391 1337 uidere
419 1280 519 1355 potuit
546 1281 635 1355 poeta
662 1280 711 1338 uel
739 1279 871 1339 Puteolis
901 1280 951 1338 uel
983 1280 1015 1338 in
1043 1278 1159 1338 Sicilia:
1189 1277 1247 1338 (lic.
1275 1281 1307 1338 in

158 1366 445 1442 verr.1170,171
473 1363 648 1429 ‘Canuleius
671 1388 754 1445 uero,
780 1371 833 1445 qni
855 1371 888 1428 in
910 1370 1000 1446 portu
1024 1367 1179 1445 Syracusis
1202 1387 1307 1444 operes

159 1456 264 1532 dabat,
297 1457 380 1516 furta
407 1475 524 1534 quoque
552 1459 638 1517 istius
667 1459 816 1534 permulta
844 1459 1021 1518 nominatim
1049 1456 1086 1517 ad
1115 1459 1210 1517 socios
1241 1477 1307 1535 per·

158 1548 318 1622 scripserat
336 1565 371 1605 ea
389 1566 465 1622 quae
485 1550 548 1607 sine
566 1549 701 1624 portorio
721 1548 876 1625 Syracusis
896 1550 981 1608 erant
999 1550 1169 1624 exportata:
1188 1551 1308 1624 portum

159 1638 259 1695 antem
283 1638 313 1694 et
336 1638 514 1713 scripturam
538 1638 641 1697 eadem
664 1639 790 1698 societas
817 1632 969 1697 babebat’'
983 1630 1062 1720 (Liu.
1081 1636 1195 1696 XXXII
1215 1640 1244 1713 7,
1264 1629 1307 1718 3).

156 1725 267 1785 Merces
291 1745 367 1801 quae
391 1730 444 1785 aut
466 1727 685 1787 inuehebantur
707 1731 760 1787 eut
783 1726 985 1788 euehebantur
1007 1727 1141 1804 profiteri
1160 1725 1308 1786 debebant

155 1817 333 1875 mercatores
357 1834 458 1876 omnes
482 1817 562 1894 apud
585 1819 758 1893 portitores:
783 1837 859 1893 quae
882 1836 901 1877 a
923 1817 1120 1893 portitoribus
1138 1814 1307 1876 scribeban-

154 1907 205 1962 tur
227 1906 259 1962 in
283 1903 395 1964 tabulis
418 1905 560 1983 publicis,
589 1925 663 1983 quas
690 1906 886 1984 appellabant
908 1904 1101 1987 ἀποχραφήντ
1125 1899 1306 1986 [Βοωοολλι]

43 2014 52 2031 ·
155 1996 186 2052 in
211 1993 329 2054 Phorm.
350 1995 392 2053 34
420 1992 521 2074 ἐπειδὴ
550 1991 582 2055 δὲ
611 2004 696 2056 τοῦτο
724 1993 757 2055 ἐκ
783 2000 900 2057 πολλῶν
928 1994 1043 2075 ἔμελλεν
1075 1993 1307 2076 ἐλεγχθήσεσθαι

156 2082 354 2162 ψευδόμενος,
377 2081 409 2144 ἔτι
432 2105 461 2144 τε
484 2093 538 2162 τῆς
560 2082 738 2166 ἀπογραφῆς
760 2095 813 2166 τῆς
836 2084 868 2147 ἐν
886 2084 1030 2170 Βοσπόρῳ
1053 2083 1132 2166 παρὰ
1155 2088 1216 2157 τοῖς
1234 2083 1306 2145 ἐλλι-

156 2177 304 2252 μενισταῑς
327 2171 377 2232 καλ
400 2171 459 2234 ὑπὸ
482 2183 541 2235 τῶν
564 2172 660 2259 ἐντῷ
684 2173 813 2260 ἐμπορίῳ
836 2174 1062 2254 ἐπιδημούντων
1080 2178 1138 2234 κτλ.
1175 2174 1220 2233 De
1239 2195 1306 2251 por-

155 2264 248 2338 torio,
274 2263 354 2338 quod
377 2262 488 2324 Graece
511 2261 673 2342 ἐλλιμένιον
696 2265 819 2341 dicitur,
847 2265 968 2325 disserit
989 2264 1098 2324 Pollux
1116 2264 1158 2322 IX
1178 2266 1229 2324 30.
1250 2267 1306 2324 31:

156 2350 205 2412 καὶ
223 2350 257 2413 τὸ
275 2352 451 2432 τελούμενον
469 2347 535 2434 παρ’
557 2352 655 2414 αὐτῶν
673 2358 763 2414 τελῶν
782 2351 954 2435 ἀπογραφή,
973 2351 1005 2414 τὸ
1024 2350 1055 2413 δὲ
1077 2350 1118 2432 μὴ
1132 2349 1306 2433 ἀπογραφὲν

155 2438 379 2522 ἀναπόχραφον.
423 2443 508 2514 Quod
530 2444 708 2503 uocabulum
732 2443 865 2503 Lucilius
888 2444 996 2502 Latine
1018 2443 1111 2502 uertit
1136 2445 1307 2517 iuscriplum

157 2532 234 2607 quod
259 2531 408 2610 significat
430 2552 556 2592 mercem
580 2553 671 2609 quam
694 2536 841 2593 mercator
863 2532 931 2592 dolo
950 2533 1029 2592 malo
1048 2531 1146 2591 noluit
1163 2532 1306 2609 profiteri,

155 2622 173 2679 i.
194 2641 217 2679 e.
241 2620 373 2681 indIcare
405 2623 608 2698 portitoribus.
665 2622 778 2682 Eodem
810 2625 842 2681 iu
875 2622 935 2682 alia
967 2642 998 2681 re
1031 2623 1128 2681 utitur
1158 2620 1306 2682 uocabulo

155 2710 251 2770 Varro
274 2729 329 2770 rer.
349 2714 421 2771 rust.
440 2712 471 2771 H
493 2716 520 2786 1,
541 2713 580 2771 16
607 2708 721 2788 ‘itaque
740 2731 844 2791 greges
863 2713 964 2772 ouium
983 2712 1071 2790 longe
1090 2710 1253 2788 abigumtur
1271 2730 1306 2770 ex

156 2800 268 2876 Apulia
290 2800 322 2859 in
346 2800 502 2861 Samnium
525 2802 715 2875 restructum,
738 2806 829 2878 atque
851 2801 888 2860 ad
907 2801 1102 2878 publicanum
1120 2799 1306 2877 profitentur,

155 2910 206 2964 ne,
242 2892 268 2949 si
305 2891 482 2967 inscriptum
519 2910 609 2968 pecus
645 2893 798 2969 pauerint,
836 2893 902 2971 lege
939 2892 1074 2951 censoria
1105 2887 1305 2951 conmittant'.

156 2973 284 3060 (Digest.
303 2979 328 3038 L
351 2981 400 3055 16,
421 2982 484 3040 203
504 2981 697 3040 Wilmannsii
714 2981 767 3040 Ex.
787 2983 873 3042 inscr.
892 2981 959 3040 Lat.
981 2972 1091 3062 2738.)

246 3060 328 3130 724.
351 3070 466 3129 Nonius
484 3091 513 3147 p.
530 3072 603 3145 270,
624 3073 642 3129 2
668 3065 854 3145 ‘concedere
873 3070 991 3130 credere
1010 3071 1058 3129 uel
1077 3070 1250 3130 consentire.
1263 3115 1268 3128 .
1280 3117 1304 3128 ..

155 3158 288 3218 Lucilius
307 3158 358 3218 lib.
375 3160 489 3218 XXVII
510 3156 565 3219 “iu
584 3160 763 3221 concedere.
780 3207 786 3218 .
803 3207 808 3218 .
824 3154 974 3220 mauus''.'
1012 3161 1045 3219 e'd
1062 3164 1141 3220 recte
1161 3158 1305 3236 (lorpetus

156 3248 217 3307 alii.
255 3246 475 3309 Obsceuitatem
500 3249 649 3326 quandam
672 3252 768 3309 inesse
790 3252 821 3308 iu
844 3250 901 3310 boc
923 3269 952 3307 u.
972 3252 1142 3326 suspicatur
1160 3247 1305 3327 (lorpetus

156 3337 225 3398 edit.
244 3358 273 3415 p.
296 3339 372 3398 169:
404 3340 482 3413 quod
511 3344 658 3415 ομοολολαν
684 3340 793 3399 maluit
820 3338 946 3400 scribere
974 3358 1029 3417 pro
1061 3357 1116 3414 οπο
1147 3344 1306 3414 superatur

156 3425 315 3487 Muellerus
343 3430 375 3487 in
397 3429 489 3488 Nonii
512 3430 581 3489 edit
627 3429 670 3487 At
697 3432 815 3489 tutatur
842 3429 997 3488 lectionem
1020 3431 1111 3489 istam
1135 3428 1216 3489 Caes.
1236 3429 1304 3489 bell.

156 3515 232 3576 Gall.
252 3516 280 3573 V
300 3518 390 3593 31,3
421 3513 490 3578 ‘Res
518 3519 720 3596 disputatione
748 3519 786 3578 ad
813 3518 943 3578 mediam
974 3522 1091 3578 noctem
1123 3519 1304 3596 perducitur.
1392 3543 1397 3552 ·

155 3606 287 3666 Tandem
316 3607 369 3666 det
397 3606 485 3668 Cotta
512 3611 664 3686 permotus
694 3628 812 3669 manus:
845 3612 967 3686 superat
998 3611 1146 3669 sententie
1179 3603 1304 3667 Sebini’.

155 3693 211 3753 Vir
241 3695 335 3756 bonus
368 3698 449 3757 uolet
482 3698 513 3757 id
545 3700 641 3759 solum
674 3698 831 3760 concedere
863 3701 895 3757 in
927 3698 1142 3774 disputatione,
1179 3716 1238 3773 quo
1273 3699 1304 3755 in

155 3784 358 3861 disputatione
371 3785 457 3846 bonis
476 3790 660 3867 argumentis
679 3790 838 3864 superatur
856 3791 887 3847 et
904 3789 1044 3864 uincitur,
1062 3788 1212 3864 parasitus
1229 3787 1305 3845 solet

155 3875 257 3934 omnia
284 3875 448 3934 adsentari:
478 3875 536 3937 (lic.
556 3877 636 3937 Lael.
656 3895 719 3955 cap.
741 3879 791 3936 25.
813 3879 863 3953 26,
884 3879 924 3938 99
954 3872 1028 3937 ‘Nec
1056 3878 1134 3936 enim
1162 3875 1304 3935 facillime

156 3964 360 4042 adgnoscitur,
392 3967 503 4043 quippe
535 3969 588 4043 qui
615 3968 705 4025 etiam
739 3967 924 4026 aduersando
956 3985 1044 4044 saepe
1076 3966 1247 4025 adseutetur
1275 3968 1305 4024 et

155 4053 276 4132 liligare
304 4072 335 4113 se
362 4056 505 4115 sImulans
533 4055 706 4116 blandiatur
733 4059 823 4132 atque
852 4056 890 4114 ad
922 4058 1085 4114 extremum
1118 4055 1168 4115 det
1199 4074 1304 4117 manus

155 4144 296 4220 uincique
319 4162 350 4203 se
373 4140 518 4220 patiatur'
534 4164 558 4204 e.
575 4166 602 4222 q.
617 4165 639 4204 s.

247 4225 328 4294 725.
355 4233 472 4294 Nouius
490 4256 518 4312 p.
540 4236 652 4310 37,15
682 4229 912 4314 ‘Monogrammi
932 4280 937 4292 .
958 4280 964 4292 .
986 4280 991 4291 .
1015 4226 1128 4316 (cetera
1160 4234 1304 4311 adscripsi

156 4324 205 4382 lib.
225 4325 257 4383 Π
274 4343 302 4382 u.
323 4316 380 4405 59)
405 4326 435 4383 et
461 4325 603 4385 uicesimo
632 4317 756 4407 (uiginti
774 4316 832 4405 L¹)
851 4323 910 4383 VII
939 4319 1040 4401 “quae
1064 4372 1070 4383 .
1091 4371 1097 4382 .
1118 4371 1124 4383 .
1148 4319 1303 4384 uocant'’.'

156 4413 238 4482 Quae
261 4411 378 4491 pietas?
410 4416 606 4494 interrogatio
629 4414 749 4475 uidetur
771 4433 834 4474 esse
856 4415 927 4474 talis
951 4415 1053 4491 quales
1074 4414 1216 4475 collectae
1235 4417 1305 4474 sunt

155 4502 332 4563 aVahleno
355 4504 415 4563 ind.
440 4505 529 4565 schol.
554 4506 682 4565 Berolin.
707 4506 811 4565 aestin.
833 4506 917 4564 1002
941 4524 970 4582 p.
991 4506 1101 4581 bseqq.
1125 4506 1221 4564 ueluti
1244 4503 1303 4565 Cic.

1092 4604 1144 4658 17·
