3030 5002
246 346 268 415 2
742 343 799 405 Iu.
820 353 897 406 1-s.

246 523 352 602 fragm.
379 521 466 582 111)
502 526 566 593 πῶς
598 522 669 600 γαῖα
704 516 755 579 aul
791 517 874 597 ἣλιος
905 515 959 598 ἡδὲ
990 519 1099 598 σελήνη
1129 516 1223 599 αἰθήρ
1250 539 1279 577 τε
1308 513 1396 590 ξυνὸς

247 611 321 693 γάλα
348 604 368 670 τ’
392 609 535 691 οὐράνιον
561 607 612 669 καὶ
639 606 772 687 ὄλυμπος
799 607 917 689 ἔσχατος
944 602 994 688 ἠδ’
1025 606 1139 690 ἄστρων
1166 606 1281 689 θερμὸν
1309 604 1398 685 μένος

248 697 433 782 ὡρμήθησαν
455 700 611 781 γίγνεσθαι
632 699 770 776 inprimis
793 698 824 757 in
847 700 903 759 hoc
926 719 1033 778 genere
1056 718 1177 777 poeseos
1196 697 1317 757 uidetur
1335 715 1398 758 esse

247 791 491 867 comparandum:
529 790 601 849 conf
637 789 695 849 Dio
733 788 816 848 Prus.
835 789 966 848 XXXIII
989 789 1067 849 441
1093 810 1121 866 p.
1142 790 1221 863 309,
1250 790 1292 846 24
1324 786 1397 845 Am.

247 880 339 939 Ennii
360 880 573 956 Epicharmum
601 882 631 938 et
653 879 854 937 Euhemerum
882 880 937 939 hoc
967 881 1033 938 looo
1055 878 1164 955 respici
1186 876 1219 936 L.
1235 876 1398 935 Muellerus

248 971 380 1029 adnotat.
426 969 556 1029 Exorsus
584 972 630 1027 est
656 973 746 1045 poeta
772 968 866 1028 libros
893 987 961 1028 suos
989 968 1059 1026 XXI
1087 986 1214 1045 quorum
1241 984 1398 1024 numerum

247 1059 368 1119 uidetur
390 1077 514 1117 numero
537 1058 706 1118 litterarum
729 1058 905 1117 Latinarum
928 1058 1033 1118 fecisse
1056 1076 1159 1133 parem
1178 1058 1268 1118 sicuti
1287 1052 1398 1113 Caluus

248 1152 350 1208 orator
372 1141 482 1229 (Tacit.
497 1147 607 1226 dialog.
624 1139 681 1227 21)
705 1166 794 1206 uersu
817 1146 953 1208 omnibus
975 1147 1106 1206 numeris
1129 1146 1269 1223 perfecto.

338 1230 371 1299 2.
392 1236 545 1297 Oharisius
564 1234 645 1295 GLI
662 1257 691 1312 p.
708 1238 782 1312 126,
802 1239 841 1296 19
857 1236 884 1295 Κ
905 1232 1019 1296 ‘Canes
1057 1235 1191 1296 Lucilius
1210 1235 1225 1293 I
1244 1230 1399 1291 “Inritata

251 1321 428 1403 ...dicit”,
456 1345 511 1404 pro
539 1321 642 1386 oanis'
688 1324 771 1385 Idem
794 1327 978 1402 p.145,19
1013 1321 1157 1402 ‘Torques
1191 1325 1241 1383 hic
1269 1325 1299 1382 et
1325 1322 1399 1381 haec

247 1421 368 1492 torques
391 1416 586 1490 nominatim,
609 1417 645 1473 ut
668 1415 716 1473 hic
735 1415 856 1474 ethaeo
874 1433 962 1476 canes
981 1436 1000 1476 a
1017 1414 1136 1474 Lucilio
1155 1414 1232 1473 libro
1251 1412 1266 1470 I
1284 1412 1400 1470 dictum

247 1501 395 1585 legimus?
454 1506 569 1564 Nonius
605 1525 634 1581 p.
654 1506 711 1579 31,
736 1506 776 1563 23
810 1500 1025 1564 Imitare...
1058 1503 1192 1563 Lucilius
1228 1504 1399 1577 satyrarum

249 1595 301 1654 lib.
315 1593 329 1654 l
352 1590 500 1654 “inritata
520 1587 654 1674 (irritoto
672 1587 937 1675 Guelferbytanus)
952 1611 1024 1654 cone
1039 1640 1044 1651 .
1061 1640 1067 1652 .
1083 1641 1089 1654 .
1105 1586 1224 1652 dicit’'.’
1262 1591 1400 1649 Donatus

249 1683 287 1744 ad
327 1682 481 1761 Adelphos
521 1683 653 1743 Terentii
681 1682 712 1742 H
740 1685 777 1756 4,
806 1683 846 1742 18
886 1678 967 1742 ‘nam
1004 1682 1119 1742 irritari
1155 1682 1275 1758 proprie
1312 1697 1400 1740 canes

248 1773 396 1833 dicuntur.
442 1772 575 1832 Lucilius
598 1772 635 1831 de
662 1772 765 1832 littera
786 1791 802 1830 r
826 1767 970 1832 “irritata
992 1774 1075 1833 11111
1098 1772 1175 1847 quod
1196 1771 1286 1830 homo
1309 1787 1399 1846 quam

242 1863 378 1938 phorima
402 1854 459 1943 (oa
483 1856 511 1922 V
528 1866 555 1921 et
571 1863 645 1922 codd
663 1862 831 1920 deteriores:
849 1861 973 1937 planitie
992 1856 1043 1920 al’.
1062 1861 1184 1938 planius
1202 1861 1255 1920 cod
1274 1858 1400 1933 01111111,

248 1954 354 2029 planos
389 1951 425 2028 0,
457 1951 574 2028 plamos
606 1951 658 2010 cod
689 1941 806 2030 Haloti)
845 1950 925 2011 dicct
955 1944 1012 2032 (111
1045 1951 1079 2025 V,
1111 1950 1206 2009 dictat
1237 1949 1401 2023 1111111111,

249 2042 369 2101 dictitet
392 2040 424 2116 0,
447 2040 500 2101 cod
519 2032 696 2122 0111111)”.’
734 2039 921 2116 Quamquam
944 2041 1070 2114 Nonius,
1093 2060 1161 2100 cum
1184 2039 1258 2098 dicit
1280 2039 1400 2096 irritare

249 2134 381 2192 tractum
413 2149 477 2190 esse
509 2149 527 2189 1
560 2129 696 2204 canibus,
727 2130 795 2205 qui,
827 2148 894 2188 cum
926 2132 1129 2206 prouocautur
1161 2130 1288 2202 irriunt,
1319 2129 1402 2186 errat

249 2221 420 2296 manifeste,
448 2222 548 2279 tamen
576 2219 725 2278 Lucilium
754 2237 821 2277 cum
850 2219 932 2279 dicat
954 2219 990 2278 de
1013 2220 1116 2278 littera
1138 2218 1245 2277 canina
1269 2212 1401 2275 ‘irritata

249 2329 337 2370 canes
360 2328 453 2386 quam
475 2310 563 2369 homo
587 2328 677 2385 quam
700 2308 820 2384 planius
841 2304 925 2368 dicit’
946 2310 1092 2386 cogitasse
1111 2308 1147 2367 de
1166 2325 1273 2366 canum
1291 2307 1401 2366 ausu

250 2393 365 2480 (Sidon.
390 2399 475 2475 epist.
494 2397 537 2456 IX
561 2399 601 2457 16
631 2419 659 2475 p.
682 2399 758 2473 171,
785 2401 826 2458 10
854 2396 913 2457 VH
938 2399 957 2457 3
985 2418 1013 2474 p.
1035 2399 1112 2471 106,
1141 2391 1227 2456 2812
1257 2394 1341 2453 Paul.
1366 2413 1401 2453 ex

249 2489 327 2548 Fest.
346 2507 375 2563 p.
393 2491 472 2563 101,
492 2479 526 2569 9)
555 2489 586 2545 in
614 2505 687 2546 uoce
714 2489 835 2547 irritare
862 2490 893 2546 et
919 2486 1087 2546 adhibenda
1110 2489 1141 2545 et
1162 2484 1274 2564 insigni
1296 2502 1402 2544 uersus

249 2577 315 2637 loco
343 2576 516 2637 collocanda
540 2580 771 2637 consentaneum
794 2579 854 2636 est:
877 2577 1092 2653 etymologiam
1113 2575 1204 2634 istam
1226 2576 1401 2653 grammati-

250 2685 352 2727 corum
370 2684 540 2743 procreasse
557 2666 680 2725 uidetur
698 2685 803 2726 uersus
820 2668 878 2725 iste
897 2667 1058 2742 praecipue
1071 2664 1254 2724 Lucilianus.
1291 2663 1402 2739 Itaque

249 2775 309 2816 non
331 2758 456 2817 11111111
479 2756 529 2815 sed
551 2758 672 2816 irritata
694 2757 837 2832 posuerat
858 2758 961 2833 poeta:
984 2756 1068 2814 cuius
1091 2755 1258 2830 scripturae
1276 2753 1308 2811 in
1326 2752 1403 2813 codd

250 2847 329 2923 quod
357 2846 442 2905 nulla
469 2846 530 2905 fere
560 2848 606 2905 est
633 2846 797 2906 auctoritas
825 2877 868 2886 -
898 2864 968 2904 nam
990 2846 1114 2904 tantcto
1135 2842 1227 2902 habet
1250 2841 1402 2901 Charisius

250 2938 281 2995 et
303 2936 396 2995 Nonii
417 2933 569 2994 Leidensis
588 2938 660 2993 ml
686 2967 731 2976 —-
753 2934 785 2993 id
802 2953 862 2994 non
880 2934 975 3012 pluris
994 2935 1052 2993 erit
1070 2931 1289 2994 aestimandum
1310 2950 1402 3008 quam

250 3024 332 3100 qnod
358 3025 390 3082 in
418 3022 754 3084 Ρ11111“Ρ11111.279
785 3019 907 3084 ‘Assum
934 3023 1015 3100 apud
1042 3027 1086 3099 te,
1117 3041 1226 3083 eccum.
1277 3021 1320 3079 At
1343 3040 1402 3099 ego

250 3113 344 3172 elixus
372 3115 413 3173 sis
440 3107 522 3170 uolo’
552 3112 626 3169 codd
654 3114 761 3173 adsum
788 3116 950 3172 testantur:
981 3112 1279 3172 1111111111111111
1302 3110 1401 3170 annal.

250 3201 323 3277 phil.
339 3199 415 3259 CLV
437 3203 520 3260 1897
542 3221 569 3276 p.
586 3202 649 3260 766
665 3219 759 3278 seqq.:
777 3206 856 3262 recte
871 3204 1015 3280 scriptum
1029 3202 1186 3261 111Ρ1111.
1202 3198 1320 3278 Captis.
1336 3200 1401 3258 485

252 3286 300 3349 ‘ne
323 3308 428 3349 canem
451 3289 570 3365 quidem
592 3287 755 3351 irritatam’
784 3294 815 3350 et
841 3291 873 3351 in
896 3291 972 3351 codd
994 3295 1025 3352 11
1046 3294 1079 3351 in
1102 3291 1185 3351 editt.
1231 3289 1277 3348 De
1299 3288 1404 3348 littera

251 3380 358 3439 canina
377 3398 468 3455 quam
491 3398 510 3438 a
533 3398 605 3438 cane
624 3380 731 3440 didicit
747 3381 961 3441 Demosthenes
980 3374 1168 3463 (Hieronym.
1188 3377 1256 3439 adu.
1275 3377 1403 3437 Rufini

251 3470 309 3528 uol.
324 3468 355 3527 11
373 3489 402 3547 p.
418 3470 482 3527 473
502 3469 630 3529 Vallars.
673 3466 769 3540 ‘Quod
792 3470 844 3529 ille
862 3471 894 3529 in
913 3489 974 3529 una
992 3471 1095 3530 littera
1113 3471 1186 3530 fecit
1203 3467 1403 3545 exprimenda

251 3562 286 3617 ut
313 3577 332 3619 a
360 3577 432 3618 cane
458 3559 512 3617 rho
536 3558 674 3634 disceret,
705 3562 739 3619 tu
765 3561 798 3618 in
825 3580 873 3619 me
900 3551 1108 3640 criminaris'),
1132 3577 1224 3635 quam
1250 3557 1403 3634 hispidum

251 3647 305 3706 rho
334 3648 468 3725 appellat
495 3648 691 3707 Terentianus
719 3649 842 3708 Maurus
870 3648 920 3709 GL
940 3648 984 3707 VI
1006 3670 1035 3726 p.
1056 3650 1136 3723 333,
1166 3649 1229 3707 262
1243 3646 1285 3722 Κ,
1312 3650 1404 3723 poeta

251 3741 354 3816 egerat
376 3738 468 3797 etiam
486 3737 537 3796 lib.
552 3736 595 3796 IX
613 3758 642 3796 u.
659 3738 721 3796 377
742 3739 790 3797 cui
807 3739 886 3796 male
905 3738 978 3797 olim
996 3739 1168 3798 tribuerunt
1185 3737 1264 3796 hunc
1283 3755 1402 3796 uersum

252 3831 357 3888 contra
397 3828 522 3886 duorum
563 3827 823 3905 grammaticorum
866 3829 1046 3888 testimonia.
1102 3827 1289 3904 Quamquam
1331 3825 1404 3903 quid

252 3916 360 3976 dixerit
378 3917 425 3978 his
443 3916 542 3977 uerbis
561 3915 695 3976 Lucilius
714 3916 812 3976 adhuc
834 3916 993 3978 obscurum
1011 3921 1064 3979 est.
1107 3918 1189 3988 Quae
1208 3915 1318 3977 Persl
1339 3917 1401 3976 109

254 4000 352 4066 ‘sonat
373 4007 422 4066 hio
445 4006 482 4066 de
504 4025 576 4066 aare
600 4006 707 4066 111111
728 4001 844 4065 littera¹
864 4008 1010 4083 exposuit,
1028 4025 1064 4067 ea
1082 4006 1122 4065 11
1139 4010 1217 4066 ham
1234 4007 1403 4082 potentium

252 4094 406 4155 hominum
429 4098 590 4172 pertinent,
617 4095 668 4171 qui
698 4099 803 4155 satura
824 4096 1025 4155 lacessuntur:
1052 4096 1106 4155 ubi
1135 4096 1298 4156 scholiasta
1322 4090 1403 4155 ‘nam

253 4202 340 4243 canes
367 4184 500 4244 lacessiti
526 4185 569 4243 sic
596 4184 727 4245 hirriunt
753 4187 788 4244 ut
814 4185 976 4244 uideantur
1004 4204 1019 4243 r
1045 4185 1180 4244 litteram
1202 4182 1403 4244 minitabundi

254 4268 438 4348 exprimere’.
484 4271 582 4342 Quam
607 4274 685 4332 iram
712 4275 738 4334 si
765 4273 876 4333 Lucilii
904 4275 1071 4351 exemplum
1098 4276 1218 4335 secutus
1244 4274 1290 4333 ita
1312 4273 1402 4351 signi·

253 4359 324 4420 ticet
346 4361 474 4435 Persius,
497 4380 564 4420 eam
585 4361 637 4421 ille
660 4362 742 4422 lib.I
764 4366 815 4423 uix
838 4366 940 4440 potuit
961 4366 1085 4442 tangere
1103 4362 1162 4423 nisi
1179 4366 1212 4422 11
1230 4361 1402 4438 prohoemio

254 4449 334 4526 quod
360 4448 515 4527 dialogum
545 4452 726 4511 continuerit
753 4453 848 4513 Persii
876 4456 998 4514 saturae
1020 4453 1036 4512 I
1059 4451 1180 4513 exordio
1203 4452 1401 4512 simillimum:
