3000 5002
499 401 597 461 incert.
616 400 674 463 sed.
693 422 721 460 ιι.
742 406 926 462 raro-naa.
1220 402 1284 471 381

135 570 225 676 nudis
255 572 380 650 pedibus
411 576 443 634 in
475 570 597 635 cliuum’
631 595 655 635 e.
675 595 703 652 q.
722 594 745 636 s.
794 575 992 636 Baehrensius
1024 574 1135 634 libro'l
1167 595 1286 636 uersum

135 661 333 814 tnbull220.
357 753 462 813 Festus
495 754 619 832 ρ.165,
640 758 678 813 11
713 757 744 814 et
770 754 881 815 Paulus
909 776 937 833 p.
954 755 1070 829 164,2
1102 748 1286 830 “‘Nequam

137 861 242 900 aarum
265 846 312 901 est
333 845 414 903 auris
438 844 518 919 quod
535 843 582 902 nis
600 845 807 904 uehementius
825 843 921 904 ambit
940 837 1069 926 (ambiat
1086 843 1167 904 Festi
1185 862 1285 919 apopr.

135 924 242 1013 duo)’'.
274 931 339 991 Hoc
371 949 460 992 uersu
491 932 588 993 Lucili
612 933 775 1010 significari
802 936 847 994 ait
874 933 995 994 Sinnius
1024 931 1131 1009 Capito
1158 952 1286 1009 nequam

135 1038 198 1080 esse
235 1040 353 1098 aurum,
391 1022 471 1098 quod
506 1024 587 1082 auris
624 1023 737 1093 laedat,
774 1025 824 1083 uel
858 1023 989 1100 pondere
1018 1024 1183 1098 inaurium,
1218 1041 1286 1082 oum

135 1110 311 1170 mollissima
338 1129 409 1189 pars
437 1113 517 1171 auris
544 1112 701 1172 inciditur:
728 1114 777 1172 uel
804 1132 839 1172 ex
866 1132 939 1173 auro
965 1113 1099 1190 intellegi
1121 1114 1286 1190 pecuniam,

136 1201 219 1259 euius
241 1203 377 1276 respectu
400 1204 431 1260 et
452 1203 545 1260 nimia
563 1201 728 1278 cupiditate
747 1203 881 1263 homines
900 1203 936 1262 sd
956 1201 1138 1279 peccandum
1157 1199 1285 1262 adduoi'.

135 1288 180 1348 De
203 1291 353 1366 scriptura
375 1309 478 1351 uersus
501 1310 539 1350 ne
562 1290 679 1352 dubites
700 1291 788 1352 Pauli
811 1295 841 1351 et
864 1293 946 1352 Festi
967 1290 1052 1351 libris
1075 1292 1124 1350 uel
1147 1293 1180 1351 iu
1202 1294 1286 1351 auria

135 1378 299 1438 aecusatiui
331 1379 428 1439 forma
460 1379 726 1456 consentientibus,
758 1380 794 1441 de
820 1382 1068 1459 interpretatione
1094 1382 1156 1440 iam
1187 1380 1287 1440 Verrii

135 1467 319 1545 temporibus
338 1488 396 1528 non
413 1469 577 1530 constabat.
614 1470 697 1531 Duas
715 1471 873 1548 proposuit
886 1471 993 1531 Festus
1011 1470 1286 1548 interpretationes:

136 1561 189 1616 aut
215 1557 294 1617 laedi
321 1577 407 1619 aures
442 1557 479 1618 ab
512 1578 584 1619 auro
616 1559 746 1635 pondere
778 1561 928 1620 inaurium
961 1579 1022 1621 esse
1053 1559 1286 1638 intellegendum

136 1650 189 1707 aut
225 1664 312 1708 aures
348 1647 501 1709 hominum
534 1651 600 1708 anri
631 1649 899 1725 pollicitationibus
931 1652 1068 1711 resistere
1099 1668 1160 1708 non
1191 1667 1285 1727 posse.

136 1735 270 1797 Priorem
295 1737 573 1815 interpretationem
600 1737 732 1815 ineptam
761 1757 823 1799 esse
851 1741 948 1816 patet:
975 1740 1170 1816 posteriorem
1192 1739 1288 1817 igItur

135 1844 294 1904 agnoscere
317 1825 457 1887 debemus
480 1828 511 1886 in
534 1848 563 1886 ιι.
581 1827 699 1888 Lucilii.
745 1827 802 1898 Qui
826 1829 914 1889 dixit:
941 1847 1070 1905 nequam
1098 1848 1205 1889 aurum
1228 1830 1286 1903 est;

135 1935 204 1975 nam
232 1915 359 1992 quoduis
387 1936 505 1993 aurum,
532 1920 596 1978 siue
623 1919 737 1977 laetum
764 1919 827 1978 siue
856 1920 1059 1992 numeratum,
1081 1918 1145 1977 siue
1167 1918 1286 1978 inaures

135 2004 243 2082 quibus
273 2006 473 2082 corrumpitur
500 2006 658 2066 mulierum
687 2008 824 2083 castitas,
847 2009 910 2068 siue
933 2008 1016 2068 aurei
1038 2026 1113 2085 quos
1136 2008 1287 2084 accipiunt

135 2095 208 2153 mali
239 2095 365 2169 iudices,
401 2097 490 2156 nimis
521 2097 712 2157 uehementer
742 2097 842 2156 omnia
873 2098 933 2157 ista
964 2099 1141 2176 oppugnant
1172 2097 1287 2158 ambitu

135 2183 290 2242 hominum
313 2203 407 2244 aures.
448 2184 559 2262 Agitur
581 2186 617 2245 (le
635 2186 764 2260 homine,
787 2188 840 2263 qui
862 2205 921 2246 non
944 2190 1092 2247 monstrat
1110 2188 1213 2261 oculis,
1235 2187 1287 2246 sed

135 2272 295 2349 pollicetur
326 2271 447 2333 auribus
480 2276 543 2333 eius
576 2293 664 2350 quem
696 2275 811 2335 ambitu
847 2275 982 2352 improbo
1015 2279 1208 2352 corrupturus
1240 2279 1287 2335 est

136 2380 241 2420 aurum
269 2380 368 2421 suum:
396 2362 474 2421 unde
502 2363 620 2423 aurium
647 2364 826 2423 uocabulum
853 2364 933 2440 quod
960 2367 1061 2440 posuit
1086 2368 1176 2441 poeta
1207 2369 1286 2424 recte

136 2451 272 2528 explices.
309 2452 425 2524 quaeis
443 2451 663 2530 Lachmannus‚
686 2453 1101 2529 quoubsseebrensius,c1sod
1119 2457 1152 2514 ui
1170 2453 1286 2514 Dousa:

135 2558 262 2614 nequam
298 2546 350 2615 cel,
388 2558 496 2600 amum
532 2545 616 2602 curis
652 2544 755 2616 accim
790 2544 984 2603 coronealiue
1021 2544 1112 2603 ambit
1146 2543 1286 2622 Scaliger.

136 2629 272 2690 Pertinet
293 2629 331 2690 ad
354 2632 458 2690 incert
477 2651 505 2692 u.
526 2635 610 2692 1119
631 2650 691 2708 seq.

227 2711 334 2781 1221.
363 2719 459 2780 Varro
492 2720 528 2780 de
557 2721 661 2800 lingua
687 2720 798 2780 Latina
825 2720 902 2780 libro
920 2718 980 2780 vn
999 2723 1041 2781 32
1075 2716 1176 2781 ‘Dicta
1208 2724 1287 2781 enim

137 2809 216 2885 apud
244 2813 359 2869 ueteres
388 2805 472 2870 “una
499 2806 620 2870 mnes''.
664 2812 768 2887 itaque
795 2810 911 2870 Ennius
938 2809 1042 2871 scribit
1061 2856 1125 2887 ...,
1154 2809 1287 2871 Lucilius

139 2894 291 2975 “nequam
323 2902 353 2959 et
385 2918 511 2977 magnus
538 2899 640 2974 homo,
669 2900 817 2960 laniorum
843 2903 987 2960 immanes
1014 2918 1103 2961 mnes
1130 2895 1209 2960 ut‘’.'
1255 2905 1288 2960 ul

138 3006 205 3047 cnm
229 2988 413 3065 anastrophe
434 2990 536 3065 posuit
557 2991 691 3065 exemplo
714 2989 838 3049 Homeri
861 3009 948 3066 quem
976 2989 1164 3067 comparauit
1185 2989 1287 3050 Densa

138 3069 183 3158 (A
204 3080 244 3136 72
268 3075 352 3139 λύκοι
376 3076 416 3149 ὥς
445 3080 507 3137 172
536 3078 604 3157 βόες
627 3078 667 3151 ὥς
689 3080 752 3137 Pu
777 3076 898 3158 ὄρνιθες
924 3073 978 3162 ὥς)
1006 3081 1039 3138 in
1066 3079 1179 3140 bestiae
1208 3098 1287 3140 oom-

138 3165 303 3243 paralione,
326 3166 454 3245 Vergilii
475 3169 574 3228 locum
592 3170 780 3245 comparauit
797 3168 958 3229 Muellerus
979 3169 1053 3228 Aen.
1072 3168 1104 3228 H
1123 3170 1186 3228 355
1207 3164 1287 3229 ‘inde

136 3257 202 3332 lupi
228 3275 282 3318 ceu
308 3253 455 3334 raptores'
488 3277 548 3335 quo
580 3259 645 3318 loeo
675 3261 775 3317 tamur
806 3258 1001 3336 transpositio
1032 3258 1130 3318 minus
1160 3259 1288 3318 sentitur

137 3346 241 3406 addito
273 3347 405 3424 epitheto
436 3366 532 3424 neque
563 3347 621 3407 huc
651 3349 783 3424 pertinet
809 3367 897 3424 quem
925 3369 954 3407 n.
973 3347 1076 3410 Dousa
1102 3351 1288 3423 comparauit

137 3435 188 3494 lib.
208 3435 268 3494 VH
285 3456 313 3494 u.
330 3437 393 3495 284
414 3431 582 3513 ‘delphinus
600 3440 636 3497 ut
656 3432 738 3497 olim'
758 3456 854 3513 neque
873 3437 923 3498 lib.
938 3437 1012 3497 XIII
1030 3458 1058 3497 u.
1077 3439 1141 3497 445
1163 3433 1288 3515 ‘pauper

137 3519 203 3584 uti'.
245 3526 393 3586 lanum
415 3544 503 3587 canes
526 3530 739 3587 commemorat
761 3525 857 3594 Varro
874 3547 931 3587 rer.
945 3531 1018 3587 rust
1034 3527 1066 3587 H
1084 3530 1113 3604 9,
1133 3529 1152 3586 5
1173 3522 1286 3587 ‘uiden-

139 3613 210 3673 dum
232 3634 270 3674 ne
293 3633 311 3674 a
333 3615 527 3675 aenatoribus
550 3619 604 3676 aut
630 3617 719 3677 laniis
749 3635 836 3677 canes
864 3613 965 3677 emas'.
1012 3615 1149 3676 Hominis
1173 3617 1287 3694 effigies

139 3706 262 3763 notatur
283 3707 319 3764 ut
341 3702 391 3763 lib.
406 3704 450 3764 VI
468 3726 495 3764 u.
513 3708 575 3765 242
601 3702 639 3765 ‘si
662 3707 749 3781 nosti,
772 3725 832 3766 nou
855 3725 980 3785 magnus
1003 3707 1092 3766 homo
1115 3700 1180 3767 eet’.
1227 3705 1286 3766 Cio.

140 3793 172 3851 in
191 3791 274 3852 Verr.
288 3793 336 3852 III
355 3795 396 3853 84
417 3790 468 3854 ‘ad
485 3796 614 3855 minores
632 3797 771 3855 ciuitates
788 3795 920 3856 habebat
937 3797 1021 3871 elios,
1040 3813 1114 3871 quos
1132 3798 1287 3871 tamquam

138 3900 227 3941 mnes
240 3881 424 3959 immitteret
438 3903 567 3960 nequam
579 3885 715 3944 homines
729 3885 759 3943 et
772 3879 945 3963 improbos'.
980 3884 1104 3944 Aristot.
1118 3884 1193 3943 rhet.
1208 3883 1254 3942 111
1267 3886 1286 3942 4

138 3991 159 4049 p
230 4051 335 4123 1222.
349 3990 462 4122 Pspppm
475 4081 505 4139 p.
521 4062 594 4136 175,
609 4065 627 4122 2
642 4058 854 4140 ‘Noctipugam
869 4055 1084 4144 (nocfinugam,
1096 4061 1288 4143 noctiiugam,

138 4149 323 4228 noctilugam
346 4142 432 4232 codd)
450 4150 584 4212 Lucilius
606 4170 675 4211 cnm
693 4151 777 4226 dixit
795 4151 953 4213 obscenum
971 4147 1141 4229 significet’.
1181 4151 1287 4214 Festus

138 4259 168 4316 p.
184 4241 258 4312 174,
277 4241 296 4298 8
322 4235 530 4301 ‘--1.11.
554 4240 659 4301 obscae
676 4273 783 4283 --
802 4237 937 4301 medica'.
983 4241 1163 4301 Emendauit
1184 4260 1288 4302 uocem

139 4329 304 4390 Salmasius
327 4350 343 4388 e
366 4331 519 4409 glossariis
538 4329 633 4390 ueluti
652 4328 736 4390 cot
754 4331 782 4387 V
800 4351 829 4407 p.
850 4332 901 4406 87,
921 4332 939 4390 5
965 4325 1170 4409 ‘noetipugam
1188 4331 1287 4392 obsce·

139 4438 211 4478 num
252 4420 334 4495 quod
374 4420 462 4498 quasi
498 4419 635 4480 noctibus
676 4415 902 4500 oonpnngatur'.
962 4419 1103 4481 Loeweus
1139 4421 1287 4498 prodrom.

140 4529 169 4586 p.
186 4510 248 4569 311
269 4514 339 4587 apte
357 4509 545 4588 comparauit
562 4509 692 4589 glossam
712 4501 827 4592 (incert.
846 4530 875 4570 u.
891 4501 970 4591 968)
990 4507 1116 4570 OGLV
1134 4530 1163 4587 p.
1179 4511 1230 4587 58,
1245 4512 1285 4572 39

1022 4609 1074 4663 25‘
