3060 5010
597 372 635 433 xi
652 391 680 430 ιι.
699 379 852 439 raa-aaa.
1234 372 1297 437 159

148 547 186 607 ab
210 547 278 607 11116
297 544 417 620 Cassiis,
436 544 519 604 cuiue
542 546 587 605 rei
609 563 698 605 causa
722 547 753 605 et
774 564 955 623 praenomen
979 545 1009 604 et
1031 561 1193 622 cognomen
1217 544 1297 621 post·

148 639 221 716 poni
243 636 359 697 maluit.
407 633 577 714 Cognomen
601 637 702 696 tamen
724 655 817 694 uuum
840 634 970 709 addidit,
997 652 1065 693 cum
1087 633 1185 693 uideri
1206 633 1299 692 uellet

149 726 257 787 addere
283 745 337 804 per
363 726 463 785 iocum
489 724 550 784 tria
577 727 763 804 cognomina
813 725 952 799 Cephalo,
975 725 995 782 1.
1015 743 1039 783 6.
1060 721 1176 798 Capito,
1209 723 1299 782 sicuti

149 813 244 892 σοφός
266 835 321 892 pro
344 816 462 892 sapiens
490 814 594 874 incart.
613 836 641 874 u.
664 816 762 874 1236:
790 815 863 873 conl
877 813 976 873 Valer.
999 813 1076 872 Max.
1095 812 1186 872 VIIII
1207 814 1258 886 14,
1278 813 1297 870 3

150 902 287 965 ‘eximiae
310 922 381 963 uero
404 903 572 964 nobilitatis
593 904 764 964 adulescens
783 903 937 964 Cornelius
957 901 1056 979 Scipio
1076 922 1143 963 cum
1161 902 1299 979 plurimis

149 1000 180 1054 et
202 994 375 1054 clarissimis
398 993 532 1053 familiae
555 1012 626 1054 suae
649 992 875 1071 cognominibus
898 992 1076 1067 abundaret,
1104 994 1136 1051 iu
1159 991 1299 1051 seruilem

150 1084 321 1162 Serapionis
340 1083 573 1160 appellationem
591 1084 676 1162 uulgi
695 1101 829 1144 sermone
847 1085 985 1159 inpactus
1005 1086 1058 1155 est,
1079 1080 1160 1160 quod
1177 1080 1299 1141 huiusce

149 1175 278 1234 nominis
302 1175 453 1232 uictimari
474 1192 620 1250 perquam
643 1173 749 1232 similis
773 1168 859 1233 erat'.
897 1170 1028 1248 Cephalo
1052 1170 1172 1231 Cassius
1194 1189 1299 1230 reuera

150 1263 235 1324 audit
248 1257 412 1346 (Κεφάλων
425 1261 528 1339 Polyb.
543 1262 618 1329 VIII
634 1264 684 1337 14,
699 1265 729 1338 5,
748 1261 779 1322 C.
793 1263 924 1321 Marcius
938 1260 1068 1338 Cephalo
1083 1259 1146 1321 CIL
1162 1260 1192 1318 11
1213 1260 1298 1321 1936

151 1345 353 1434 (conf155)),
383 1371 438 1430 per
464 1353 563 1412 iocum
591 1372 606 1410 e
634 1352 763 1431 uestigio
795 1352 854 1410 duo
887 1351 971 1411 addit
1003 1370 1082 1410 noua
1114 1352 1300 1429 cognomina,

149 1444 246 1517 faran
264 1440 344 1520 quod
362 1441 497 1520 Scaliger
514 1443 593 1501 recte
612 1443 753 1517 restituit,
776 1445 806 1501 et
824 1446 959 1501 sectorem
976 1440 1054 1500 unde
1073 1442 1198 1517 apparet
1216 1441 1299 1498 ouius

151 1534 266 1611 generis
285 1533 378 1591 luerit
396 1529 523 1591 Cassius.
543 1529 635 1591 Gaius
654 1533 749 1592 instit.
767 1530 812 1588 IV
833 1531 895 1590 146
921 1525 1060 1590 ‘sectores
1083 1531 1230 1590 uocantur
1248 1530 1300 1605 qui

151 1622 270 1699 publice
300 1621 380 1681 bona
411 1617 593 1681 mercantur'
627 1620 764 1698 Stupro
792 1621 877 1680 Rosa.
900 1619 999 1679 Amer.
1026 1620 1089 1681 103
1121 1615 1158 1679 ‘is
1190 1620 1243 1696 qui
1270 1620 1301 1677 et

151 1714 248 1771 sector
266 1714 312 1771 est
330 1711 511 1786 statuarius,
529 1711 584 1770 hoc
603 1713 656 1787 ast,
676 1712 729 1787 qui
748 1712 778 1770 et
795 1710 917 1769 illorum
935 1711 1069 1788 ipsorum
1087 1708 1240 1782 bonorum,
1264 1706 1300 1767 de

151 1801 259 1878 quibus
282 1803 391 1880 agitur,
414 1803 532 1876 emptor
554 1804 644 1876 atque
666 1818 817 1877 possessor
840 1802 893 1874 est,
917 1803 947 1858 et
969 1819 1037 1859 eum
1055 1799 1205 1859 homiuem
1224 1798 1301 1857 occi·

151 1891 280 1950 dendum
307 1892 438 1965 curauit,
470 1889 506 1949 de
538 1891 621 1950 11111
652 1893 747 1950 morte
775 1885 950 1966 quaeritur’.
1000 1889 1106 1966 Itaque
1134 1888 1302 1965 turpIssimi

152 1983 292 2057 quaestus
316 1980 404 2038 homo
428 1982 505 2053 erat,
529 1978 631 2054 quales
655 1979 682 2039 ei
705 1983 788 2055 sunt,
816 1980 869 2056 qui
891 1979 1101 2038 deminuturum
1123 1977 1202 2038 bona
1226 1995 1302 2054 quae

150 2069 206 2131 sub
224 2070 313 2129 hasta
332 2069 476 2128 ueuibant
494 2087 625 2131 coemere
643 2068 792 2129 solebant:
811 2070 908 2129 sector
926 2071 957 2128 et
974 2069 1100 2128 sicarius
1119 2067 1302 2141 Cicereia,

151 2161 248 2219 sector
271 2161 301 2219 et
318 2158 368 2217 fur
385 2158 528 2218 Lucilius.
566 2158 691 2233 01111111
711 2163 791 2218 recte
809 2157 1031 2218 Lachmannus:
1054 2158 1126 2218 conf
1141 2156 1179 2216 ad
1197 2158 1301 2215 incert.

151 2269 179 2308 u.
197 2249 282 2308 1138
300 2248 471 2308 zeitschrift
491 2248 511 2305 1.
526 2247 554 2307 d.
569 2252 689 2307 oesterr.
704 2246 886 2325 Gymnasien
899 2246 995 2305 XLIX
1011 2247 1096 2306 1898
1111 2266 1139 2322 p.
1152 2247 1247 2307 1092.
1261 2277 1299 2286 —

153 2339 295 2408 damnati,
318 2337 351 2397 id
373 2341 419 2398 est
441 2355 533 2397 causa
556 2338 734 2397 ceciderunt.
748 2369 792 2379 —
807 2338 868 2406 ulii,
892 2336 1001 2413 reliqui
1024 2340 1070 2396 est
1090 2335 1224 2413 uulgaris
1243 2354 1302 2395 ser-

151 2429 261 2488 monis:
286 2427 406 2488 Sallust
426 2427 490 2506 Iug.
511 2429 562 2502 91,
582 2429 600 2486 6
622 2422 781 2486 ‘Numidae
799 2426 924 2503 puberes
943 2426 1104 2499 interfecti,
1127 2426 1182 2484 alii
1200 2443 1301 2484 omnes

152 2512 338 2578 uenumdati’
359 2508 427 2598 (54,
443 2509 491 2597 6)3
510 2515 549 2576 ad
561 2516 631 2576 Her.
646 2516 690 2575 IV
705 2518 734 2591 8,
756 2519 796 2576 12
817 2512 1025 2593 ‘optimatibus
1044 2515 1212 2588 trucidatis,
1234 2514 1302 2572 aliis

153 2607 285 2685 abreptis
307 2609 340 2666 iu
363 2600 550 2666 semitutem'
575 2597 873 2687 (161139516111.
899 2600 995 2663 ‘arma
1018 2606 1070 2679 qui
1095 2605 1200 2663 contra
1226 2602 1302 2661 tule-

152 2700 232 2773 runt,
248 2743 254 2755 .
271 2744 277 2755 .
293 2744 299 2755 .
313 2695 510 2771 trucidantur,
530 2697 642 2755 ceteri.
659 2742 664 2755 .
681 2742 687 2753 .
701 2697 861 2772 rapiuntur
885 2695 917 2752 in
941 2686 1159 2773 seruitutem')3
1179 2691 1302 2752 Sallust.

152 2787 217 2865 lug.
238 2788 290 2861 52,
310 2789 328 2845 2
354 2781 426 2845 ‘alia
449 2787 550 2845 omnia
573 2788 691 2862 praeter
717 2784 829 2844 milites
858 2778 1051 2860 opportuna’3
1076 2784 1127 2858 63,
1148 2783 1175 2840 2.
1201 2783 1253 2856 87,
1274 2783 1303 2839 2.

154 2877 207 2951 46,
226 2878 254 2936 2.
300 2875 389 2954 longe
416 2894 507 2951 opera
535 2876 605 2933 ante
632 2874 695 2933 alic
722 2876 821 2933 omnia
845 2873 979 2933 Lucilius
1002 2871 1053 2931 lib.
1073 2870 1171 2930 XXIX
1189 2872 1302 2930 1829

154 2965 220 3024 Ter.
239 2964 366 3041 Adelph.
386 2965 459 3026 832.
506 2966 581 3024 alios
603 2981 701 3023 onmes
723 2963 817 3022 Lucil.
837 2963 935 3022 XXIX
954 2983 981 3021 u.
1003 2963 1075 3022 913.

244 3046 328 3117 425.
351 3053 520 3115 Priscianus
540 3052 590 3113 GL
609 3053 640 3113 II
658 3075 686 3132 p.
707 3055 781 3129 231,
802 3051 880 3113 13Κ
903 3071 938 3111 ex
962 3051 1105 3113 Suetonio
1124 3041 1167 3131 (p.
1189 3051 1251 3110 347
1263 3042 1303 3132 R)

157 3140 236 3204 ‘Non
255 3147 300 3204 est
322 3146 423 3203 tamen
441 3144 641 3222 ignorandum
659 3144 740 3220 quod
763 3145 854 3203 etiam
872 3143 921 3201 hio
939 3160 1048 3219 puerus
1068 3143 1098 3201 et
1116 3141 1164 3200 hic
1184 3142 1213 3200 et
1231 3140 1304 3199 haec

155 3253 228 3311 puer
255 3233 453 3294 uetustissimi
475 3233 634 3310 protulisse
656 3234 860 3307 inueniuntur,
887 3235 918 3292 et
944 3233 1062 3310 puellus
1089 3231 1199 3309 puella.
1245 3229 1304 3288 Lu·

157 3324 243 3383 cilius
265 3325 298 3384 in
316 3324 359 3382 XI
383 3319 477 3382 “inde
492 3370 498 3381 .
515 3371 520 3381 .
536 3370 542 3382 .
556 3318 720 3400 puellus”.'
767 3322 953 3382 Describitur
976 3324 1041 3381 uita
1064 3321 1190 3381 alicuius
1216 3321 1304 3381 sicuti

156 3412 386 3472 Trimalchionis
414 3414 479 3472 uita
510 3414 651 3472 narratur
682 3411 763 3489 apud
789 3411 908 3471 Patron.
929 3414 969 3471 75
1004 3408 1079 3471 ‘tam
1112 3428 1237 3488 magnus
1270 3428 1305 3468 ex

156 3502 229 3563 Asia
251 3503 334 3578 ueni,
363 3521 452 3578 quam
480 3503 528 3562 hic
554 3501 749 3562 candelabrus
777 3504 830 3561 est.
868 3502 907 3560 ad
934 3519 1094 3575 summam,
1121 3500 1230 3560 cotidie
1258 3518 1305 3559 me

158 3592 288 3654 solebam
311 3592 351 3652 ad
372 3592 458 3652 illum
482 3594 591 3668 metiri,
614 3595 645 3650 et
666 3595 701 3651 ut
724 3591 849 3652 celerius
874 3594 1004 3652 rostrum
1030 3590 1189 3650 barbatum
1216 3588 1305 3648 habe·

156 3701 228 3754 rem,
250 3682 336 3741 labra
358 3682 394 3740 de
417 3682 537 3741 lucerna
560 3677 729 3761 ungebam'.

246 3762 331 3831 426.
354 3771 448 3831 lulius
466 3771 618 3831 Romanus
637 3772 716 3849 apud
736 3770 903 3832 Charisium
922 3769 973 3830 GL
991 3770 1006 3828 1
1024 3790 1054 3847 p.
1074 3770 1148 3843 240,
1167 3767 1223 3826 811
1242 3762 1306 3826 ‘Mu

157 3879 212 3936 pro
239 3861 370 3920 muttire.
420 3859 553 3919 Lucilius
585 3862 755 3948 saturarum
787 3861 864 3922 libro
897 3856 969 3919 ‘non
1000 3859 1124 3918 laudare
1155 3856 1306 3917 hominem

158 3984 339 4044 quemquam
371 3985 442 4043 neq,
473 3967 570 4026 facere
601 3949 787 4044 {lmquam''.’
839 3968 888 4027 Ita
918 3967 1150 4043 Neapolitanus:
1182 3964 1307 4023 adnotat
1331 3981 1335 3989 ·

158 4056 260 4116 Dousa
284 4047 341 4137 (XI
361 4047 417 4138 12)
440 4059 572 4115 ueterem
594 4074 681 4116 suum
704 4057 835 4117 codIcem
857 4056 996 4116 habuisse
1020 4057 1156 4129 inquom,
1182 4056 1215 4113 in
1238 4071 1305 4112 cou-

158 4149 242 4206 teatu
270 4146 371 4222 posuit
397 4149 499 4205 tamen
527 4164 619 4221 aeque
650 4166 701 4206 mu
732 4148 829 4221 facee
849 4166 864 4201 a
883 4164 1022 4220 anquam.
1072 4144 1221 4220 Excerpta
1252 4143 1307 4202 cod

158 4235 288 4296 Parieiui
316 4254 384 4294 cum
410 4234 541 4295 habeant
569 4231 631 4295 ‘mu
659 4256 713 4313 pro
741 4238 865 4295 muttire
892 4236 987 4295 lucius
1017 4253 1113 4311 neque
1146 4235 1224 4293 euim
1256 4254 1307 4292 mu

159 4327 255 4386 lacere
287 4326 320 4384 iu
352 4319 543 4403 quemquam’
577 4326 772 4403 archetypum
810 4321 915 4402 ‘neque
951 4345 1002 4384 mu
1039 4325 1135 4384 lacere
1171 4319 1305 4400 inquam'

158 4415 298 4476 habuisse
317 4419 419 4491 aperte
437 4417 595 4475 testantur.
619 4414 703 4485 Quod
721 4415 802 4476 istud
821 4416 1020 4494 fragmentum
1037 4414 1113 4475 libro
1128 4413 1158 4472 11
1172 4412 1309 4472 tribuunt

160 4509 298 4582 excerpta
322 4504 458 4581 Canchli,
485 4505 573 4565 facile
597 4507 757 4565 conieceris
785 4505 941 4583 deceptum
964 4525 1031 4564 eum
1055 4505 1146 4565 fuisse
1169 4503 1221 4563 illo
1249 4523 1308 4563 acre
