3036 5004
581 377 668 434 xxsx
687 395 716 434 u.
734 382 887 436 sss-ess.
1238 377 1300 442 291

153 546 261 607 Hesut
281 545 345 607 672
373 546 445 607 Hor.
464 565 547 606 serm.
566 547 597 607 11
617 549 650 620 3,
670 548 698 605 6.
730 547 801 606 116.
854 545 936 616 Quae
968 545 1119 624 significat
1150 546 1205 606 hoc
1237 545 1302 605 loco

154 655 319 696 sermonem
352 655 469 696 omnem
501 635 619 696 irritum
652 654 714 696 esse
744 638 776 695 et
805 654 926 695 uanum.
972 633 1057 695 Vnde
1090 638 1217 712 opparat
1247 635 1303 694 hoc

152 725 241 785 modo
259 724 531 804 interpungendum
550 739 625 786 esse:
644 726 827 786 exclamaret
844 723 942 785 Gnato
961 720 1097 784 timIdus:
1117 719 1161 783 ‘at
1176 724 1302 783 nimium

153 819 254 874 metuo
277 834 313 874 ne
336 814 466 892 improbi
489 815 632 893 frangant
654 815 728 875 mihi
751 833 818 875 crus
841 808 961 892 lapide'.
1007 813 1178 890 Respondet
1204 812 1303 873 miles:

155 900 267 964 “‘crus
285 899 409 980 lapide’'
429 904 504 964 nihil
522 907 577 980 est,
596 905 714 964 credam
732 907 759 964 si
776 907 807 964 te
824 905 887 964 ictu
906 899 1085 981 perculerit'.
1107 935 1148 944 —
1168 902 1302 962 Similem

154 998 244 1070 atque
266 993 400 1054 Lucilius
427 993 560 1054 fabulam
588 995 694 1054 Ateius
723 992 830 1072 (lapito
857 996 1035 1053 namauerat
1062 995 1183 1052 auctore
1206 989 1303 1052 Gellio

155 1083 199 1142 IV
221 1085 260 1142 14
286 1078 394 1143 ‘Aulus
412 1082 561 1143 Hostilius
579 1082 734 1144 Mancinus
753 1083 858 1144 aedilis
877 1082 987 1144 cumlis
1006 1082 1072 1140 fuit.
1113 1082 1144 1141 Is
1162 1080 1303 1142 Maniliae

154 1172 302 1233 meretrici
325 1173 413 1231 diem
445 1173 483 1232 ad
516 1173 660 1251 populum
688 1171 777 1247 dixit,
810 1171 888 1249 quod
915 1192 931 1231 e
959 1169 1095 1231 tabulato
1123 1164 1187 1231 eius
1214 1173 1304 1231 noctu

153 1261 253 1338 lapide
280 1264 357 1322 ictus
385 1265 475 1336 esset,
504 1264 671 1338 nulnusqne
698 1282 733 1322 er
761 1281 795 1323 eo
823 1261 922 1338 lapide
950 1259 1133 1321 ostendebat.
1178 1259 1304 1321 Manilia

154 1350 193 1410 ad
228 1351 364 1412 tribunos
400 1351 482 1429 plebi
516 1355 702 1429 prouocauit.
757 1351 847 1429 Apud
883 1369 933 1411 eos
969 1350 1046 1409 dixit
1082 1350 1303 1410 comissatorem

153 1440 325 1499 Muncinum
348 1438 387 1499 ad
411 1441 497 1503 aedes
520 1460 590 1502 suas
612 1443 743 1516 uenisse,
766 1460 833 1501 eum
857 1440 913 1500 sibi
936 1441 1067 1518 recipere
1090 1457 1151 1500 non
1173 1440 1265 1499 fuisse
1288 1459 1303 1499 e

154 1549 185 1589 re
217 1548 284 1590 sua:
316 1529 367 1589 sed
399 1549 466 1590 oum
498 1532 530 1590 ui
561 1533 746 1607 inrumperet
777 1528 926 1607 lapidibus
959 1529 1123 1606 depulsum.
1178 1528 1305 1588 Tribuni

154 1620 348 1679 decreuerunt
375 1619 501 1680 aedilem
529 1641 563 1680 ex
592 1639 626 1680 eo
650 1621 715 1682 loco
742 1621 806 1680 iure
833 1618 994 1694 deiectum,
1022 1637 1080 1696 quo
1108 1638 1175 1678 oum
1202 1622 1304 1679 uenIre

154 1728 221 1768 cum
249 1708 405 1768 corollario
433 1729 493 1769 non
520 1709 668 1770 decuisset
721 1712 879 1787 propterea
905 1730 943 1770 ne
970 1727 1037 1767 cum
1064 1709 1176 1785 populo
1199 1708 1304 1768 aedibs

155 1800 265 1875 ageret
287 1795 537 1858 intercesserunt'.
883 1798 891 1820 ¹

246 1878 330 1949 845.
354 1886 469 1948 Nonius
492 1907 520 1964 p.
536 1887 588 1962 36,
609 1890 649 1947 27
675 1884 822 1966 ‘Deleati
845 1887 957 1948 dictum
981 1879 1129 1947 rarefacti.
1170 1886 1305 1947 Lucilius

155 1975 205 2035 lib.
223 1975 321 2035 XXIX
355 1971 448 2036 “ncto
472 2025 478 2036 .
499 2023 506 2038 .
526 2024 532 2036 .
556 1972 703 2038 sumus'’.’
767 1978 950 2038 scursonem
986 1980 1111 2057 agnouit
1148 1975 1303 2037 Mercerus.

155 2065 273 2138 depilati
300 2082 417 2125 mmus:
445 2085 524 2143 aqua
551 2067 680 2127 feruenti
710 2069 844 2128 immissa
875 2066 1018 2127 uidentur
1048 2066 1204 2126 cardinum
1236 2085 1304 2127 con·

155 2155 280 2214 tectores
308 2154 356 2214 illi
388 2173 451 2215 esse
477 2156 621 2216 ambusti:
654 2156 786 2234 depilare
818 2156 1032 2216 emudefsctam
1064 2155 1213 2234 perdicem
1241 2159 1305 2217 oooi

154 2243 295 2303 dicuntur
311 2244 397 2321 Apio.
417 2242 461 2303 VI
481 2246 554 2305 221.
595 2245 722 2306 Foribus
740 2247 893 2323 repulsum
912 2246 1012 2324 gelida
1029 2245 1184 2324 perfundit
1197 2245 1305 2305 mulier

155 2352 202 2411 ap.
217 2332 322 2394 Horat
341 2353 427 2394 serm.
446 2333 477 2392 Π
498 2336 526 2410 7,
546 2337 595 2395 30.

246 2415 327 2484 846.
352 2423 468 2483 Nonius
496 2443 524 2500 p.
545 2426 623 2500 384,
647 2426 666 2483 5
696 2420 862 2502 ‘Recipere¹
894 2442 1042 2484 reuocare.
1091 2423 1226 2485 Lucilius
1246 2414 1304 2484 lib.

156 2511 301 2571 XXVIIII
326 2508 479 2590 “primum
502 2508 647 2574 ...te''.'
694 2530 750 2588 pcc
775 2515 898 2589 complut
927 2518 953 2571 te
975 2512 1063 2586 codd,
1086 2512 1163 2587 quod
1184 2514 1306 2588 recipiat

158 2606 184 2658 lc
205 2600 365 2677 Homerus,
386 2620 442 2676 quo
464 2605 591 2677 recipias
613 2608 640 2663 tc
661 2603 878 2663 Lachmannus.
920 2602 1039 2662 Similia
1056 2603 1158 2681 iurgio
1176 2605 1207 2662 et
1223 2602 1305 2686 rixae

156 2694 318 2751 namantur
340 2691 475 2770 Propert.
495 2693 538 2752 IV
558 2694 591 2768 8,
612 2694 651 2752 61
684 2687 764 2752 ‘illas
792 2692 976 2770 direptisque
1008 2693 1099 2752 comis
1133 2693 1305 2769 tunicisque

155 2781 262 2842 solutis
284 2783 395 2858 excipit
417 2782 558 2842 obscurae
577 2785 675 2859 prima
692 2782 818 2843 taberna
836 2777 925 2842 uiae'.
966 2781 1128 2841 Ablatiuus
1147 2797 1203 2856 quo
1225 2784 1305 2842 recte

155 2870 285 2931 traditus
316 2873 374 2930 est:
407 2871 488 2932 Caes.
507 2872 535 2931 b.
555 2869 589 2931 G.
608 2871 667 2931 VH
687 2873 781 2943 66,7
821 2867 869 2930 ‘ne
900 2875 980 2931 tecto
1011 2872 1174 2948 recipiatur
1205 2870 1304 2931 Plaut.

156 2959 230 3020 Rud.
251 2962 315 3019 574
340 2956 450 3037 ‘recipe
473 2980 520 3021 me
542 2963 574 3020 in
597 2957 730 3021 tectum’.
776 2961 872 3022 Varro
895 2965 949 3020 sat.
969 2959 1100 3038 Menipp.
1121 2959 1225 3020 589ss
1245 2955 1305 3020 ‘hic

156 3052 188 3108 in
202 3049 352 3110 >cenaculo
375 3050 471 3127 polito
494 3047 699 3128 recipiuntur’.
741 3051 877 3128 Apparet
899 3053 1022 3125 recipiet
1043 3050 1104 3109 dici
1126 3049 1162 3110 de
1185 3049 1305 3111 domino

156 3137 285 3214 aedium,
308 3140 361 3216 qui
384 3139 533 3200 hominem
558 3143 665 3217 recipit
687 3142 761 3199 ioris
784 3143 922 3200 stantem.
968 3142 1144 3200 esoduorso:
1174 3144 1304 3201 ueterem

156 3228 402 3307 orthographiam
437 3229 493 3289 hoc
529 3229 595 3290 loco
627 3234 784 3289 serusrunt
820 3231 912 3290 Nonii
948 3228 1035 3289 codd:
1072 3231 1144 3291 coni
1177 3230 1304 3291 indicem

157 3320 386 3396 grammaticum
409 3337 431 3377 s.
445 3338 475 3377 u.
494 3319 707 3394 orthoproplsio.
753 3320 841 3380 Anno
866 3313 1013 3397 osssrss
1043 3319 1130 3379 modo
1158 3337 1305 3388 cussum,

157 3408 244 3468 modo
271 3424 413 3468 cumeum
440 3411 593 3467 exaratum
622 3412 667 3468 est
694 3410 725 3467 iu
753 3410 819 3487 lege
847 3408 883 3468 dc
910 3407 1081 3486 repetundis
1106 3406 1306 3484 01L1198,

159 3498 187 3555 3.
208 3498 264 3556 59ι
287 3497 390 3557 eadem
413 3499 530 3557 ratione
553 3501 650 3558 utitur
672 3497 813 3558 Lucilius.
859 3496 945 3569 Quod
972 3498 1146 3558 aduerhium
1174 3499 1306 3575 positum

157 3588 203 3645 est
228 3605 283 3663 pro
311 3587 504 3647 morimeam
531 3590 566 3648 ut
592 3587 804 3649 intemundino
831 3587 882 3647 lib.
901 3585 1000 3646 XXVI
1023 3607 1050 3646 u.
1071 3588 1144 3647 637.
1195 3585 1307 3647 (lontra

157 3674 274 3734 Terent
289 3675 415 3753 Adelph.
431 3677 494 3737 583
516 3672 606 3753 ‘apud
625 3679 722 3754 ipsum
742 3678 840 3736 lacum
860 3681 905 3737 est
922 3677 1054 3753 pistrilla
1067 3681 1098 3737 st
1111 3675 1305 3736 exaduorsum

159 3759 292 3823 tabrioa’.

248 3845 331 3915 848.
354 3854 470 3913 Nonius
497 3876 526 3932 p.
542 3856 682 3931 383,.19
706 3851 897 3932 ‘demissum
921 3857 1053 3914 missum.
1098 3854 1232 3914 Lucilius
1255 3854 1306 3914 lib.

158 3941 303 4002 XXVIIII
335 3938 480 4003 “cohibet
577 3939 737 4005 remisit’'.'
792 3944 875 4004 Idem
906 3964 935 4021 p.
956 3945 1034 4018 350,
1059 3945 1102 4003 30
1138 3939 1306 4013 ‘Maestum

158 4033 254 4108 triste,
276 4032 486 4093 miserandum.
511 4034 715 4095 ..Lucilius
737 4033 788 4095 lib.
807 4032 953 4094 XXVIIII
977 4028 1120 4093 “cohibet
1143 4037 1168 4093 ct
1188 4032 1307 4093 domino

158 4124 289 4182 maestus
318 4113 432 4204 (aestus
455 4123 485 4182 L
502 4141 540 4183 m.
558 4116 592 4206 1)
619 4142 650 4184 se
678 4118 841 4183 albinus'’.'
887 4122 1034 4182 Distinxit
1061 4123 1209 4182 Mercerus
1238 4127 1307 4183 ante

158 4212 286 4272 Albinus
312 4213 417 4274 contra
443 4212 536 4273 Nonii
564 4213 643 4290 quod
669 4214 833 4290 posteriore
859 4213 924 4272 loco
952 4211 1072 4272 exhibet
1093 4213 1307 4274 testimonium.

159 4299 243 4371 Quod
266 4302 471 4362 testimonium
494 4306 520 4363 si
541 4321 706 4381 sequemur,
728 4303 837 4380 prioris
856 4303 1020 4363 sententiae
1038 4300 1204 4362 subiectum
1221 4305 1309 4378 pater

159 4394 206 4451 est
227 4391 365 4471 Albinus,
388 4395 440 4470 qui
463 4391 530 4453 ideo
552 4397 675 4469 maeret,
698 4392 777 4469 quod
799 4392 888 4451 modo
907 4410 1052 4470 agenore
1070 4396 1139 4469 post
1157 4391 1308 4469 sponsalia

159 4480 316 4557 repudium
339 4480 419 4542 fillae
442 4481 518 4542 snae'
536 4485 582 4543 est
603 4485 767 4543 remissum.
813 4481 919 4558 Itsque
947 4483 1048 4559 generi
1071 4500 1177 4543 nomen
1201 4484 1255 4541 aut
1277 4483 1308 4541 In

1044 4581 1095 4634 19*
