3060 5010
229 327 293 394 160
615 329 653 383 111
670 347 697 414 l·
718 334 777 384 aas.
815 327 990 413 xllsauaar.

224 498 371 559 uocabulo
394 498 505 559 Lucilii
522 498 621 575 posIto
644 500 713 576 post
736 498 819 569 libro,
842 518 909 559 cum
928 500 1072 576 scriptum
1089 498 1182 558 fuerit
1199 501 1229 557 ri.
1262 499 1381 563 Tamen.

225 589 388 649 desiderari
407 589 486 665 apud
501 587 668 648 Chansium
688 608 843 648 numerum
861 589 932 648 libri
949 588 1099 648 Luciliani
1116 591 1186 666 post
1203 592 1375 650 suturarum

224 678 298 737 libro
317 683 451 754 apparet
487 676 647 738 Praeterea
665 679 697 735 in
715 677 815 737 codice
833 678 887 738 illo
906 690 994 753 quem
1013 682 1044 737 et
1061 677 1164 736 Dousa
1183 681 1214 737 et
1227 677 1375 739 Cauchius

225 767 427 827 adhibuerunt
453 786 608 826 numerum
641 766 712 826 libri
741 768 833 827 fiiisse
865 769 1036 843 appositum
1072 785 1108 826 ea
1143 788 1176 827 re
1208 770 1376 846 suspicetur

225 857 350 933 aliquis,
378 857 459 932 quod
482 856 585 916 Dousa
612 855 709 917 editor
736 857 768 915 in
795 856 873 917 libro
892 857 935 915 XI
962 858 1063 934 posuit
1089 857 1146 916 hoc
1173 856 1375 935 fragmentum

224 966 321 1024 nequo
349 948 510 1023 quicquam
537 946 573 1006 de
600 965 723 1005 numero
751 946 821 1005 libri
849 945 966 1005 addidit
993 966 1088 1023 noque
1117 949 1149 1005 in
1182 947 1374 1007 adnotatione

225 1055 322 1112 neque
345 1035 377 1094 in
400 1037 614 1095 commentario
637 1055 732 1112 nequa
756 1037 877 1094 omnino
901 1037 1037 1112 exposuit
1059 1054 1119 1112 qua
1142 1056 1174 1095 re
1197 1039 1242 1095 ita
1261 1038 1373 1097 fecerit.

224 1124 331 1203 Itaque
354 1124 479 1184 Cauchii
502 1127 640 1202 excerpta
663 1144 730 1185 cum
758 1142 818 1185 non
845 1125 927 1184 iacta
954 1126 1015 1185 sint
1043 1124 1080 1184 ad
1108 1125 1240 1185 codicem
1266 1128 1375 1203 ipsum,

224 1215 275 1275 scd
299 1215 337 1274 ad
361 1215 555 1293 apographon
583 1215 692 1275 codicis
715 1207 796 1296 (Keil
815 1213 865 1273 GL
885 1214 946 1290 lp.
965 1207 1087 1296 XXVI),
1110 1234 1265 1274 numerum
1288 1216 1375 1276 illum

223 1304 344 1365 Dousas
358 1304 401 1363 XI
418 1305 497 1364 male
515 1305 701 1364 intellectum
720 1323 739 1363 a
756 1306 822 1363 uiro
842 1304 937 1379 docto,
956 1306 1005 1364 cui
1024 1302 1170 1364 Cauchius
1189 1324 1244 1364 sua
1262 1305 1374 1380 debuit,

223 1395 256 1452 in
279 1413 436 1454 numerum
453 1394 484 1453 Π
508 1392 616 1455 abiisse
639 1396 817 1454 statuemus:
841 1392 921 1469 quod
938 1394 1028 1454 facile
1045 1393 1111 1453 fieri
1128 1396 1238 1470 potuit,
1261 1414 1328 1455 cum
1347 1395 1374 1454 X

224 1487 296 1544 nota
327 1484 423 1544 hastis
456 1485 661 1543 atramentoue
693 1482 866 1543 coeuntibus
898 1485 997 1542 minus
1030 1486 1167 1543 accurate
1200 1486 1375 1561 inspicienti

223 1574 313 1633 facile
331 1575 464 1650 potuerIt
483 1573 580 1632 uideri
592 1573 616 1631 1.
654 1571 751 1642 Quare
766 1571 929 1632 Cauchium
947 1574 1155 1633 tantummodo
1174 1577 1209 1633 ut
1225 1569 1373 1635 errantem

224 1682 283 1722 non
311 1668 346 1723 ut
373 1663 620 1739 interpolatorem
647 1664 802 1722 reiciemus
829 1664 924 1722 tacito
951 1662 1070 1723 Dousae
1097 1664 1270 1723 testimonio
1304 1666 1373 1724 irati

224 1756 254 1811 et
272 1751 350 1811 libro
369 1751 411 1810 XI
430 1771 549 1811 uersum
568 1752 746 1812 tribuemus:
770 1752 838 1811 uide
859 1753 897 1812 ad
915 1752 966 1811 lib.
986 1751 1057 1811 XIV
1075 1773 1104 1812 u.
1125 1754 1197 1812 453.
1212 1786 1256 1795 —
1272 1753 1373 1831 Scipio

223 1841 411 1901 Aemilianus
453 1861 500 1917 ap.
525 1840 584 1901 Cic.
609 1842 645 1901 de
667 1861 728 1919 rep.
748 1834 806 1923 (IV
828 1843 882 1917 10,
904 1832 958 1921 12)
1001 1861 1089 1918 quem
1132 1843 1230 1902 locum
1276 1844 1374 1903 adfert

223 1932 410 2009 Augustinus
438 1931 474 1990 de
502 1933 558 1991 ciu.
578 1931 627 1990 dai
644 1931 713 1991 119
744 1927 829 1990 ‘dicit
860 1932 966 1990 deinde
997 1932 1058 1991 alia
1085 1936 1116 1991 et
1148 1934 1190 1993 sic
1222 1934 1374 1993 concludit

222 2019 301 2079 hune
323 2021 422 2079 locum
440 2023 475 2079 ut
493 2021 632 2081 ostendat
650 2021 800 2081 ueteribus
821 2021 1007 2099 displicuisse
1026 2022 1169 2082 Romanis
1189 2024 1236 2081 uel
1255 2023 1374 2082 laudari

224 2128 404 2186 quemquam
428 2111 460 2168 in
483 2129 589 2170 scaena
612 2111 716 2169 uiuum
739 2112 889 2171 hominem
912 2111 961 2170 uel
984 2106 1171 2188 uituperari’.
1208 2131 1258 2172 ma
1276 2114 1374 2185 facere

222 2199 302 2257 idem
321 2200 382 2258 fero
401 2218 436 2258 ac
455 2201 639 2277 uituperare:
659 2201 763 2260 attulit
780 2200 883 2262 Dousa
902 2202 993 2259 Ennii
1012 2220 1130 2261 uersum
1148 2194 1265 2282 (incert
1285 2197 1371 2286 lOV)

223 2307 271 2366 ap.
286 2287 451 2348 Varronem
471 2289 507 2349 de
526 2290 545 2348 l.
559 2289 593 2349 L.
608 2289 667 2349 VII
684 2293 743 2350 101
772 2286 878 2368 ‘neque
896 2294 931 2349 ut
949 2292 1036 2349 aiunt
1054 2311 1105 2349 mu
1124 2293 1221 2351 facero
1240 2288 1373 2353 audent':

222 2379 303 2438 idem
330 2370 448 2461 (insert.
469 2372 538 2461 9V)
563 2399 610 2456 ap.
634 2379 743 2439 Donat.
764 2379 802 2439 ad
821 2380 885 2438 Tor.
905 2380 997 2439 Andr.
1016 2379 1063 2438 III
1083 2382 1117 2455 2,
1137 2382 1177 2439 25
1208 2377 1273 2441 ‘nec
1305 2383 1372 2442 dico

223 2487 277 2527 nec
295 2469 374 2528 facio
392 2464 496 2548 <mo>'
521 2468 573 2528 ubi
591 2469 703 2529 excidit
724 2469 903 2529 uocabulum
925 2471 957 2528 in
981 2469 1055 2529 codd
1078 2472 1156 2530 sicut
1178 2472 1210 2528 in
1231 2471 1372 2548 Neapoli-

221 2560 293 2617 tano
317 2557 454 2618 Charisii.

688 2716 902 2726 ——ss—

745 2940 837 3024 XII.

311 3085 393 3157 427.
419 3095 540 3156 Seruius
558 3099 663 3157 auctus
682 3097 721 3157 ad
738 3097 887 3157 Aeneidos
905 3097 935 3155 Π
956 3099 996 3156 77
1023 3094 1137 3159 ‘Fuerit
1155 3099 1370 3177 quodcumque.

292 3204 363 3245 sano
387 3181 640 3264 “quodcumque’'
665 3190 784 3247 uetusta
803 3205 874 3249 uoce
897 3190 1023 3248 mortem
1051 3188 1215 3268 significari
1236 3189 1370 3251 Lucilius
1428 3224 1430 3227 ·

221 3274 308 3333 docet
329 3276 361 3333 in
380 3274 439 3333 XII
463 3270 565 3334 “hunc
580 3323 586 3334 .
603 3323 609 3334 .
625 3323 631 3335 .
646 3272 786 3352 fuisset''‚
809 3278 864 3337 hoc
887 3282 933 3337 est
955 3279 982 3338 si
1004 3298 1083 3355 mors
1106 3279 1155 3338 uel
1177 3299 1225 3338 me
1243 3280 1292 3339 uel
1310 3281 1370 3354 fra-¹

220 3366 297 3423 trem
321 3360 537 3441 oppressisset'.
574 3366 744 3426 Admodum
766 3366 930 3443 probabiIIs
953 3371 999 3427 est
1016 3368 1049 3426 L.
1064 3369 1202 3428 Muelleri
1221 3372 1371 3430 sententia

221 3452 370 3512 Lucilium
402 3454 438 3513 de
470 3455 536 3514 uita
567 3475 621 3516 sua
648 3456 704 3515 hoc
734 3475 822 3516 uersu
853 3459 949 3534 egIsse
981 3460 1168 3535 suspicantis.
1218 3459 1371 3520 Laudauit

219 3542 314 3621 igibur
336 3545 467 3603 tutorem
491 3564 579 3621 quem
602 3548 688 3623 pater
711 3546 833 3605 dederat
850 3545 980 3606 fidelem:
1005 3549 1110 3623 quodsi
1128 3547 1261 3608 Lucilius
1280 3553 1370 3627 poeta

220 3634 342 3708 eiusque
365 3633 459 3693 irater
481 3637 568 3710 pueri
590 3637 701 3696 mortui
727 3639 824 3695 essent
851 3638 944 3713 stirpe
972 3656 1031 3697 non
1058 3639 1177 3712 relicta,
1204 3638 1253 3698 hic
1280 3640 1369 3698 homo

220 3741 355 3782 sororum
377 3742 440 3783 rem
463 3724 645 3785 familiarem
667 3727 763 3801 patris
786 3727 943 3786 uoluntate
968 3729 1123 3803 totamque
1151 3727 1272 3787 domum
1298 3728 1369 3788 fide·

218 3812 289 3871 liter
312 3813 558 3874 administrasset.
596 3815 724 3892 Siquid
748 3816 862 3891 fuisset,
884 3818 904 3877 i.
924 3837 948 3876 e.
968 3819 994 3876 si
1017 3818 1089 3894 quid
1112 3817 1186 3877 mali
1204 3818 1369 3894 accidisset,

187 3955 192 3963 .
218 3904 253 3961 ut
276 3902 568 3980 Thucyd.1174,3
597 3900 636 3982 ἤν
663 3926 691 3963 τι
717 3913 860 3984 ποιῶμεν
893 3903 1037 3985 εὐφήμως
1063 3926 1118 3984 pro
1145 3902 1185 3984 ἤν
1218 3929 1244 3967 τι
1276 3906 1369 3968 κακὸν

219 3989 314 4070 αὐτὴν
329 4001 470 4072 ποιῶμεν,
484 3993 572 4054 Plato
586 3995 699 4053 Manen.
714 4016 742 4072 p.
759 3996 821 4054 246
834 3995 855 4056 O
870 3994 936 4055 εἴτι
949 3996 1089 4075 πάσχοιεν
1103 3997 1162 4057 Cic.
1174 3997 1258 4058 Tuso.
1273 3997 1288 4055 I
1304 4000 1368 4057 104

220 4077 257 4141 ‘si
280 4082 354 4159 quid
372 4079 548 4143 accidissct’.
586 4084 701 4144 Ilnuius
720 4103 787 4146 ann.
809 4085 908 4145 125v
927 4081 1039 4162 ‘siquid
1056 4107 1104 4146 me
1123 4088 1215 4146 fuerit
1232 4087 1368 4147 humani·

217 4173 266 4230 tus
283 4174 318 4230 ut
331 4169 471 4233 teneatis'
488 4166 615 4255 (Heyius
630 4173 741 4233 archiu.
760 4174 898 4255 lexicogr.
912 4175 978 4235 Lat.
993 4176 1035 4235 IX
1050 4197 1078 4253 p.
1095 4178 1158 4236 456
1178 4176 1221 4235 XI
1235 4198 1262 4254 p.
1279 4169 1368 4260 524).

217 4258 263 4317 Do
286 4259 420 4321 ablatiuo
444 4263 512 4323 uide
535 4264 712 4340 interpretes
732 4263 768 4322 ad
788 4264 890 4323 Plauti
909 4265 989 4325 Trin.
1011 4268 1083 4325 157.
1120 4266 1236 4326 Reuera
1254 4267 1368 4328 diutius

217 4350 305 4424 pater
329 4352 436 4426 poetae
458 4370 558 4428 sospes
587 4354 646 4411 fuit
672 4371 726 4412 nec
748 4353 882 4415 Lucilius
910 4374 944 4413 eo
971 4360 1086 4417 rectora
1114 4355 1235 4416 orbatus
1263 4360 1309 4417 cst
1335 4360 1368 4418 iu

217 4438 316 4514 prima
337 4441 476 4515 pueritia.
