3030 5002
204 338 247 406 10
677 338 691 392 1
708 355 735 392 u.
757 342 869 393 14-17.

202 509 347 571 uocabulo
382 511 554 585 comparato
591 505 663 586 πύλη
700 507 781 586 apud
816 509 951 567 uetustos
987 507 1146 584 scriptores
1182 505 1351 582 correptam

203 598 340 659 habuisse
363 620 382 657 υ
405 600 470 658 iure
492 600 662 657 statuerunt
689 597 748 657 uiri
777 597 858 658 docti
886 598 974 657 sicuti
1001 595 1141 672 τοιίσσω,
1170 614 1230 673 qua
1255 594 1292 655 de
1318 614 1352 654 re

203 690 275 749 conf
294 687 389 748 lexica
411 706 433 748 s.
452 708 480 746 u.
507 688 534 745 T
530 688 707 763 ylypbontus
724 686 836 746 Dorica
857 686 955 746 forma
977 689 1023 746 est
1045 685 1185 745 uocabuli
1201 683 1351 760 πολυφάν-

202 800 255 854 ιης
278 778 358 854 qucd
385 778 553 838 formarunt
580 779 616 836 ut
642 775 864 855 σακχυφάντηςε
892 775 1004 836 texitur
1031 776 1110 835 enim
1138 774 1248 835 culcita
1274 776 1351 834 teste

205 867 240 928 A.
255 867 287 927 Ρ.
307 867 350 926 XI
371 868 411 926 14
435 866 507 951 ιόλμ
530 863 711 943 carruccae
734 864 884 946 Γοργόνος
905 861 925 943 ἢ
950 863 1067 944 Νιόβης
1090 861 1129 943 ἣν
1147 861 1246 936 οὐδεὶς
1270 863 1351 941 ὕφη·

202 978 264 1033 νεν,
287 953 428 1036 &stapam
451 952 496 1016 dt:
521 955 754 1016 P011.v11191
782 956 808 1014 X
828 956 868 1014 38
892 952 1010 1015 ἑπέσθω
1034 950 1066 1014 δὲ
1084 963 1120 1039 τῇ
1138 954 1224 1038 κλίνῃ
1242 956 1352 1030 suisio,

202 1043 352 1122 κνέφαλλα
367 1092 373 1104 .
386 1093 390 1104 .
403 1089 410 1104 .
424 1042 626 1123 ἆμφιτᾶπητες
641 1091 682 1104 ...
699 1045 739 1105 39
759 1041 809 1103 καὶ
827 1044 900 1122 τόλη
919 1040 951 1104 δὲ
970 1036 1035 1124 παρ’
1052 1041 1200 1104 Εὐπόλιδι
1219 1040 1312 1102 ἔστιν.
1325 1088 1351 1102 ..

204 1127 246 1195 ὧν
287 1131 336 1194 καὶ
372 1132 442 1206 τοὺς
477 1133 606 1213 τεχνίτας
645 1132 739 1194 ἔοικεν
772 1126 940 1214 ‘unrocum
981 1129 1013 1193 ἐν
1054 1137 1093 1215 τῷ
1130 1128 1205 1211 duic
1246 1130 1352 1203 Μίκας

188 1218 324 1303 ,(fragm.
351 1215 548 1303 125Blassii)
585 1219 738 1301 ὀνομάζειν
774 1221 879 1283 εἰπών·
923 1219 1110 1301 ἐμισθώσατο
1155 1220 1352 1298 ιυλνφόντας.

206 1313 315 1374 Dorica
345 1315 443 1374 forma
469 1313 599 1373 Tarento
626 1313 753 1372 Romam
779 1312 904 1373 inducta
933 1316 979 1372 est
1010 1330 1086 1388 quae
1119 1311 1189 1371 urbs
1220 1310 1351 1370 lanificio

203 1403 310 1464 Italiae
333 1406 398 1463 erat
416 1403 602 1463 nobilissima
615 1394 728 1483 (Strab.
743 1402 786 1460 Vl
804 1422 833 1479 p.
849 1403 913 1461 284
932 1401 1051 1462 Patron.
1067 1402 1108 1461 38
1128 1401 1352 1477 Marquerdtius

203 1493 321 1554 Manius
355 1493 391 1552 de
428 1493 493 1552 uita
529 1494 651 1569 priuata
678 1512 707 1568 p.
725 1492 759 1550 R.
783 1512 811 1569 p.
832 1485 920 1572 476).
946 1524 985 1533 -
1010 1485 1148 1571 miracla]
1186 1490 1255 1550 uide
1290 1489 1351 1548 ind.

204 1602 327 1660 gramm
346 1602 368 1642 s.
387 1602 415 1641 u.
439 1600 576 1659 syncope.

297 1664 353 1731 lb.
377 1670 545 1731 Macrobius
569 1670 630 1730 Sat.
649 1670 694 1729 v]
712 1671 798 1746 4,18
824 1666 965 1730 ‘Inseruit
988 1662 1168 1752 (Veratius)
1192 1670 1276 1746 operi
1298 1687 1352 1730 suo

205 1764 236 1820 ct
258 1759 371 1821 Graeca
393 1760 494 1835 uerba,
516 1760 645 1820 sednon
664 1761 778 1838 primns
797 1761 854 1820 hoc
872 1778 961 1820 ausus
981 1804 1031 1821 ...
1051 1760 1186 1820 Lucilius
1204 1761 1236 1819 in
1254 1759 1351 1836 primo

205 1845 317 1926 “porro
349 1866 549 1909 umnoronac
585 1849 757 1927 clinopodas
788 1849 963 1925 lichnosque
995 1851 1030 1907 ut
1066 1849 1194 1908 diximus
1230 1864 1352 1909 ccmnot

205 1942 274 1998 ente
364 1933 546 1999 lucernas”.’
591 1938 691 1998 Verba
713 1941 818 2015 poetae
841 1943 922 1999 recte
944 1938 1057 1999 tradita
1079 1940 1166 1999 crant
1191 1940 1224 1997 in
1252 1938 1352 1998 arche·

204 2032 277 2106 typo
300 2028 409 2088 litteris
432 2028 562 2088 Latinis:
590 2047 666 2104 quae
690 2026 819 2088 Graecae
843 2033 896 2088 aut
917 2029 1037 2088 litterae
1060 2032 1114 2089 aut
1135 2047 1224 2088 uoces
1248 2027 1353 2087 illatae

204 2120 327 2177 suntin
351 2117 435 2193 codd,
458 2136 510 2178 eac
533 2121 622 2178 natae
646 2120 716 2178 sunt
738 2119 911 2178 curiositate
932 2118 1125 2178 librariorum
1147 2118 1196 2194 qui
1217 2116 1354 2177 solebant

204 2207 313 2267 litteris
341 2205 462 2267 Graecis
489 2206 590 2267 ludere
617 2209 649 2266 in
680 2207 768 2266 codd:
801 2202 1072 2288 (Reifferscheidius
1099 2206 1242 2267 Biblioth.
1271 2206 1352 2267 Patr.

204 2297 272 2356 Ital.
291 2296 307 2355 Ι
329 2316 357 2373 p.
379 2289 471 2378 264):
499 2297 568 2356 uide
592 2316 667 2372 quae
690 2296 902 2357 adnotauimus
929 2296 968 2355 ad
991 2295 1042 2356 lib.
1061 2297 1089 2354 V
1108 2297 1230 2356 ιι.186.
1277 2295 1352 2356 Con-

205 2387 341 2463 queritur
372 2385 443 2447 deus
475 2386 579 2446 eadem
609 2388 726 2446 ratione
764 2406 824 2462 qua
850 2386 947 2446 Varro
974 2387 993 2444 l.
1017 2385 1050 2446 L.
1070 2385 1112 2444 IX
1132 2388 1172 2445 22
1225 2381 1353 2454 ‘Quotus

205 2476 331 2552 quisque
353 2477 415 2535 iam
438 2494 539 2536 seruos
562 2475 653 2535 habet
674 2475 779 2553 priscis
802 2474 992 2536 nominibus?
1029 2495 1105 2551 quae
1132 2475 1239 2536 mulier
1266 2492 1353 2534 suum

204 2564 435 2625 instrumentum
457 2567 549 2626 uestis
573 2568 663 2641 atque
687 2565 752 2623 auri
775 2564 925 2624 ueteribus
948 2564 1102 2624 uocabulis
1126 2561 1280 2641 appellat?
1302 2563 1354 2624 sed

204 2655 333 2714 indoctis
362 2673 420 2715 non
444 2657 507 2714 tam
530 2654 729 2729 irascendum,
755 2674 844 2731 quam
867 2655 989 2714 huiusce
1011 2655 1173 2730 prauitatis
1196 2648 1353 2730 patronis’.

205 2743 301 2803 Deum
320 2744 430 2803 Lucilii
452 2744 483 2802 in
505 2745 561 2804 hac
579 2764 610 2804 re
630 2747 734 2820 postea
753 2745 846 2804 secuti
865 2746 935 2804 sunt
952 2743 1093 2804 Messalla
1110 2747 1213 2803 orator
1231 2744 1353 2819 eiusque

205 2833 369 2909 discipulus
402 2833 537 2893 Tiberius
574 2833 684 2894 Caesar
715 2826 832 2914 (scholl.
856 2833 927 2893 Hor.
951 2832 1202 2905 serm.110,28
1232 2832 1352 2893 Sueten.

205 2921 269 2981 Tib.
291 2924 341 2983 70.
361 2924 398 2981 71
422 2923 479 2982 Dio
500 2921 579 2982 (lass.
599 2922 683 2982 LVII
705 2925 755 2996 15,
770 2924 797 2981 2.
824 2926 922 2997 17,1.
944 2915 991 3004 2):
1014 2921 1202 2982 Lucilianum
1220 2924 1352 2982 saturam

205 3010 332 3088 denique
355 3008 475 3072 Graecis
498 3014 529 3071 et
551 3012 704 3071 uocabulis
727 3015 758 3071 et
780 3012 966 3073 sententiolis
989 3013 1110 3091 purgari
1136 3012 1235 3072 uoluit
1256 3011 1353 3071 Hora·

205 3101 273 3159 tius.
319 3100 427 3160 Facete
449 3103 549 3160 tamen
575 3103 666 3177 poeta
692 3100 780 3160 deum
807 3100 879 3160 dum
906 3104 1042 3161 ueterum
1068 3100 1283 3161 uocabulorum
1308 3116 1354 3160 cs·

205 3186 336 3267 μνότηια
367 3189 483 3248 inducit
513 3188 687 3250 laudantem
717 3192 816 3266 ipsum
844 3188 957 3250 Graeco
989 3191 1134 3251 uocabulo
1166 3191 1241 3250 iacit
1267 3207 1354 3249 usum

206 3299 312 3355 parum
335 3281 513 3338 constanter.
558 3279 594 3338 In
617 3280 715 3339 uerbis
737 3281 812 3356 ipsis
834 3280 913 3339 male
936 3280 1081 3339 nonnulla
1102 3281 1259 3339 mutarunt
1280 3298 1354 3338 non-

205 3369 293 3427 nulli:
322 3371 356 3428 ut
383 3370 628 3430 exclamationem
654 3369 777 3429 inchoat
804 3372 838 3428 ut
860 3369 958 3429 Plaut.
978 3368 1063 3445 Gapt.
1086 3370 1162 3429 165:
1191 3365 1238 3428 ‘ut
1264 3387 1354 3445 saepe

205 3475 321 3518 summa
342 3459 464 3536 ingenia
490 3459 522 3516 in
546 3459 663 3518 occulto
685 3454 801 3518 latent’.
848 3457 994 3519 Similiter
1017 3462 1108 3536 atque
1132 3461 1164 3517 in
1191 3459 1247 3519 boc
1275 3457 1353 3518 libro

206 3548 277 3606 deus
304 3548 336 3606 in
363 3546 440 3606 libro
471 3548 565 3608 altero
593 3547 737 3607 Scaeuola
759 3548 920 3608 Albucium
946 3549 1026 3608 ludit
1053 3547 1173 3608 Graecis
1199 3547 1355 3608 uocabulis

206 3636 257 3711 qui
286 3639 397 3695 utatur.
448 3644 561 3713 σεμνῶς
588 3639 624 3697 ut
650 3637 802 3698 Demosth.
830 3637 866 3698 de
889 3656 948 3698 ccr.
969 3639 1009 3698 35
1039 3635 1116 3714 potior
1144 3644 1257 3714 σεμνῶς
1285 3632 1354 3697 ὀνο-

205 3723 305 3803 μάζων
330 3726 401 3786 130.
425 3727 498 3785 133.

297 3807 354 3876 17.
379 3814 530 3875 Charisius
554 3814 605 3874 GL
628 3815 643 3874 I
670 3836 698 3893 p.
721 3817 798 3890 118,
819 3815 898 3875 251(
935 3812 1114 3876 ‘Autumnal
1148 3815 1245 3873 Varro
1282 3806 1354 3896 (rer.

205 3904 339 3964 rustili
355 3906 383 3978 5,
400 3897 433 3986 7)
452 3899 698 3981 “aequinoctium
717 3901 906 3979 autrrmnal”,
926 3905 1005 3982 quod
1023 3904 1102 3964 idem
1117 3904 1232 3964 Plinius
1251 3905 1355 3964 eodem

205 3993 282 4053 libro
301 3993 345 4052 VI
368 3986 410 4072 (p.
432 3987 602 4075 52Beclsii)
630 3998 724 4054 notat.
748 3994 910 4055 uidendum
933 3999 1033 4055 tamen
1059 3997 1105 4055 est
1132 4014 1170 4053 an
1197 3994 1354 4070 reprehen-

205 4083 288 4141 sione
310 4083 351 4142 sit
373 4084 506 4161 dignum,
529 4085 612 4160 prius
632 4084 687 4143 illa
705 4083 790 4143 nobis
809 4087 944 4161 spectata
961 4086 1087 4144 ratione.
1124 4084 1246 4143 nomina
1265 4103 1354 4160 quae-

206 4171 274 4230 dam
293 4174 364 4230 sunt
382 4173 569 4248 principalia,
593 4193 668 4249 quae
687 4173 804 4233 Plinius
823 4172 976 4234 Secundus
995 4173 1098 4235 eodem
1116 4173 1193 4233 libro
1211 4173 1355 4233 facientia

206 4260 340 4337 appellat
361 4253 528 4341 (Fabricius
548 4262 664 4322 eddidit
680 4266 713 4322 ui
731 4257 838 4343 cqcc);
862 4283 896 4323 ex
916 4263 1023 4341 quibus
1040 4263 1209 4340 possessiua
1227 4280 1354 4323 nascun-

205 4351 268 4424 tur,
296 4369 372 4425 quae
400 4350 534 4425 patiendi
559 4355 661 4427 uocat,
688 4355 723 4412 ut
750 4351 857 4429 equale
886 4345 997 4432 (lamec
1019 4344 1105 4433 (cam
1127 4342 1198 4433 cod)
1220 4350 1355 4413 Lucilius

206 4437 283 4497 libro
298 4437 313 4496 I
327 4441 497 4500 saturarum
517 4435 626 4517 “arute
645 4462 711 4519 neq.
730 4442 831 4520 inquit
845 4435 1016 4523 aquales’'),
1034 4460 1094 4501 non
1108 4444 1144 4500 ut
1159 4459 1174 4496 ι
1190 4441 1355 4502 autumal.
