3060 5010
219 342 283 411 164
656 342 720 397 xm
737 363 764 399 ιι,
784 350 935 400 rae-440.

131 547 134 552 -
217 514 316 571 omnia
344 511 493 589 disyllabo
522 516 639 572 constat
662 513 790 591 Vergilii
817 513 952 574 uersibus
976 507 1063 594 (Aen.
1078 514 1122 573 VI
1141 515 1182 574 33
1207 534 1306 593 georg.
1327 514 1369 573 IV

220 603 280 660 221
316 600 366 660 ubi
389 600 458 660 uide
480 595 686 684 interpretes),
709 602 809 662 ubi't
784 607 856 663 rtem
880 606 911 662 iu
935 606 1015 663 exitu
1039 623 1141 665 uersus
1165 605 1288 681 ponitur
1310 623 1370 680 qua

218 680 286 751 sede
303 709 405 751 uersus
420 691 569 751 Lucilium
584 694 732 796 synizesin
747 695 838 753 sicuti
853 695 928 754 alios
943 694 1098 754 admisisse
1112 696 1238 770 apparet
1252 713 1280 752 u.
1296 695 1369 753 328.

218 781 325 858 Itaque
347 780 572 841 Lachmannum
592 783 677 858 sequi
699 783 806 843 melius
825 803 888 843 esse
907 802 985 842 nunc
1005 782 1144 843 arbitrati
1163 802 1278 843 sumust
1301 784 1370 842 uide

218 872 306 930 indic.
327 891 450 949 gramm.
470 891 492 931 s.
507 892 535 930 u.
550 873 701 948 syuizesis.
722 904 763 913 —
783 871 957 932 Dominium
977 873 1147 950 appellatur
1166 892 1224 932 non
1244 872 1370 949 quoduis

218 962 399 1036 conuiuium,
432 960 483 1020 sed
517 962 622 1037 epulae
655 961 812 1021 sollemnes
849 963 1001 1021 hominum
1039 961 1184 1021 nobilium
1222 962 1260 1022 ad
1297 981 1370 1038 quos

220 1069 378 1110 conuersus
403 1049 504 1110 Cicero
527 1050 611 1110 Verr.
626 1050 672 1109 III
692 1053 710 1110 9
732 1046 830 1110 ‘huius
855 1055 978 1130 argento
1002 1051 1135 1111 dominia
1153 1055 1263 1126 uestra,
1283 1051 1370 1110 huius

219 1143 312 1219 signis
345 1144 376 1198 61
411 1138 522 1199 1616116
555 1141 652 1199 forum
684 1140 897 1216 comitiumque
930 1136 1061 1200 ornarii’
1118 1139 1193 1200 Gall.
1217 1140 1247 1199 II
1271 1142 1326 1215 24,
1351 1144 1369 1199 2

220 1226 352 1290 ‘senatus
380 1229 531 1289 decretum
559 1233 645 1290 uetus
666 1233 767 1288 ...16
800 1250 858 1306 quo
887 1230 1026 1289 iubentur
1053 1232 1201 1307 principes
1229 1231 1372 1304 ciuitatis,

219 1322 272 1398 qui
303 1318 382 1379 ludis
413 1318 633 1397 Megalensibus
666 1322 790 1395 antiquo
823 1323 884 1379 ritu
916 1322 1105 1393 mutitarent,
1138 1320 1168 1378 id
1199 1323 1245 1380 est
1267 1323 1372 1378 mutua

219 1413 299 1469 inter
322 1427 385 1468 6666
403 1409 536 1468 dominia
559 1411 723 1487 agitarent,
750 1411 849 1469 iurare
870 1430 998 1469 ...666
1027 1409 1155 1487 amplius
1183 1411 1213 1468 in
1238 1410 1370 1488 singulos

220 1518 306 1559 cenas
334 1499 469 1574 sumptus
498 1517 528 1558 so
557 1517 619 1558 esse
649 1499 780 1558 facturos
805 1517 895 1575 quam
918 1503 1056 1559 centenos
1081 1500 1259 1576 uicenosque
1281 1494 1369 1557 aeris’

220 1590 287 1665 sqq.
302 1608 324 1649 s.
366 1587 469 1664 Neque
490 1585 645 1647 obscurum
666 1592 711 1647 est
735 1608 793 1664 quo
812 1591 926 1664 spectet
945 1588 1053 1647 Lucilii
1072 1607 1188 1648 uersus:
1208 1583 1372 1664 ‘primum’,

219 1678 333 1753 inquit,
357 1672 428 1736 ‘non
443 1678 575 1754 singula,
598 1676 649 1738 sed
673 1679 774 1737 66616
797 1679 937 1737 conuiuia
960 1678 1152 1755 collegiorum
1175 1681 1206 1737 et
1229 1677 1372 1737 sodalicia

219 1768 287 1843 ipsa
309 1761 430 1826 tollant'
459 1768 512 1842 qui
539 1767 688 1825 luxuriam
715 1770 746 1826 et
773 1785 907 1826 annonae
936 1770 1092 1827 caritatem
1114 1767 1219 1826 tollere
1243 1758 1376 1827 student

220 1856 299 1914 Nam
330 1855 401 1914 illae
429 1856 623 1933 collegIorum
655 1875 744 1916 cenae
772 1875 862 1916 causa
895 1860 925 1930 61
957 1859 1051 1935 origo¹
1073 1859 1145 1916 sunt
1176 1856 1310 1916 luxuriae
1342 1859 1373 1914 et

220 1949 369 2021 sumptus:
397 1943 494 2004 Varro
521 1965 576 2004 rer.
595 1949 668 2005 rust.
689 1945 733 2004 lII
754 1949 787 2021 2,
808 1947 847 2005 16
877 1940 939 2005 ‘sed
968 1947 1004 2005 ad
1032 1946 1110 2006 hunc
1137 1939 1239 2004 bolum
1262 1937 1309 2027 (id
1332 1950 1373 2004 eet

221 2038 335 2094 1661666
363 2052 397 2094 cc
424 2035 519 2093 turdis
546 2036 704 2093 6166611116
730 2028 855 2117 factum)
883 2040 916 2093 ut
945 2037 1114 2112 peruenias,
1138 2055 1212 2112 opus
1236 2038 1293 2094 erit
1316 2034 1373 2093 tibi

222 2128 275 2185 aut
298 2122 418 2200 epulum
442 2127 496 2183 aut
513 2124 682 2200 triumphus
705 2126 840 2199 alicuine,
864 2128 898 2183 ut
916 2127 987 2183 tunc
1006 2124 1065 2183 fuit
1083 2124 1231 2201 Scipionis
1249 2124 1373 2197 Metelli,

221 2218 276 2273 aut
303 2214 495 2290 collegiorum
524 2232 626 2288 cenae,
659 2233 734 2290 quae
764 2234 842 2274 nuno
869 2207 1100 2273 innumerabiles
1128 2206 1374 2273 excaudefaciunt

222 2322 370 2363 annonam
398 2298 526 2363 macelli’
552 2322 575 2361 6.
591 2323 618 2378 q.
633 2321 655 2362 s.
702 2303 818 2363 Reuera
847 2299 890 2362 ‘L.
910 2297 988 2363 Iulio
1012 2303 1042 2362 0.
1061 2297 1174 2363 Marcio
1202 2294 1379 2363 consulibus

222 2385 381 2476 (690164)
401 2440 407 2451 .
424 2439 430 2451 .
446 2439 452 2451 .
471 2395 591 2452 6666166
615 2393 750 2452 consulto
769 2388 902 2471 collegia
914 2392 1034 2452 sublata
1047 2386 1118 2452 sunt
1136 2386 1215 2469 quae
1227 2385 1382 2452 'aduersis'

222 2481 435 2559 rempublicam
475 2482 655 2541 uidebantur
686 2501 749 2543 6666
847 2486 916 2559 post
947 2477 970 2560 †
1002 2502 1107 2542 nouem
1141 2482 1247 2542 deinde
1278 2501 1372 2541 anuos

223 2592 313 2650 quam
341 2571 459 2631 sublata
486 2575 573 2631 eraut
594 2572 626 2630 P.
643 2571 764 2633 Clodius
787 2576 823 2632 tr.
839 2572 878 2648 pl.
902 2573 967 2650 lege
995 2573 1059 2631 lata
1086 2571 1219 2631 restituit
1246 2572 1373 2649 collegia

223 2655 392 2745 (696J58)
422 2664 542 2721 auctore
575 2662 679 2721 Ascon.
698 2662 729 2721 in
752 2662 851 2721 Pison.
870 2682 898 2737 p.
915 2662 948 2737 6,
969 2660 1047 2721 2οΚ
1058 2661 1086 2720 S.
1133 2662 1221 2720 Anno
1247 2655 1371 2740 sessos

224 2749 357 2812 ‘senatus
380 2751 549 2811 consultum
573 2752 686 2811 factum
710 2754 764 2826 est,
784 2755 818 2810 ut
837 2750 1012 2848 sodalitates
1027 2751 1231 2826 decuriatique
1245 2750 1373 2810 discede-

222 2837 301 2901 rent’
326 2832 454 2923 (61666
478 2839 579 2910 Quint.
557 2841 633 2900 ts
653 2840 732 2914 113,
753 2833 853 2922 5)

312 2922 397 2991 440.
420 2930 536 2990 Nonius
554 2950 582 3007 p.
595 2932 668 3006 216,
686 2933 724 2990 17
742 2925 907 2990 1161666..
923 2932 1022 2992 ,6661
1022 2930 1074 2988 ri.
1090 2929 1216 2989 ..idem
1235 2929 1285 2988 lib.
1300 2927 1374 2987 XIII

225 3016 352 3080 “.hoc
368 3015 539 3095 .’'.’empta
579 3019 665 3078 Anno
686 3021 833 3121 6391116
854 3019 1010 3096 conchylia
1028 3018 1067 3078 M.
1083 2976 1228 3078 Aemilius
1244 3017 1373 3103 Scaurus

224 3103 326 3169 consul
353 3108 484 3168 traditur
510 3107 655 3168 ademisse
678 3109 757 3168 cenis
780 3111 846 3187 lege
869 3128 924 3168 sua
947 3110 1145 3185 sumptuaria:
1175 3101 1295 3187 ‘glires
1300 3126 1373 3183 quos

224 3200 374 3259 censoriae
392 3198 472 3274 leges
491 3197 717 3274 princepsquer
706 3199 745 3257 M.
761 3198 915 3259 Scaurus
907 3219 938 3257 in
958 3197 1114 3258 consulatu
1132 3217 1191 3256 non
1211 3197 1271 3256 alio
1286 3197 1372 3257 modo

224 3289 303 3347 cenis
331 3286 464 3346 ademere
492 3282 569 3366 (oc)
596 3288 753 3365 conchylia
781 3291 834 3348 661
861 3307 895 3346 ex
924 3288 984 3346 alio
1012 3287 1082 3347 orbe
1109 3291 1266 3377 connectas
1289 3283 1372 3346 aues'

224 3370 316 3477 (Ρ116.
334 3379 395 3434 nat.
411 3376 479 3437 bist
493 3376 568 3435 VIII
584 3370 672 3458 223).
714 3376 770 3437 Sed
790 3357 940 3437 consulem
958 3377 1060 3437 omnia
1078 3379 1198 3437 omnino
1217 3377 1375 3453 conchylia

224 3464 333 3524 mensis
356 3465 491 3524 adhiberi
513 3467 644 3526 uetuisse
667 3468 748 3527 credi
767 3469 880 3544 nequit,
903 3469 975 3544 quia
996 3466 1111 3546 legibus
1129 3467 1326 3543 sumptuariis
1344 3469 1375 3524 et

225 3554 323 3614 1161161
346 3554 523 3614 tenebantur
546 3549 689 3637 (Macrob.
704 3556 750 3615 III
772 3559 821 3631 17,
841 3550 875 3638 6)
900 3561 930 3616 61
947 3557 1082 3616 homines
1101 3556 1139 3615 ad
1158 3576 1240 3616 oram
1260 3556 1373 3614 mariti-

226 3664 305 3704 mam
336 3644 506 3704 habitantes
539 3664 638 3705 arcere
670 3648 738 3724 isto,
762 3645 827 3706 cibo
859 3649 997 3705 Insanum
1034 3649 1107 3706 erat.
1162 3645 1221 3724 Agi
1254 3644 1375 3704 uidetur

225 3734 433 3794 tantummodo
461 3733 497 3793 de
524 3735 613 3795 61616
641 3736 779 3812 pretiosis
809 3735 915 3796 ostreis
939 3739 969 3795 et
992 3735 1028 3793 de
1051 3735 1214 3812 conchyliis
1237 3735 1374 3793 luxuriae

225 3842 314 3885 eausa
342 3824 380 3884 ad
408 3843 511 3902 cenam
538 3826 718 3902 comparatis
746 3828 894 3886 extraneis
922 3828 953 3884 61
974 3818 1182 3884 transmarinis
1205 3823 1295 3884 sicuti
1317 3825 1336 3882 1.
1352 3842 1374 3883 s.

225 3914 261 3974 de
285 3913 390 3973 auibus
413 3913 544 3973 eiusdem
567 3917 696 3993 generis:
721 3914 792 3974 item
811 3917 915 3992 postea
934 3934 1067 3975 censores
1087 3917 1241 3991 unguenta
1259 3915 1375 3973 exotico

226 4007 256 4064 et
283 4006 356 4087 uina
379 4001 492 4063 Graeca
514 4022 685 4081 oppressere
709 3997 1030 4086 (Ρ116.1.6.Χ1Π24
1054 3997 1210 4085 1111196).
1257 4002 1315 4062 Sed
1343 4004 1374 4061 16

226 4111 299 4153 6666
312 4095 313 4100 ’
326 4094 379 4170 qui
407 4092 527 4153 milibus
555 4114 708 4153 nummum
737 4097 836 4154 ostrea
859 4096 960 4170 empta
983 4092 1080 4167 dabit,
1103 4094 1129 4152 is
1153 4096 1184 4152 et
1205 4093 1322 4152 Fannia
1345 4096 1375 4151 61

226 4182 342 4241 Licinia
373 4182 439 4260 lege
470 4186 589 4242 tenetur
620 4183 712 4260 quae
729 4180 766 4241 ne
797 4184 880 4242 festis
911 4180 1030 4258 quidem
1058 4182 1162 4242 diebus
1189 4182 1256 4258 plus
1284 4172 1384 4257 quam¹
1433 4226 1436 4236 .

219 4274 364 4331 ,66616666
388 4276 441 4330 661
463 4272 591 4332 ducenos
614 4291 694 4332 asses
712 4272 844 4349 impendi
861 4275 894 4349 in
912 4292 1016 4332 cenam
1035 4291 1141 4348 passae
1159 4268 1221 4331 6161
1239 4264 1329 4354 (Gall.
1344 4264 1375 4329 II

228 4363 279 4436 24,
296 4362 324 4419 5.
342 4362 359 4418 7
376 4361 503 4421 Macrob.
518 4361 565 4420 III
582 4363 631 4434 11,
647 4355 690 4441 9).
728 4362 772 4420 De
787 4362 882 4420 turbis
896 4363 962 4439 Iege
977 4361 1031 4420 illa
1045 4361 1174 4420 Aemilia
1188 4354 1376 4437 sumptuaria

225 4450 289 4509 1616
317 4469 394 4509 6666
424 4445 571 4521 6391115
597 4450 709 4510 Romae
737 4451 823 4510 tactis
852 4451 971 4510 uidetur
1000 4450 1055 4510 hoc
1078 4448 1156 4510 libro
1179 4453 1279 4510 actum
1303 4444 1375 4510 esse
