3000 5002
202 342 267 407 318
567 342 665 397 ineert.
685 342 743 397 sed.
761 359 788 395 u.
811 346 994 395 1193-1196.

202 512 304 573 adsere
331 508 459 572 nostras'
484 512 617 588 Propert.
636 511 683 570 III
704 514 791 586 11,1
823 505 907 587 ‘quid
934 511 1044 569 muare
1070 527 1169 568 meam
1198 510 1228 569 si
1259 511 1375 569 uersat

201 602 313 660 femina
335 603 432 661 uitam
455 604 486 660 et
508 601 603 661 trahit
625 601 778 661 addictum
802 599 856 660 sub
879 619 934 660 sua
956 600 1024 659 iura
1051 594 1171 659 uirum’.
1220 598 1372 658 Meretri-

203 711 270 751 cum
303 693 431 752 musicas
466 692 545 750 artes
585 690 733 751 extollunt
765 691 854 769 poeta
889 689 925 748 A.
949 688 1013 747 Pal.
1037 688 1065 745 V
1089 689 1162 748 130.
1194 690 1260 748 137
1278 706 1370 766 seqq.

202 781 236 840 A.
252 781 336 840 Plan.
355 780 399 839 IV
419 782 491 840 277.
513 782 576 839 278
595 780 729 857 Alciphr.
748 781 764 839 1
785 781 835 855 18,
855 781 873 837 2
899 775 976 856 ὁμοῦ
998 774 1054 857 γὰρ
1077 784 1112 861 τῇ
1133 774 1196 859 ὥρᾳ
1215 785 1273 855 τῆς
1294 798 1369 837 παι·

202 870 307 948 δίσκης
325 861 440 954 ᾑρέθης
457 866 508 929 καὶ
527 874 588 942 τοῖς
605 868 760 949 κρούμασι.
793 869 838 928 Dc
856 868 1023 929 soloecismi
1041 885 1148 946 genere
1164 867 1237 926 uide
1250 869 1367 927 Incert.

202 980 230 1018 u.
253 961 337 1018 1216
363 962 393 1018 11
416 958 504 1018 indic.
523 979 648 1038 gramm.
668 978 690 1018 1.
709 980 738 1017 u.
752 960 884 1033 plebcircs
905 976 1007 1017 sermo.

294 1040 399 1109 1194.
429 1048 539 1108 Paulus
566 1068 595 1125 p.
616 1050 690 1122 256,
711 1051 749 1107 11
781 1044 994 1124 ‘Querqueram
1024 1045 1167 1125 frigidam
1193 1065 1264 1104 cum
1300 1048 1366 1107 ine-

202 1158 283 1198 more
307 1157 324 1197 a
344 1137 456 1198 Graeco
480 1136 613 1217 κάρκαρα
635 1141 750 1197 certum
772 1141 817 1198 est
839 1137 907 1213 dici,
930 1135 1007 1196 imde
1031 1139 1062 1196 et
1080 1153 1187 1196 carcer.
1220 1133 1366 1197 Lucilius

203 1223 343 1287 “iactene
367 1275 373 1286 .
398 1275 404 1286 .
429 1273 435 1285 .
460 1223 660 1304 querquera''.
710 1230 741 1286 et
772 1226 846 1286 alibi
879 1223 1070 1303 “querquera
1094 1273 1100 1285 .
1125 1270 1131 1283 .
1159 1272 1164 1283 .
1188 1222 1364 1286 dolores’'.’

202 1318 307 1378 Festus
325 1337 354 1394 p.
375 1318 448 1392 257,
468 1318 509 1376 33
534 1313 598 1377 ‘...
619 1310 758 1378 “iactans
780 1336 827 1376 me
855 1318 890 1375 ut
916 1314 964 1374 feb
1151 1310 1190 1374 r’'
1221 1316 1254 1374 et
1282 1315 1364 1375 alibi

203 1403 359 1484 “querque
535 1401 578 1464 ''.’
634 1406 801 1466 Secundum
834 1406 968 1464 ordinem
999 1404 1143 1464 librorum
1174 1406 1201 1463 si
1229 1404 1364 1466 Verrius

202 1515 306 1556 uersus
324 1496 435 1556 Lucilii
453 1496 607 1571 attulerat,
629 1498 776 1572 posterius
797 1496 998 1573 fragmentum
1017 1495 1043 1553 si
1061 1493 1215 1569 aptissime
1234 1493 1319 1554 libro
1334 1495 1364 1552 V

202 1581 289 1667 (conf
304 1586 342 1645 ad
359 1587 463 1645 incert.
482 1605 511 1644 u.
529 1577 630 1667 1277)
647 1585 823 1660 tribuemus,
842 1585 924 1661 prius
944 1603 1002 1660 quo
1021 1583 1058 1642 de
1076 1601 1107 1644 se
1125 1583 1191 1659 ipso
1209 1583 1364 1659 loquatur

202 1678 293 1753 pocta
311 1674 502 1735 tribuendum
519 1675 639 1734 uidetur
657 1675 734 1734 libro
747 1675 808 1735 111:
826 1675 953 1733 iactauit
971 1673 1122 1732 hominem
1140 1677 1235 1732 terror
1248 1675 1364 1750 opinor

202 1768 237 1823 ut
259 1764 350 1824 febris
374 1764 492 1842 frigida.
707 1789 716 1806 ·

294 1845 399 1914 1195.
423 1854 528 1912 Festus
551 1873 579 1929 p.
601 1854 674 1928 360,
694 1855 736 1913 20
755 1857 786 1912 et
803 1852 915 1912 Paulus
934 1872 962 1929 p.
984 1852 1057 1927 361,
1077 1853 1096 1911 5
1116 1846 1224 1910 ‘Tama
1243 1852 1363 1913 dIcitur

203 1962 270 2001 cum
297 1942 399 2002 labore
426 1944 494 2001 uiae
522 1945 644 2020 sanguis
672 1945 704 2002 in
731 1961 818 2002 crura
846 1942 996 2002 descendit
1029 1944 1060 1999 et
1090 1946 1238 2000 tumorem
1270 1942 1360 2003 facit.

204 2031 337 2091 Lucilius
370 2027 506 2109 “inguen
536 2052 574 2090 ne
606 2033 728 2107 existet,
760 2032 901 2110 papulae,
932 2035 1028 2106 tama,
1064 2051 1101 2089 nc
1132 2031 1190 2089 boa
1221 2028 1361 2091 noxit''.’

205 2122 299 2180 Tema
316 2119 393 2193 ἅπαξ
414 2117 582 2199 εἰρημένονε
605 2122 883 2198 interpretationem
902 2124 1005 2181 auctor
1023 2119 1123 2180 Verrii
1141 2121 1252 2194 petisse
1271 2122 1360 2181 uide-

202 2213 253 2269 tur
275 2230 309 2270 ex
332 2230 420 2271 uersu
438 2209 554 2270 Lucilii.
592 2211 725 2270 Eandem
749 2211 856 2271 attulit
877 2210 1000 2270 Verrius
1023 2210 1061 2269 ad
1084 2228 1187 2268 uocem
1212 2211 1270 2269 boc
1292 2213 1360 2270 siue

203 2301 279 2359 boec
301 2304 378 2360 teste
402 2300 495 2360 Paulo
517 2301 618 2377 p.30,
640 2303 679 2360 13
705 2296 795 2359 ‘bona
818 2319 937 2377 serpens
961 2304 1006 2360 est
1029 2299 1171 2375 aquatilis
1191 2319 1360 2378 ...aqua

202 2390 256 2448 Icti
283 2389 504 2466 obturgescunt.
552 2388 676 2449 (irarum
703 2409 823 2466 quoque
850 2394 950 2450 tumor
977 2392 1044 2449 uiae
1075 2388 1177 2447 labore
1209 2389 1359 2450 collectus

202 2479 281 2538 boua
299 2475 480 2555 appellatur’
501 2498 596 2556 neque
615 2480 704 2539 aliter
721 2481 935 2556 interpretatus
953 2482 1019 2538 erat
1036 2480 1156 2551 [terniue
1172 2478 1359 2539 uocabulum

203 2572 279 2628 teste
298 2568 390 2628 Paulo
415 2589 442 2644 p.
463 2570 515 2642 89,
535 2570 554 2627 8
574 2563 705 2628 ‘flemina
724 2569 863 2628 dicuntur
882 2587 948 2627 cum
968 2589 1003 2626 ex
1022 2568 1123 2628 labore
1142 2568 1210 2625 uiae
1230 2573 1358 2646 sanguis

202 2657 306 2716 defluit
329 2657 407 2717 eirca
429 2653 528 2717 talos'.
575 2658 619 2716 De
642 2658 745 2717 labore
768 2660 836 2717 uiae
859 2677 926 2716 cum
948 2656 1150 2717 intellexerint
1172 2658 1358 2733 interpretes

202 2749 319 2806 ueteres
336 2747 415 2805 hunc
436 2767 563 2822 uersum,
581 2747 658 2807 libro
677 2747 724 2806 III
742 2748 850 2807 tribuit
867 2746 1009 2806 Loeweus
1028 2747 1116 2826 gloss.
1136 2765 1213 2805 nom.
1234 2767 1262 2822 p.
1280 2750 1358 2809 230.

203 2835 261 2895 Sed
283 2837 315 2895 in
338 2836 414 2895 libro
432 2836 480 2895 III
502 2854 562 2894 non
585 2836 709 2913 pedibus
733 2836 909 2911 ambulasse,
931 2837 983 2897 sed
1007 2836 1158 2895 cantherio
1183 2855 1271 2894 usum
1290 2857 1358 2898 esse

201 2928 322 3001 poetam
349 2927 486 3001 apertum
513 2927 570 2985 est:
605 2926 683 3002 quod
712 2927 737 2985 si
765 2926 886 2985 flemina
913 2925 951 2984 ad
979 2925 1191 2984 ambulandum
1217 2926 1358 3001 pedibus,

202 3034 261 3073 non
291 3013 330 3073 ad
362 3016 431 3091 equi
462 3016 616 3075 uecturam
647 3016 796 3091 pertinere
825 3018 939 3075 certum
971 3017 1017 3074 est
1046 3009 1159 3095 (Plaut.
1178 3014 1267 3090 Epid.
1288 3017 1357 3078 670

203 3099 286 3162 ‘dum
308 3105 338 3163 te
361 3122 482 3180 sequor,
510 3103 688 3165 lassitudine
709 3107 886 3164 inuaserant
908 3105 1015 3164 misero
1038 3106 1070 3163 in
1093 3123 1191 3181 genua
1215 3101 1355 3165 flemina'

202 3192 278 3251 Plin.
297 3196 358 3251 nat.
377 3193 445 3252 hist.
465 3192 566 3252 XXIII
585 3195 625 3252 28
656 3190 769 3254 ‘eadem
796 3196 828 3252 in
861 3196 994 3254 iumento
1025 3195 1203 3270 homineque
1231 3193 1357 3255 flemina

202 3285 256 3341 aut
286 3283 462 3361 sanguinem
494 3284 547 3358 qui
578 3302 609 3343 se
642 3284 680 3343 ad
711 3283 789 3343 talos
822 3283 962 3343 deiecerit
989 3284 1196 3361 circumligata
1227 3276 1357 3366 sanat’),

201 3375 324 3449 propter
342 3371 566 3431 similitudinem
583 3375 914 3449 interpretamentorum
929 3375 1021 3433 etiam
1035 3377 1116 3433 tcmc
1129 3374 1161 3432 et
1173 3374 1229 3433 boc
1248 3372 1356 3433 eodem

202 3463 350 3538 pertiuere
373 3461 564 3520 manifestum
587 3465 640 3522 est.
677 3463 743 3523 Boa
764 3463 883 3540 papulis
905 3461 1080 3522 rubentibus
1103 3462 1251 3522 cruciasse
1269 3463 1355 3523 uide·

202 3556 254 3609 tur
284 3552 317 3609 in
349 3551 456 3610 itinere
493 3550 694 3612 ambulantes:
726 3552 803 3611 Plin.
822 3555 883 3610 nat.
902 3552 971 3612 hist.
990 3551 1089 3611 XXVI
1109 3553 1173 3610 120
1206 3547 1357 3627 ‘inposita

202 3641 295 3700 etiam
326 3640 415 3699 boam
447 3641 568 3714 sanant,
604 3639 636 3699 id
668 3644 714 3701 est
744 3641 883 3701 rubentes
920 3637 1059 3719 papulas’
1088 3640 1187 3700 XXIV
1207 3642 1247 3700 53
1283 3635 1356 3701 ‘boa

202 3731 374 3809 appellatur
400 3728 519 3788 morbus
542 3731 736 3806 papularum,
764 3750 831 3790 cum
853 3729 962 3790 rubent
984 3725 1120 3807 corpora’
1150 3731 1233 3790 cuius
1259 3731 1354 3790 inter-

201 3822 380 3897 pretationis
407 3817 507 3878 indole
535 3837 569 3878 ac
596 3823 706 3878 natura
736 3820 824 3880 facile
855 3821 1014 3898 intellegas
1042 3819 1140 3879 Plinio
1172 3819 1356 3880 uocabulum

201 3930 260 3970 non
284 3910 344 3969 iam
363 3910 455 3970 fuisse
472 3908 621 3967 familiare
640 3928 695 3968 neo
713 3912 817 3968 notum
835 3909 1054 3969 consuetudine.
1093 3907 1151 3978 Qui
1169 3908 1271 3968 XXIII
1287 3912 1354 3970 163

203 3998 282 4075 quod
309 3999 384 4059 dicit
412 3994 534 4075 ‘inguen
561 4015 598 4056 ne
626 3999 807 4059 intumescat
834 4019 869 4056 ex
897 3999 994 4058 ulcere
1021 4000 1095 4058 11111
1122 4002 1169 4059 est
1199 3999 1356 4060 surculum

201 4091 320 4148 tantum
343 4087 435 4164 myrti
456 4087 564 4146 habere
582 4083 692 4146 secum’
713 4080 857 4167 (XXVIII
876 4089 940 4147 218
961 4084 1097 4166 ‘inguina
1115 4090 1146 4146 et
1165 4107 1200 4147 ex
1217 4088 1355 4149 ulcerum

202 4196 291 4237 causa
321 4169 562 4256 intumescunt’),
594 4176 674 4235 idem
705 4177 817 4237 Fronto
849 4198 877 4254 p.
898 4177 979 4236 6911
1010 4177 1120 4237 Lucilii
1156 4179 1191 4235 ut
1225 4176 1357 4238 adnotat

201 4265 337 4325 Nuberus
364 4285 477 4325 memor
504 4267 624 4342 scripsit
652 4262 755 4325 ‘etiam
782 4268 892 4344 inguen
921 4286 955 4326 ex
982 4266 1080 4325 ulcere
1113 4261 1238 4325 extitit’:
1271 4266 1356 4326 idem

202 4355 314 4414 Fronto
347 4355 427 4414 solus
458 4355 659 4430 posteriorum
691 4356 869 4431 scriptorum
906 4356 1032 4415 formam
1070 4351 1176 4414 ‘noxit’
1215 4353 1357 4415 adhibuit

202 4464 230 4520 p.
251 4443 332 4503 51N
357 4438 404 4503 ‘ne
426 4444 516 4520 piscis
539 4444 641 4519 aliquo
660 4440 770 4505 noxsit’
790 4443 940 4505 Luciliani
957 4463 1061 4505 uersus
1079 4445 1210 4505 eiusdem
1228 4463 1355 4505 memor.
