3036 5004
491 359 607 416 XXVIII
625 363 676 416 aut
693 359 783 417 XXIX
801 381 828 417 u.
848 365 997 418 995-939.
1254 362 1319 430 3οῖ

262 523 346 592 995.
370 529 592 590 Grammaticus
614 531 650 589 de
674 529 774 591 dubiis
792 530 961 591 nominibus
981 529 1033 590 GL
1052 531 1079 589 V
1097 553 1126 610 p.
1146 535 1220 609 584,
1241 533 1321 592 24Κ

173 615 299 679 ‘Nasum
313 620 430 697 generis
444 623 552 696 neutri,
566 624 601 679 ut
613 620 748 680 Lucilius
764 616 893 680 “nasum
907 620 963 680 hoc
978 640 1143 698 corpusque
1156 618 1319 682 scutum”.'

172 709 280 768 scitum
300 709 460 786 Hauptius.
497 710 540 770 At
561 708 685 769 uerbum
704 711 850 769 intactum
868 727 988 771 manere
1006 711 1114 770 melius
1132 714 1198 771 erit.
1230 712 1320 772 Para-

172 800 264 858 situm
287 799 489 877 interrogarat
511 801 678 876 nescioquis
701 800 753 858 ubi
776 804 893 859 scutum
915 800 1080 876 reliquerit.
1117 799 1175 870 Qui
1200 820 1320 878 respon-

172 888 231 964 det,
254 907 360 948 nasum
383 893 414 949 et
437 888 634 948 uentriculum
657 909 743 949 suum
767 889 838 948 dum
861 889 961 967 tangit
983 889 1093 967 digito:
1125 885 1243 950 ‘nasum
1265 890 1321 950 hoc

172 996 338 1054 corpusque
361 973 500 1037 scutum’.
541 978 672 1037 Martial.
691 978 722 1037 II
743 981 793 1055 11,
813 981 832 1037 4
857 973 948 1055 ‘quod
971 997 1065 1056 paene
1092 982 1204 1039 terram
1232 998 1321 1040 nasus

172 1067 311 1127 indecens
333 1063 454 1145 tangit'.

262 1149 345 1219 996.
365 1156 536 1216 Priscianus
555 1156 606 1216 GL
625 1157 656 1215 11
674 1178 703 1234 p.
723 1159 797 1230 381,
817 1157 872 1215 41(
892 1151 1036 1217 ‘Lucilius
1057 1152 1154 1235 “quin
1172 1159 1320 1234 amplexe-

173 1250 223 1304 tur
245 1247 297 1322 qni
320 1246 395 1305 uelit
418 1266 473 1323 ego
496 1265 556 1305 non
583 1249 679 1306 sinam
707 1266 754 1305 me
783 1242 991 1324 amplectier''.
1028 1247 1213 1325 amplexetur
1240 1269 1321 1327 περι-

172 1330 345 1395 πλεκέσθω’.
383 1335 465 1395 Codd
483 1336 536 1394 LK
555 1335 671 1395 Hertzii
688 1337 861 1412 posteriore,
884 1335 965 1396 GLK
982 1335 1081 1414 priore
1099 1337 1164 1396 loco
1188 1338 1321 1397 futurum

173 1426 367 1498 arnplecletur,
385 1425 541 1485 confirmat
559 1427 738 1499 amplexetur
756 1425 978 1485 coniunctiuum
996 1426 1192 1502 metaphrasis
1208 1424 1322 1486 Graece

173 1514 321 1573 Prisciani
343 1533 420 1591 quae
443 1513 532 1574 simul
556 1516 689 1574 ostendit
711 1514 891 1575 senteutiam
914 1533 977 1574 esse
1002 1516 1165 1591 perfectam
1193 1518 1224 1575 et
1250 1520 1321 1590 quin

174 1603 313 1662 similiter
340 1603 508 1663 adhibitum
536 1607 626 1680 atque
654 1603 705 1664 lib.
723 1604 795 1663 XIV
813 1624 841 1663 u.
862 1606 934 1664 359.
984 1605 1168 1680 Amplectier
1200 1609 1322 1682 propter

174 1694 300 1753 lormam
323 1694 355 1751 in
379 1695 460 1753 exitu
483 1711 587 1752 uersus
610 1693 669 1753 erit
690 1693 909 1754 collocandum:
932 1693 1024 1753 uerba
1046 1696 1148 1753 omnia
1171 1712 1237 1753 cnm
1261 1695 1322 1755 sint

174 1801 256 1857 sana,
278 1785 411 1842 senarios
434 1783 648 1844 constituemus
670 1784 773 1860 potina
796 1802 887 1859 quam
910 1783 1110 1860 septenarium
1134 1782 1272 1843 claudum
1291 1788 1322 1844 et

173 1871 322 1931 elumbem
345 1872 464 1948 qualem
491 1872 647 1932 constituit
668 1873 830 1933 Muellerus
858 1867 942 1949 ‘quin
969 1872 1155 1950 amplexetur
1182 1874 1234 1950 qui
1261 1874 1324 1933 uolt

174 1979 229 2038 ego
252 1982 311 2021 uon
334 1965 430 2021 sinam
457 1981 505 2021 me
532 1957 726 2038 amplectier':
753 1981 936 2040 quamquam
963 1962 1135 2022 lacunosum
1165 1981 1229 2023 esse
1256 1982 1322 2023 sen·

173 2051 298 2111 tentiam
331 2052 389 2111 erit
419 2051 646 2112 concedendum.
696 2053 862 2126 amplectier
894 2070 954 2111 non
986 2054 1107 2128 passiuo
1138 2052 1190 2112 sed
1222 2054 1323 2113 actuo

173 2158 262 2200 sensu
285 2140 397 2199 dictum
420 2144 480 2201 est:
504 2141 613 2201 excidit
635 2142 730 2201 ueluti
753 2136 795 2201 ‘te
817 2140 865 2200 hic
887 2142 920 2200 in
942 2136 1014 2200 uia'.

263 2222 347 2290 998.
371 2228 467 2290 Varro
490 2230 526 2289 de
548 2230 653 2309 lingua
675 2230 786 2290 Latina
809 2230 885 2289 libro
904 2230 964 2288 VII
982 2233 1024 2288 47
1050 2226 1151 2306 ‘Apud
1174 2229 1321 2290 Lucilium

175 2314 315 2393 “quidem
345 2319 452 2379 thiano
486 2322 574 2396 capto
606 2321 716 2378 corium
748 2320 910 2378 excludunt
941 2313 1046 2378 loras''
1083 2322 1113 2378 et
1150 2314 1323 2394 “occidnnt,

174 2408 271 2485 Lupe,
299 2409 442 2485 saperdae
465 2412 495 2467 te
518 2411 549 2467 et
570 2411 637 2468 iura
660 2404 771 2468 siluri''
794 2411 825 2468 et
853 2403 992 2467 “sumere
1020 2412 1050 2467 te
1078 2411 1168 2484 atque
1197 2404 1321 2467 amian''

175 2499 300 2574 piscium
324 2499 445 2557 nomina
467 2500 539 2557 sunt
561 2517 722 2574 eorumque
744 2500 776 2557 in
795 2496 921 2558 Graecia
939 2492 1044 2575 origo'.
1082 2498 1229 2574 Excerpta
1247 2497 1322 2556 Var-

174 2589 256 2647 ronis
284 2587 320 2645 de
347 2587 479 2663 piscibus
507 2588 587 2664 apud
614 2587 763 2647 Lucilium
791 2587 872 2647 facta
900 2605 963 2646 esse
990 2586 1129 2645 uidentur
1161 2586 1323 2647 secundum

175 2677 310 2736 ordinem
328 2675 472 2736 librorum
491 2676 731 2755 chronologicum
751 2669 834 2757 (uide
852 2676 984 2754 prolegg.
1004 2696 1032 2751 p.
1051 2669 1151 2757 LIII):
1174 2677 1322 2753 fragmen-

175 2769 240 2824 tum
258 2765 387 2842 primum
406 2766 536 2841 pertinet
555 2766 593 2825 ad
612 2766 703 2826 libros
717 2765 968 2839 XXVI-XXIX,
986 2766 1114 2824 alterum
1133 2764 1170 2824 ad
1185 2765 1323 2824 librumI

177 2847 219 2933 (u.
240 2846 310 2935 54),
337 2855 461 2913 tertium
489 2874 627 2915 numeros
655 2855 775 2915 exhibet
803 2855 979 2931 dactylicos,
1012 2873 1079 2913 cum
1106 2857 1147 2915 sit
1174 2856 1322 2913 sententia

176 2945 358 3019 imperfecta.
410 2943 444 3002 ln
472 2964 500 3003 u.
528 2946 625 3020 primo
653 2949 732 3005 recte
760 2942 795 3003 O.
809 2944 969 3004 Muellerus
997 2945 1125 3003 cottum:
1153 2944 1250 3004 simile
1278 2947 1324 3003 est

176 3033 326 3110 Aristippi
353 3034 552 3111 apopthegma
576 3035 662 3112 Diog.
684 3033 783 3093 baert.
801 3034 832 3092 II
852 3035 893 3093 67
923 3032 1086 3094 Διονυσίου
1114 3029 1146 3092 el
1173 3033 1322 3113 προσπτύ-

177 3138 282 3194 σαντος
309 3121 399 3207 αὐτῷ,
426 3119 569 3202 ἠνέσχετο·
593 3120 788 3201 μεμψαμένου
815 3121 848 3183 δέ
874 3144 967 3202 τινος,
996 3114 1059 3182 εἶτα
1085 3122 1118 3183 οἱ
1141 3119 1196 3201 μὲν
1222 3118 1323 3198 ἁλιεῖς,

176 3204 273 3289 εἶπεν,
300 3209 482 3290 ὑπομένουσι
504 3212 661 3292 ῥαίνεσθαι
683 3221 718 3297 τῇ
745 3212 893 3297 θαλάττῃ,
920 3211 971 3271 ἴνα
997 3211 1109 3291 κωβιὸν
1135 3211 1322 3290 θηράσωσιν·

176 3298 232 3381 ἐγὼ
257 3297 288 3361 δὲ
312 3301 352 3380 μὴ
377 3298 549 3380 ἀνάσχωμαι
571 3302 697 3381 κράματι
718 3302 884 3382 ῥανθῆναι,
912 3301 962 3362 ἴνα
985 3297 1109 3380 βλέννον
1132 3301 1212 3380 λάβοι
1240 3294 1327 3384 (conf

177 3391 235 3449 fab.
255 3391 362 3467 Aesop.
384 3391 486 3450 11611
522 3392 624 3452 quen.
643 3392 686 3451 XI
706 3385 772 3473 37).
796 3425 840 3433 —
863 3392 978 3465 quidem
1000 3394 1104 3449 natum
1128 3410 1164 3450 ex
1187 3410 1323 3467 compen·

177 3480 226 3539 dio
249 3499 406 3558 perperam
429 3481 536 3556 soluto,
558 3502 662 3541 uerum
685 3483 819 3541 restituit
841 3480 949 3541 codicis
970 3480 989 3539 b
1013 3479 1165 3558 Spengelii
1183 3481 1324 3540 librarius

179 3572 231 3645 qui
254 3570 372 3630 exhibet
394 3571 478 3644 quod.

267 3652 350 3721 999.
374 3659 489 3719 Nonius
508 3679 543 3718 ex
561 3660 757 3737 grammatico
780 3680 808 3737 p.
829 3660 903 3735 205,
923 3661 963 3718 29
985 3654 1120 3718 ‘Fretum
1140 3706 1145 3717 .
1162 3706 1168 3717 .
1185 3706 1190 3717 .
1209 3678 1323 3718 mascu-

176 3748 232 3807 lini
252 3794 302 3807 ...
320 3748 454 3808 Lucilius
473 3744 605 3810 “aerono
622 3751 746 3809 coecoeli
764 3741 823 3830 (ita
843 3747 1008 3808 Leidensis:
1031 3749 1131 3809 caecili
1149 3746 1324 3824 Guelferby-

177 3843 280 3898 tanus:
303 3839 375 3897 cccli
398 3837 490 3898 editio
512 3831 607 3918 Iunii)
629 3841 746 3898 nomine
769 3840 800 3897 et
821 3839 895 3899 solis
917 3832 1057 3898 fretus”.'
1105 3833 1227 3896 ‘Serena
1249 3836 1324 3896 caeli

177 3928 302 3986 numina
320 3930 351 3987 et
369 3927 441 3986 salsi
459 3924 564 3988 fretus’
584 3927 699 3987 Tollius
718 3925 757 3986 ad
774 3928 886 3988 Auson.
900 3926 984 3986 Vera.
1002 3926 1136 3987 Paschel.
1155 3927 1195 3985 26
1215 3947 1243 4003 p.
1260 3928 1323 3986 295

177 4016 248 4076 edit
267 4017 392 4076 Amstel.
414 4017 513 4075 1671:
536 4018 590 4093 qui
612 4019 644 4077 in
667 4015 809 4076 addendis
833 4037 860 4094 p.
882 4017 944 4076 796
968 4035 1028 4075 non
1050 4018 1129 4076 recta
1150 4018 1242 4092 negat
1258 4035 1324 4076 uer·

178 4125 244 4166 sum
262 4124 326 4166 esse
344 4105 463 4181 Lucilii,
481 4106 560 4182 quod
579 4106 711 4166 traditur
729 4106 809 4182 apud
825 4106 992 4166 charisium
1012 4097 1107 4187 (GLI
1126 4126 1154 4182 p.
1171 4108 1243 4180 129,
1254 4099 1324 4187 6Κ)

179 4192 297 4270 ‘fretus
333 4194 421 4256 huius
457 4195 551 4255 fretus
582 4196 705 4256 Porcius
737 4194 858 4255 Licinus
891 4187 1031 4275 (lucianir
1058 4195 1093 4253 N
1107 4194 1324 4254 οι.11ἰοίαιιὶ;

177 4305 215 4345 m.
233 4280 284 4368 2),
312 4287 346 4344 ut
371 4284 488 4344 Plinius
516 4285 620 4345 eodem
650 4286 793 4344 sermonis
820 4284 905 4343 dubii
931 4282 1008 4342 libro
1027 4283 1071 4342 VI
1098 4284 1201 4358 refert,
1229 4279 1325 4344 “salsi

177 4371 317 4436 fretus''.’
356 4370 441 4435 ‘aelst
457 4371 561 4449 fretus'
581 4376 674 4434 etiam
691 4375 724 4432 Il.
739 4375 842 4433 Dousa
859 4372 1019 4450 scripserat
1036 4375 1069 4433 in
1090 4373 1160 4431 edit.
1192 4372 1325 4451 Vterque

179 4469 267 4543 poeta
295 4465 431 4526 imitatus
459 4484 522 4525 esse
545 4463 665 4524 uidetur
692 4464 821 4522 Ennium
849 4465 903 4540 qui
929 4463 1049 4538 saepius
1081 4479 1208 4537 aequora
1235 4463 1325 4533 soba,

1059 4561 1135 4616 20²⁸·
