3060 5010
237 370 298 435 106
675 369 725 422 Vll
744 386 770 421 u.
792 371 941 423 ars-nac.

233 543 325 600 etiam
344 539 474 599 Tenedia
498 542 576 600 testo
598 559 652 618 pro
676 539 796 598 cultello
820 557 888 599 usos
911 557 972 598 essa
998 543 1110 598 ueteres
1129 538 1273 615 Aloiphro
1296 537 1384 599 docet

234 621 371 711 (11169)
407 628 454 689 his
491 629 590 690 uerbis
626 625 682 709 lyd
719 623 752 689 δὲ
784 625 838 707 τήν
871 626 1006 708 φλύαρον
1041 631 1172 708 γλῶτταν
1207 624 1383 705 ἀποτέμνειν

234 715 367 804 όστράκῳ
388 717 513 803 Τενεδίῳ
535 721 597 792 τοῖς
620 715 813 796 βουλομένοις
836 714 951 795 ἕτοιμός
973 716 1032 795 εἰμι
1050 713 1186 796 παρέχειν
1205 709 1271 796 (ubi
1290 734 1382 777 στενε-

233 807 288 869 δία
312 799 409 888 codd).
456 807 576 867 Etenim
599 808 687 868 sicuti
715 807 892 867 tenuissima
919 809 949 865 et
977 807 1172 885 fragilissima
1197 808 1280 866 fuere
1309 825 1383 867 uasa

268 870 276 892 Ι

234 898 336 958 Samia
360 890 471 978 (Plaut.
490 897 597 958 Bacch.
618 899 681 957 202
707 893 775 956 ‘scis
799 899 832 956 tu
856 899 890 955 ut
912 897 1061 975 confringi
1083 914 1137 956 uas
1164 897 1224 956 cito
1248 895 1382 956 Samium

235 983 321 1046 solet'
349 987 499 1047 Menaeoh.
522 988 584 1046 178
610 982 741 1046 ‘Placide
772 987 866 1062 pulta.
888 1018 929 1027 -
948 984 1070 1061 Metuis,
1103 984 1203 1061 credo,
1235 1005 1272 1045 ne
1303 986 1382 1046 fores

235 1076 354 1136 Samiae
373 1069 487 1157 sient’)‚
506 1078 579 1136 item
597 1074 633 1135 de
652 1075 790 1135 Tenediis
806 1075 864 1135 Dio
879 1075 962 1134 Prus.
981 1075 1059 1151 Hp.
1080 1076 1131 1150 69,
1151 1077 1191 1134 31
1212 1074 1248 1134 ed
1267 1074 1380 1134 Arnim.

233 1163 337 1244 σχεδὸν
360 1155 417 1225 οὖν
439 1163 645 1245 παραπλήσιον
668 1162 856 1225 πεπόνθασιν
879 1163 911 1224 οί
934 1161 999 1241 ίμολ
1026 1162 1107 1244 λόγοι
1135 1168 1175 1246 τῷ
1203 1162 1318 1248 κεράμῳ
1346 1168 1386 1245 τῷ

234 1254 373 1339 Τενεδίῳ·
397 1252 448 1314 καλ
468 1252 524 1335 γάρ
544 1251 659 1314 ἐκεῖθεν
677 1263 735 1326 πᾶς
753 1250 807 1332 μὲν
826 1249 842 1313 ὁ
860 1250 1037 1333 παραπλέων
1055 1249 1225 1331 ἐμβάλλεται
1243 1249 1382 1333 κέραμον,

233 1341 332 1417 οὐδεὶς
355 1339 387 1403 δὲ
411 1341 480 1423 ὑγιῆ
504 1343 665 1421 διακομίζει
687 1343 807 1426 ῥᾳδίας,
830 1340 903 1402 ἀλλὰ
926 1342 957 1402 οἷ
976 1340 1079 1402 πολλοὶ
1103 1342 1219 1422 σαθρὸν
1237 1341 1381 1419 ποιήσαν-

232 1455 277 1507 τες
300 1429 320 1512 ἢ
343 1432 558 1512 συντρίψαντες
586 1429 714 1513 ὄστρακα
741 1431 854 1511 ἔχοντες
880 1430 1086 1492 λανθάνουσιν
1114 1429 1230 1505 αδτοός.
1276 1432 1380 1508 Neque

233 1522 312 1598 quod
334 1522 450 1582 Nonius
474 1524 602 1582 sauciare
625 1523 703 1582 idem
726 1540 789 1582 esse
813 1522 893 1599 quod
915 1540 1019 1581 acuere
1042 1521 1136 1580 tradit
1160 1522 1320 1598 quicquam
1343 1521 1380 1580 ad

232 1612 311 1671 hunc
333 1612 431 1671 locum
454 1613 593 1689 pertinet,
617 1631 799 1688 quamquam
822 1614 902 1672 recte
925 1611 1065 1672 tradidit:
1094 1611 1165 1671 oeni
1189 1629 1265 1686 quaa
1292 1610 1380 1671 Blue·

232 1719 351 1761 mnerus
365 1699 522 1760 adnoteuit
536 1701 574 1760 ad
588 1701 717 1762 edictum
736 1701 918 1761 Diocletiani
931 1701 990 1760 VH
1006 1702 1061 1761 33:
1083 1703 1136 1778 qui
1154 1699 1260 1760 doceat
1279 1699 1381 1763 Samia

234 1791 368 1849 terrain
392 1790 470 1850 ferro
495 1791 627 1851 acuendo
651 1791 696 1850 uti
719 1792 823 1851 solitos
846 1808 909 1851 esse
932 1790 1040 1851 fabros.
1059 1822 1097 1831 —
1113 1788 1289 1867 Asyndeton
1311 1789 1381 1849 uide

233 1878 380 1955 quomodo
403 1883 493 1957 poeta
515 1883 546 1940 et
567 1882 599 1939 in
622 1882 737 1957 protasi
760 1882 844 1939 etin
868 1880 991 1957 spodosi
1014 1882 1084 1957 apte
1108 1877 1291 1953 adhibuerit,
1321 1898 1381 1956 quo

233 1971 329 2047 magis
348 1970 481 2030 narratio
500 1969 629 2030 hominis
648 1971 719 2029 irati
738 1973 768 2029 et
786 1970 914 2031 dolentis
932 1970 1154 2029 festinationem
1168 1968 1322 2029 indicaret.
1340 2000 1378 2010 -

235 2077 296 2117 ακιι
309 2075 403 2128 nocco,
418 2063 454 2118 ut
468 2057 541 2119 Cato
555 2080 584 2136 p.
600 2060 651 2136 85,
667 2059 774 2120 Slord.
799 2055 999 2121 ‘caduceatori
1013 2078 1098 2119 nemo
1113 2059 1200 2118 homo
1215 2053 1322 2119 nocet'.
1338 2091 1380 2100 —

227 2149 389 2221 praecidit:
411 2148 541 2208 Martial.
561 2149 653 2208 1145
679 2146 766 2227 ‘quae
789 2149 845 2210 tibi
868 2167 928 2208 non
951 2148 1060 2223 stabat,
1083 2149 1217 2225 praecisa
1237 2150 1283 2208 est
1299 2167 1381 2208 men·

232 2237 307 2311 tulo,
329 2234 448 2313 Glypte.
491 2237 630 2312 Demens,
653 2258 719 2300 oum
742 2240 820 2299 terro
844 2238 916 2316 quid
939 2237 1016 2298 tibi?
1053 2237 1157 2298 Gallus
1180 2233 1266 2298 eras’.

323 2318 405 2388 282.
429 2327 544 2387 Nonius
568 2348 596 2405 p.
617 2329 669 2402 21,
689 2329 730 2388 30
755 2324 891 2388 ‘Virosae
915 2330 1053 2388 mulieres
1080 2327 1221 2388 dicuntur
1247 2327 1380 2387 uirorum

232 2415 406 2493 adpetentes
429 2417 478 2475 uel
501 2413 694 2477 luxuriosae.'
724 2416 856 2477 Lucilius
879 2421 1048 2495 satyrarum
1072 2418 1122 2477 lib.
1143 2417 1201 2476 VH
1226 2412 1311 2477 “dixi
1329 2463 1335 2474 .
1351 2462 1379 2474 ..

232 2506 333 2564 cedam
354 2505 475 2581 potius.
493 2553 498 2563 .
515 2502 629 2565 .me’'.'
676 2507 873 2566 Enuntiatum
901 2507 1016 2567 forense
1044 2507 1106 2567 dixi
1133 2506 1231 2584 lepide
1261 2509 1380 2566 saturae

231 2595 358 2654 inseruit
380 2599 471 2671 poeta
493 2616 552 2672 quo
576 2600 708 2657 oratores
730 2597 784 2656 illo
807 2600 942 2673 tempore
965 2597 1108 2656 orationis
1132 2615 1202 2657 suae
1225 2596 1313 2655 finem
1335 2596 1380 2654 in-

233 2682 374 2744 dicabant
396 2685 484 2744 sicuti
506 2704 588 2746 more
612 2688 745 2747 ueterum
768 2687 859 2746 semel
882 2685 921 2744 M.
936 2686 1052 2745 Tullius
1080 2688 1111 2744 in
1140 2687 1256 2746 actione
1281 2685 1380 2761 priore

231 2775 263 2832 in
287 2773 409 2834 Verrem
442 2766 529 2855 (conf
546 2776 635 2836 schol.
655 2795 683 2852 p.
705 2778 767 2834 152
779 2768 843 2855 Or.)
876 2774 1022 2851 Apuleius
1053 2777 1085 2834 in
1122 2775 1275 2853 apologia:
1312 2775 1384 2834 conf

233 2861 307 2922 GLE
324 2865 376 2937 52,
391 2864 410 2922 8
426 2863 598 2924 Buechelari
618 2860 704 2923 ‘dixit
723 2860 810 2924 abei’.
844 2864 989 2925 Similiter
1004 2864 1109 2925 Graeci
1127 2868 1260 2924 oratores
1278 2861 1380 2940 εἴρηκα

232 2945 370 3031 (Aristot
385 2953 458 3012 rhet.
474 2954 520 3012 III
535 2974 597 3030 oap.
615 2955 654 3013 19
666 2945 753 3035 extr.)
777 2954 855 3014 unde
878 2957 983 3031 poetae
1002 2951 1109 3014 Graeci
1132 2953 1226 3013 ueluti
1245 2951 1379 3029 Euripid.

232 3038 327 3100 Orest.
344 3042 407 3100 678
424 3041 560 3119 Sophocl.
576 3043 683 3102 Electr.
701 3045 756 3103 73:
775 3045 846 3104 coni
856 3044 984 3121 interpp.
995 3043 1090 3104 adAi.
1102 3045 1167 3104 480
1177 3042 1302 3103 Philoot.
1314 3043 1377 3101 389

231 3127 317 3208 λόγος
339 3127 467 3190 λε’λεκται
489 3141 555 3203 πᾶς.
593 3132 728 3208 Euripid.
749 3131 843 3193 Orest.
865 3135 959 3194 1203.
978 3165 1015 3174 -—
1032 3133 1166 3193 uetulum
1190 3135 1279 3208 atque
1301 3133 1378 3190 uiro·

232 3213 310 3297 sam]
338 3219 477 3279 similiter
504 3220 604 3297 Scipio
633 3221 745 3281 amicus
768 3240 815 3299 ap.
836 3221 910 3283 Gall.
930 3222 973 3281 VI
995 3224 1083 3297 12,5
1114 3219 1177 3299 ‘qui
1204 3241 1263 3281 non
1291 3220 1379 3281 modo

232 3307 368 3381 uincens,
395 3307 446 3367 sad
469 3312 585 3371 uirosus
609 3329 726 3388 quoque
749 3308 811 3384 sit',
838 3310 870 3370 id
893 3315 938 3372 est
961 3315 995 3371 ut
1018 3311 1128 3372 Caluus
1156 3312 1316 3389 scripserat
1342 3309 1380 3368 de

231 3396 371 3474 Pompeio
401 3391 490 3478 (FPR
508 3419 536 3475 p.
557 3402 620 3459 322
636 3394 810 3482 Baehrens.)
840 3396 924 3477 ‘quid
951 3401 1054 3462 credas
1083 3403 1161 3461 hunc
1193 3400 1250 3461 sibi
1281 3399 1381 3459 uelle?

231 3481 350 3544 uirum’.
402 3487 508 3563 Itaque
540 3489 657 3549 uirosus
693 3493 728 3549 ut
764 3491 949 3551 mulierosus.
976 3522 1022 3533 -
1048 3491 1170 3551 caedam
1202 3492 1237 3549 ut
1268 3487 1377 3550 Catull.

322 3657 404 3727 284.
431 3665 546 3727 Nonius
574 3688 602 3745 p.
625 3669 701 3737 169,
725 3670 765 3728 31
792 3688 827 3728 er
850 3671 1044 3747 grammatico
1079 3666 1199 3743 ‘Simat,
1229 3667 1378 3745 deprimit.

230 3754 363 3815 Lucilius
390 3755 441 3815 lib.
456 3755 515 3816 VH
539 3753 577 3817 ‘si
603 3761 705 3817 mouet
730 3759 851 3819 οοίικοιλ
870 3805 876 3817 .
893 3806 920 3817 ..
945 3754 1061 3818 olim'’.'
1112 3757 1243 3818 Verbum
1270 3759 1380 3818 είαιονο

230 3847 262 3904 in
295 3845 420 3922 Sulpicii
452 3846 570 3906 Seruati
602 3848 733 3908 carmine
770 3840 957 3929 (Baehrensii
989 3847 1080 3906 PLM
1102 3848 1145 3907 IV
1168 3869 1196 3925 p.
1219 3849 1296 3922 109,
1321 3839 1378 3927 37)

231 3936 343 3995 extare:
363 3930 577 4013 ‘simanturque
596 3937 695 3997 iacent
713 3937 812 4014 pando
831 3937 997 3997 sinuamine
1016 3932 1113 3997 nares’
1132 3939 1249 3997 monuit
1263 3936 1378 3997 Dousa:

231 4043 320 4099 quem
356 4044 475 4084 uersum
512 4029 684 4103 corruptum
721 4027 774 4087 alii
815 4029 875 4087 alia
915 4027 1030 4087 ratione
1067 4044 1173 4086 sanare
1209 4025 1377 4086 studebant.

230 4112 332 4172 Finxit
363 4115 419 4173 hoc
451 4115 627 4175 uocabulum
659 4117 792 4176 Lucilius
825 4115 863 4176 ad
897 4115 1124 4178 similitudinem
1156 4114 1261 4176 Graeci
1293 4114 1378 4174 uerbi

230 4210 338 4279 οιμοῦν
361 4223 419 4278 quo
443 4222 513 4265 usus
537 4209 581 4266 est
599 4206 722 4266 Aristot.
742 4205 778 4265 de
796 4208 873 4284 part
893 4208 982 4266 anim.
1000 4205 1043 4264 IV
1062 4224 1127 4283 cap.
1144 4207 1183 4265 12
1204 4225 1232 4281 p.
1253 4206 1342 4265 casn
1358 4207 1376 4263 7

230 4288 265 4349 τά
306 4285 338 4350 δὲ
379 4292 579 4372 στεγανόποδα
619 4292 669 4355 καλ
705 4292 904 4380 διῃρημένους
940 4290 994 4373 μὲν
1028 4292 1131 4373 ἔχοντα
1167 4292 1236 4366 τοὺς
1272 4292 1378 4370 πόδας,

231 4376 448 4456 σεσιμαμένους
475 4379 527 4443 δὲ.
544 4429 571 4442 ..
591 4381 643 4444 τὸν
670 4380 724 4461 μὲν
750 4381 858 4463 αόχίνα
885 4383 1000 4463 μακρὸν
1021 4381 1139 4461 ἔχουσιν
1161 4387 1220 4443 κτλ
1265 4383 1378 4463 Agitur

232 4468 268 4528 de
290 4469 409 4528 homine
437 4490 536 4532 amore
558 4473 689 4548 perdito,
717 4473 767 4548 qui
796 4470 956 4550 ἀσθμαίνει
982 4476 1013 4532 in
1036 4492 1067 4531 re
1090 4492 1217 4534 ueneres
1241 4466 1376 4555 (Lucian.
