3060 5010
220 373 283 437 182
658 370 710 424 xv
728 389 754 424 u.
774 375 924 424 sss-aso.

218 543 282 601 siue
313 542 382 601 odio
415 543 529 615 omnia,
566 540 640 600 nihil
677 541 740 600 sine
774 535 887 600 dolore’
918 541 990 599 conf
1010 539 1084 599 XIII
1104 541 1160 613 21,
1180 542 1237 614 49;
1259 540 1275 598 Ι
1295 541 1367 613 2,6

216 628 305 690 ‘nihil
334 651 388 709 per
415 625 562 691 senatum'
591 622 701 711 (Tacit.
720 629 791 707 Agr.
814 622 882 710 19)3
909 629 1066 705 inscriptio
1095 628 1238 689 Africana
1265 629 1367 687 Jahrb.

218 721 244 780 d.
265 720 343 780 arch.
362 720 435 780 Inst.
455 718 601 797 Anzeiger
618 718 705 778 XVII
732 721 814 780 1902
844 738 873 794 p.
888 720 930 778 53
957 719 1028 777 Rev.
1047 712 1173 778 archiol.
1195 718 1261 777 XLI
1282 721 1366 778 1902

218 831 245 887 p.
262 813 327 871 400
351 805 437 869 ‘llros
461 811 562 868 omnia
584 829 638 885 per
660 804 716 869 te’:
739 809 809 868 uide
832 808 870 868 ad
892 808 944 866 lib.
959 808 1072 867 XXVII
1095 829 1123 867 ιι.
1140 811 1213 867 720.
1255 808 1369 867 Similis

218 900 312 978 igitur
334 898 484 962 Ciceronis
511 901 557 958 est
584 899 732 958 sententia
759 897 795 957 de
818 897 866 958 off.
885 898 900 956 Ι
921 900 985 957 150
1009 893 1075 957 ‘nec
1102 897 1181 958 enim
1210 900 1368 974 quicquam

218 990 379 1067 ingenuum
400 988 507 1048 babere
526 990 626 1066 potest
648 983 788 1047 officina’.
833 986 944 1046 Seneca
963 1006 1009 1063 ap.
1025 986 1161 1047 Isactant.
1180 988 1274 1047 Instit.
1294 988 1325 1046 Π
1341 991 1370 1061 2,

221 1079 261 1138 14
284 1098 313 1154 p.
331 1081 391 1138 101
413 1077 536 1139 Braudt.
579 1071 750 1136 ‘mmulacra
768 1076 889 1138 deorum
908 1079 1097 1151 uenerantur,
1119 1076 1180 1136 illis
1199 1076 1370 1154 supplicant

218 1187 294 1246 genu
318 1169 432 1245 posito,
460 1167 514 1226 illa
537 1166 678 1240 adorant,
706 1166 767 1226 illis
790 1185 843 1242 per
866 1169 963 1225 totum
986 1165 1124 1228 adsident
1146 1166 1224 1227 diem
1248 1171 1301 1227 aut
1319 1166 1370 1225 ad·

218 1260 315 1332 stant,
342 1256 403 1316 illis
431 1257 539 1334 stipem
562 1257 690 1330 iaciunt,
713 1255 852 1315 uictimas
874 1256 1015 1315 caedunt:
1046 1260 1076 1317 et
1099 1274 1165 1316 cum
1188 1257 1262 1317 haec
1284 1259 1370 1317 tanto

218 1367 307 1424 opere
330 1348 504 1424 suspiciant,
526 1345 636 1419 fabros,
659 1345 711 1422 qui
733 1345 788 1404 illa
810 1346 914 1420 secere,
937 1343 1151 1406 contemnunt'.

308 1427 392 1497 490.
416 1435 577 1512 Nouiusp.
594 1437 668 1510 344,
688 1437 729 1494 28
754 1430 868 1509 ‘lieret
847 1435 1008 1495 tmi.litat
1050 1435 1182 1496 Lucilius
1201 1439 1370 1538 satyranmr

219 1526 269 1585 lib
290 1520 377 1584 XV‘
381 1521 463 1584 ‘dum
487 1526 572 1584 miles
595 1524 708 1584 Hibera
731 1527 825 1584 terrae
848 1542 884 1585 ac
906 1530 993 1584 merel
1017 1530 1094 1585 tersa
1117 1543 1152 1586 aa
1174 1530 1267 1585 astate
1285 1528 1371 1601 quasi

219 1610 347 1675 anuos’t
351 1609 524 1674 'Falsum
547 1632 609 1674 esse
632 1613 712 1691 quod
730 1613 891 1674 Muellerus
915 1614 1018 1692 posuit
1040 1615 1128 1675 onnia
1151 1614 1371 1674 demonstratur

219 1704 311 1764 titulo
340 1702 544 1764 clavaca
575 1703 750 1763 Buecheleri
777 1702 874 1763 Garun.
898 1702 964 1763 Lat.
988 1705 1081 1783 epigr
1106 1705 1169 1764 372
1195 1697 1274 1785 (Ip
1293 1697 1370 1786 174)

220 1789 330 1853 Natus
362 1812 427 1853 sum
451 1810 566 1853 summa
592 1794 624 1851 in
651 1792 807 1869 pauperie,
834 1793 929 1853 merui
956 1797 1025 1870 post
1052 1794 1192 1855 classicus
1219 1794 1305 1854 miles
1332 1794 1371 1854 ad

219 1883 299 1943 latus
322 1883 452 1962 Augusti
476 1900 569 1943 annos
587 1885 759 1959 septemque
781 1882 941 1959 decemque
964 1882 1049 1942 nullo
1068 1883 1146 1959 odio,
1169 1885 1232 1944 sine
1250 1883 1371 1957 offensa,

220 1972 326 2033 rubeus
359 1992 475 2049 qnoque
507 1967 650 2032 honeste’.
698 1972 791 2048 Quasi
822 1968 924 2034 ecdem
957 1973 1044 2033 modo
1076 1972 1206 2051 positum
1239 1975 1285 2033 est
1312 1993 1370 2050 quc

220 2058 290 2122 ὡσεί
301 2061 381 2139 apud
396 2060 536 2129 Graecos:
550 2061 682 2138 pertinet
696 2061 734 2121 ad
748 2082 903 2122 nnmerum
917 2062 1032 2122 XVIII:
1050 2062 1148 2123 Plaut.
1163 2062 1290 2123 Mostell.
1306 2064 1369 2123 622

221 2147 302 2211 ‘huic
329 2149 418 2211 debet
440 2150 626 2212 Philolaches
653 2150 790 2212 Paulum.
823 2155 850 2218 tt
881 2150 1089 2221 Quantsslum?
1119 2156 1149 2220 tt
1184 2151 1276 2222 Quasi
1300 2173 1370 2229 qua-

221 2240 361 2319 draginta
383 2241 479 2301 minas
503 2232 603 2321 (Gapt.
620 2233 685 2322 20).
731 2241 850 2302 Terent.
869 2240 976 2300 Heaut.
999 2242 1060 2301 145
1086 2237 1261 2301 ‘mercedem
1283 2244 1371 2318 quasi

220 2331 335 2390 talenta
357 2329 395 2389 ad
418 2329 586 2407 quindecim
610 2326 714 2409 coegi'.
756 2329 830 2390 Ceto
854 2330 890 2390 de
913 2349 974 2409 agr.
994 2331 1063 2390 cult.
1087 2332 1159 2406 156,
1179 2333 1197 2390 3
1219 2327 1371 2409 ‘exurgeto

220 2438 323 2480 sucum
342 2420 428 2496 quasi
446 2419 596 2479 hemmam
614 2420 645 2479 in
665 2419 808 2497 pocillum
826 2415 938 2480 fictile'.
976 2417 1108 2479 Scribon.
1124 2419 1212 2499 berg.
1227 2441 1290 2497 cap.
1307 2421 1371 2481 230

221 2505 258 2570 ‘si
277 2510 375 2568 anatis
393 2507 548 2587 sauguinis
568 2509 653 2585 quasi
672 2508 748 2570 duae
766 2509 879 2588 ligulae
898 2509 1057 2570 emunctae
1075 2506 1208 2570 fuerint'.
1249 2509 1370 2570 Sallust.

220 2599 284 2679 lug.
300 2600 352 2673 50,
367 2599 385 2657 3
403 2593 563 2675 ‘praesidio
583 2598 668 2675 quasi
688 2598 777 2658 duum
798 2599 915 2658 milium
930 2599 1064 2676 peditum
1078 2602 1210 2660 montem
1224 2595 1370 2676 occupat’.

223 2687 331 2748 Histor.
346 2687 389 2747 IV
410 2689 450 2747 16
475 2687 641 2749 Maureuhr.
672 2683 769 2764 ‘quasi
796 2707 852 2765 par
879 2689 909 2747 in
934 2690 1044 2768 oppido
1067 2684 1241 2748 festinatic'.
1287 2689 1370 2748 1113

222 2774 369 2837 ‘demissis
392 2780 510 2853 partem
533 2779 622 2854 quasi
644 2778 765 2838 tertiam
789 2774 958 2838 antemnis’.
1000 2778 1203 2856 Postpositum
1222 2782 1268 2837 est
1285 2779 1371 2855 quani

219 2869 250 2926 in
274 2865 383 2926 Lucilii
406 2886 493 2927 uersu
517 2868 596 2927 deut
618 2866 699 2946 apud
722 2866 843 2927 Sallust.
862 2868 926 2947 Ing.
948 2869 1002 2941 48,
1024 2869 1042 2926 3
1068 2863 1130 2928 ‘sed
1159 2887 1193 2928 ex
1216 2887 1251 2928 eo
1273 2867 1371 2928 medio

221 2956 306 3032 quasi
334 2956 419 3016 collis
447 2952 620 3016 oriebatur'.
671 2956 783 3017 Histor.
806 2956 822 3015 I
848 2959 909 3017 126
938 2957 1105 3017 Maureubr.
1134 2952 1370 3018 ‘Sertorius

219 3065 274 3122 per
305 3046 442 3105 calonum
471 3065 596 3122 corpora
622 3045 661 3106 ad
688 3046 819 3106 medium
846 3047 947 3123 quasi,
978 3045 1047 3106 dein
1075 3066 1165 3124 super
1187 3045 1370 3107 adstantium

221 3134 357 3194 inanibus
371 3135 402 3193 in
417 3155 535 3194 murum
550 3131 721 3195 attollitur’.
759 3136 891 3213 Xenoph.
902 3136 1018 3196 Hellen.
1033 3137 1049 3195 I
1065 3138 1094 3211 2,
1110 3139 1128 3197 9
1148 3132 1371 3208 ἀποκτείναντες

220 3220 250 3296 ἒξ
283 3221 382 3285 αὐτῶν
414 3220 481 3284 ὡσεὶ
513 3220 617 3284 ἓιιατόν
645 3224 676 3284 Π
695 3227 729 3299 4,
750 3227 790 3284 25
819 3225 918 3297 ἱππεῖς
951 3223 1018 3286 ὠσὶ
1049 3223 1254 3304 ἑβδομήκοντα
1285 3225 1370 3284 alias.

222 3312 293 3372 lude
316 3317 444 3390 apparet
462 3312 685 3374 Lachmannum
707 3318 787 3374 recte
805 3317 938 3392 posuisse
957 3316 1128 3394 genetiunm
1147 3317 1245 3376 acioli
1268 3307 1370 3392 (sicuti

221 3401 379 3462 nobilitatis
406 3404 558 3481 posuimus
585 3402 724 3464 similiter
751 3403 801 3463 lib.
821 3404 865 3463 VI
882 3424 911 3463 ιι.
927 3407 990 3465 250
1020 3404 1071 3464 ubi
1103 3404 1177 3464 codd
1209 3397 1370 3486 unusne)

221 3491 273 3567 qui
300 3495 450 3569 pmttneat
477 3491 515 3550 ud
543 3511 643 3552 cusos.
691 3492 795 3570 Neque
822 3495 853 3552 in
877 3494 996 3554 exordio
1019 3512 1123 3555 uersus
1145 3514 1164 3554 a
1187 3493 1372 3555 Lachmsuni

221 3580 370 3657 scriptura
391 3580 599 3643 discedendum
622 3583 751 3642 arbitror
774 3584 826 3659 qui
849 3588 928 3644 recte
954 3588 1060 3644 terrast
1086 3582 1138 3643 ubi
1166 3582 1241 3644 codd
1264 3588 1371 3644 terras:

222 3670 301 3748 quod
328 3671 407 3731 idem
436 3672 555 3749 scripsit
582 3676 666 3746 αοιαο
693 3691 748 3750 pro
776 3690 822 3748 uc,
851 3692 906 3752 ego
932 3675 979 3733 5οο
1004 3672 1130 3733 insonui:
1161 3674 1233 3734 conf
1256 3672 1307 3732 lib.
1329 3673 1372 3732 XI

221 3781 248 3818 u.
265 3760 338 3821 405.
385 3760 430 3819 De
457 3760 673 3839 stipendiorum
701 3782 822 3822 nurnero
850 3761 944 3823 tradit
966 3762 1110 3841 Polybius
1138 3762 1204 3822 loco
1232 3765 1371 3838 corrupto

221 3849 265 3908 VI
285 3853 336 3924 19,
356 3853 388 3910 2·
419 3870 496 3910 anno
526 3845 675 3928 6141140
698 3852 737 3933 τῶ
757 3872 785 3911 τε
815 3851 964 3935 Πομπηίῳ
992 3852 1157 3930 συμβουλοι
1179 3860 1317 3930 παρῆσαν
1339 3848 1373 3912 ἐκ

215 3931 330 4017 Ρώμης
353 3937 403 3999 καὶ
424 3944 485 4011 τοῖς
508 3938 696 4019 στρατιώταις
718 3934 817 4020 (Ηέξ
786 3963 841 4021 γαρ
860 3938 910 4020 ἔτη
929 3940 1099 4019 διεληλύθει
1116 3932 1372 4021 στρατευομένοις)

221 4027 354 4108 διάδοχοι
381 4027 617 4109 νεοαατάγραφοί
642 4050 671 4088 τι
698 4027 748 4088 sal
775 4026 817 4090 Iu
843 4026 1025 4111 ἀγύμναστοι
1053 4024 1197 4113 (Appias.
1217 4030 1294 4090 Iber.
1316 4032 1372 4090 78.

221 4116 395 4178 Mommseui
415 4118 613 4194 linquardtii
632 4118 774 4179 enchirid.
789 4121 904 4196 antiqu.
919 4120 1002 4180 Rom
1018 4119 1046 4176 V
1066 4114 1182 4199 [1884]
1197 4140 1226 4197 p.
1242 4121 1315 4196 381,
1328 4112 1371 4201 2).

221 4205 328 4283 Itaque
359 4207 469 4267 milltes
497 4226 547 4267 ser
574 4226 668 4267 annos
695 4209 748 4285 qui
775 4213 946 4268 meruerant
972 4209 1117 4270 exercitus
1144 4213 1215 4269 sunt
1242 4209 1372 4270 consulis

222 4295 307 4354 Ilabii
336 4295 497 4356 Aemiliani
525 4299 596 4354 anni
627 4291 775 4374 6091145
804 4292 947 4378 (Appiam
967 4299 986 4356 1.
1002 4318 1024 4358 s.
1040 4292 1105 4378 65).
1155 4299 1291 4376 Denique
1320 4301 1372 4376 qui

221 4383 276 4443 hoc
312 4385 377 4444 1οοο
413 4389 595 4446 memoratur
631 4387 717 4446 miles
753 4389 895 4447 meruisse
932 4389 1052 4448 uidetur
1090 4389 1160 4448 iude
1197 4409 1215 4447 s
1252 4390 1373 4449 consule

223 4471 253 4532 0.
273 4473 382 4532 Fuluio
400 4474 554 4534 Nobiliore
572 4493 651 4535 auno
671 4469 818 4555 6011153
839 4468 983 4557 (AppIan.
998 4478 1017 4537 l.
1032 4495 1054 4536 s.
1070 4480 1111 4538 44
1126 4477 1192 4537 Liu.
1207 4479 1314 4559 fragm.
1330 4481 1370 4538 12
