3036 5004
224 371 291 437 334
639 369 716 423 m
733 387 763 429 u.
782 375 969 431 rosa-104⁷.
1020 372 1026 380 ·

225 558 316 600 onnes
343 539 377 598 fit
399 541 480 599 euim
502 539 654 619 gradatio,
682 540 735 615 qui
755 539 892 614 loquitur
913 539 1017 617 iugum
1039 542 1171 612 recusat,
1198 557 1258 614 quo
1280 540 1382 599 iuncti

224 632 295 706 equi
317 648 438 689 currum
459 629 596 688 trahunt:
625 628 732 688 deinde
754 630 842 706 rogat
864 628 901 686 de
924 629 1062 706 grauiore
1085 646 1176 705 opera
1200 629 1282 687 tauri
1311 648 1381 688 ara-

224 721 299 779 toris
327 738 395 778 cum
421 718 634 797 indignatione.
681 717 809 794 Scripsit
834 716 1012 777 Guilielmus
1039 719 1180 777 inaiwm:
1208 737 1296 793 quem
1326 721 1382 794 qui

224 809 320 868 secuti
347 810 417 867 sunt
444 807 630 867 arbitrantur
656 808 812 867 mulierem
839 809 1080 883 perseuerantem
1111 809 1144 865 in
1172 809 1275 866 eadem
1304 809 1381 867 alle·

225 899 311 975 gorio
329 915 389 973 qua
407 915 477 957 usus
496 900 541 956 est
558 900 648 973 poeta
666 917 714 955 uu.
732 898 826 955 1041.
848 897 932 954 1042
952 896 1146 972 respondisse.
1180 894 1266 965 Quod
1280 916 1381 973 neque

225 988 383 1047 conuenire
405 985 526 1045 uidetur
547 986 705 1045 mulierum
726 987 847 1064 ingenio
866 988 897 1045 et
914 983 1075 1045 admodum
1094 986 1236 1063 frigidum
1256 986 1382 1046 uidetur

225 1095 295 1136 esse.
347 1076 437 1136 Recte
465 1075 538 1135 fecit
563 1074 785 1150 Lachmannus,
818 1077 871 1151 qui
897 1077 1023 1133 inuitum
1050 1077 1186 1134 seruauit
1216 1077 1379 1151 integrum.

226 1165 326 1224 Simili
347 1163 436 1224 modo
459 1184 518 1241 quo
542 1164 622 1241 apud
640 1163 789 1224 Lucilium
812 1165 914 1223 asinus
932 1165 1067 1240 loquitur
1083 1162 1137 1222 ΑΡ
1154 1164 1197 1222 IX
1213 1165 1274 1224 301
1295 1165 1379 1224 τίπτε

224 1252 277 1314 τὸν
300 1250 448 1334 ὀγκηστὴν
475 1252 652 1335 βραδύπονν
675 1250 746 1313 ὄνον
776 1245 880 1332 ἔρριγ’
911 1251 944 1314 ἕν
972 1251 1074 1325 ἵπποις
1100 1252 1193 1333 γυρὸν
1221 1250 1380 1326 ἀλωειναῐς

225 1342 356 1416 ἒξελάατε
380 1340 505 1420 δρόμον,
529 1341 583 1422 οὐχ
605 1341 682 1417 ἅλις,
713 1341 772 1403 ὅττι
796 1342 900 1420 μύλοιο
923 1342 1103 1422 περίδρομον
1124 1339 1220 1421 ἄχθος
1242 1339 1380 1423 ἀνάγκης

226 1432 387 1513 σπειρηδὸν
410 1431 541 1504 σκοτόεις
563 1432 778 1504 κυκλοδίωιιτος
800 1430 870 1510 ἔχοι,
893 1426 957 1491 ἀλλ’
982 1429 1024 1491 ἔτι
1046 1429 1096 1491 καὶ
1118 1430 1261 1492 πώλοισιν
1283 1429 1380 1512 ἐρίζο-

226 1544 294 1600 μεν;
323 1515 341 1601 ἦ
369 1515 397 1601 ρ’
427 1520 468 1582 ἔτι
496 1520 600 1582 λοιπὸν
627 1530 685 1582 νῦν
713 1542 764 1598 μοι
791 1518 846 1599 τὴν
874 1520 997 1599 σκολιὴν
1024 1518 1125 1600 αὐχένι
1152 1526 1240 1601 μαῖον
1271 1518 1380 1601 ἀροῦν.

224 1613 328 1672 Asinis
347 1610 508 1671 utebantur
527 1606 577 1670 ‘ad
596 1611 742 1670 arandum
759 1610 812 1670 ubi
830 1611 905 1670 leuis
924 1614 970 1670 est
986 1613 1077 1685 terra,
1099 1613 1179 1670 utin
1198 1606 1379 1688 (lampunia’

226 1704 302 1762 teste
316 1700 450 1760 Varrone
469 1718 525 1758 rer.
543 1700 709 1775 rustili,
729 1703 757 1759 5.
780 1699 837 1759 Vu.
855 1703 1073 1760 1041—1043
1093 1700 1149 1760 hoc
1167 1700 1270 1759 ordine
1289 1704 1381 1776 posui

227 1792 347 1850 etiamsi
374 1789 507 1868 prolegg.
526 1809 555 1865 p.
575 1787 629 1848 ΟΠ
638 1793 710 1848 extr.
734 1790 807 1849 ordo
835 1790 1059 1850 commendatur
1089 1791 1238 1849 inuersusz
1271 1790 1381 1850 distin-

228 1882 357 1939 ctionem
380 1878 460 1938 enim
482 1879 719 1957 fragmentorum
740 1878 812 1938 libri
830 1879 912 1939 XXX
934 1879 1004 1938 inde
1030 1898 1048 1939 a
1075 1899 1103 1956 p.
1124 1880 1187 1939 399
1216 1879 1380 1939 admodum

226 1987 290 2028 esse
313 1970 459 2027 incertam
483 1970 615 2044 apparet.

318 2049 424 2117 1045.
448 2057 564 2116 Nonius
583 2078 611 2133 p.
632 2059 706 2132 140,
727 2060 767 2117 13
792 2052 955 2132 ‘Marsum
983 2058 1183 2119 mandendum
1212 2062 1266 2119 aut
1292 2077 1379 2118 man·

226 2149 332 2206 satum.
353 2145 558 2207 ...Lucilius
581 2147 631 2206 lib.
651 2147 734 2206 XXX
758 2141 904 2223 “sperans
927 2152 1049 2207 σιλολοιιι
1071 2148 1196 2208 eandem
1218 2150 1288 2208 baec
1307 2167 1379 2222 pro·

225 2237 305 2308 ferro
329 2228 482 2317 (impressi
499 2227 648 2317 profore)
666 2241 766 2311 posset
782 2255 920 2296 mansum
939 2256 975 2297 ex
993 2256 1043 2297 ore
1062 2233 1248 2299 daturum’'.’
1281 2236 1378 2297 Lach-

226 2344 353 2385 mannus
385 2326 517 2402 scripsitz
554 2320 688 2402 ‘sperans
724 2327 837 2385 lactare
873 2345 921 2385 me
958 2327 1081 2387 eandem
1117 2328 1195 2387 hanc
1230 2345 1379 2404 proporro

226 2409 322 2489 posse'
343 2433 366 2474 e.
387 2435 414 2491 q.
433 2432 456 2474 s.
508 2415 601 2474 Nonii
634 2416 765 2476 editores
802 2415 963 2476 Muellerus
1000 2419 1032 2475 et
1067 2417 1226 2477 Oniousius
1263 2419 1378 2492 partim

226 2503 419 2564 (luilielmum
446 2506 558 2582 partim
580 2501 805 2573 Quieheratium
829 2507 901 2565 suut
927 2508 1023 2565 secuti
1050 2507 1225 2566 scribentes:
1252 2525 1378 2582 speram

227 2597 357 2654 aetatem
376 2587 425 2676 (ut
442 2593 536 2652 Lucil.
549 2594 565 2652 1
579 2614 606 2653 u.
624 2586 681 2676 38)
695 2594 799 2654 eadem
812 2589 900 2674 <me>
913 2596 987 2655 haec
1001 2596 1133 2672 proferre
1146 2598 1264 2673 potesse
1278 2615 1302 2655 e.
1314 2615 1342 2672 q.
1352 2615 1377 2655 s.

225 2684 325 2744 Verba
357 2687 489 2743 extrema
523 2681 631 2744 Latine
663 2684 792 2744 reddunt
826 2684 906 2761 quod
939 2683 1045 2744 Graeci
1081 2685 1185 2745 dicunt
1220 2685 1377 2763 νομίζειν,

226 2773 333 2850 quibus
359 2791 496 2832 mansum
528 2775 574 2832 est
599 2771 757 2851 ψώμισμαι
785 2774 857 2834 conf
885 2773 987 2834 Galen.
1007 2774 1063 2833 XV
1081 2795 1109 2851 p.
1130 2776 1208 2849 395,
1234 2774 1291 2833 31(
1314 2773 1377 2834 (lio.

225 2863 262 2922 de
281 2882 322 2923 or.
341 2863 373 2921 H
393 2864 469 2936 162,
501 2862 617 2939 reliqua
649 2864 750 2923 omnia
781 2861 914 2924 obscura.
966 2863 1093 2923 Videtur
1124 2866 1176 2943 agi
1207 2864 1242 2924 de
1279 2868 1377 2923 matre

227 2952 449 3012 adulescentula
463 2971 539 3026 quae
552 2953 664 3011 nutrici
677 2971 748 3012 suae
761 2973 887 3029 puerum
901 2955 1048 3013 infantem
1061 2953 1164 3013 tradit.
1195 2954 1238 3013 At
1251 2972 1376 3030 sperans

226 3040 299 3100 haec
328 3044 424 3099 mater
455 3040 580 3100 eandem
611 3041 688 3100 hanc
715 3044 862 3101 nutricem
890 3043 1054 3102 aetatulam
1081 3046 1214 3103 teneram
1242 3044 1377 3120 proferre

226 3148 312 3206 posse
335 3132 366 3188 et
388 3148 525 3189 mansum
548 3149 583 3189 er
607 3150 657 3190 ore
680 3151 746 3191 eam
769 3132 918 3206 datiuum,
941 3132 1101 3209 decipitur:
1129 3152 1199 3191 nam
1222 3132 1256 3191 αἱ
1276 3132 1377 3191 τίτθαι

226 3216 258 3279 τὸ
294 3217 439 3296 ψώμισμα
475 3219 688 3281 emoniensem
721 3226 760 3304 τῷ
794 3220 885 3304 σιάλῳ
921 3219 957 3281 τὰ
992 3221 1096 3282 παιδία
1139 3221 1377 3301 παραλελφονσιν

226 3308 351 3368 Aristot.
370 3309 445 3368 rhet.
461 3308 509 3368 III
528 3312 547 3368 4
566 3330 595 3387 p.
617 3313 700 3370 1407
717 3331 736 3370 a
751 3313 770 3370 8
786 3304 953 3393 (Aristoph.
968 3311 1069 3387 Equit.
1086 3312 1149 3370 716
1166 3310 1245 3371 Sext.
1260 3311 1376 3387 Empir.

225 3399 258 3456 in
288 3398 396 3458 rhetor.
416 3399 457 3456 42
487 3420 515 3475 p.
536 3401 614 3475 683,
635 3393 735 3483 13Β).
786 3405 906 3460 oetatem
933 3403 953 3462 i.
972 3420 997 3460 e.
1025 3402 1135 3460 uitam:
1172 3399 1232 3460 Cic.
1256 3399 1292 3459 de
1325 3399 1375 3458 fin.

226 3486 255 3544 V
275 3488 326 3562 20,
346 3489 386 3547 55
417 3483 517 3548 ‘facile
544 3493 590 3548 est
616 3489 673 3549 hoc
699 3508 818 3549 cernere
845 3491 1004 3566 inprimis
1028 3510 1187 3567 puerorum
1212 3484 1376 3548 aetabrlis’.

221 3578 357 3650 proferre
380 3580 517 3652 aetatem,
539 3580 575 3638 ut
596 3578 756 3654 protollere
779 3578 830 3643 lib.
849 3578 864 3636 I
882 3598 910 3637 u.
933 3581 961 3652 7,
983 3578 1060 3639 Plin.
1080 3581 1166 3657 epist.
1185 3579 1216 3637 Π
1237 3581 1265 3650 7,
1284 3580 1304 3636 4
1330 3573 1377 3637 ‘ut

226 3668 292 3726 uita
323 3668 386 3727 eius
422 3666 521 3727 breuis
558 3671 588 3726 et
623 3671 752 3747 angusta
787 3666 922 3727 debuerit
953 3667 1009 3728 hac
1040 3669 1126 3728 uelut
1157 3668 1377 3727 inmortalitate

225 3751 363 3832 profeni’
392 3748 467 3837 (cie.
486 3755 589 3815 defin.
608 3756 655 3816 III
675 3760 726 3833 22,
747 3760 787 3818 76
818 3751 949 3817 ‘beatam
975 3759 1071 3817 uitam
1098 3777 1191 3833 usque
1220 3757 1258 3817 ad
1288 3757 1376 3816 illum

227 3844 347 3922 aGyro
370 3848 551 3905 exstructum
573 3866 681 3924 rogum
701 3848 870 3920 perederet
897 3839 1095 3928 (Maduigius,
1129 3847 1267 3906 nonnulli
1299 3846 1376 3907 codd

221 3928 425 4018 potuisset.
444 3937 581 4009 proferre
597 3940 711 4010 potesse
735 3941 761 3995 et
782 3933 968 4014 Guilielmus
991 3936 1152 3996 admodum
1170 3936 1377 4013 probabiliter,

226 4025 283 4084 etsi
304 4025 381 4084 tales
404 4026 515 4085 formas
538 4025 685 4086 obsoletas
708 4024 842 4086 Lucilius
865 4030 959 4102 ponat
980 4027 1012 4085 in
1035 4027 1118 4085 exitu
1142 4026 1315 4086 hexametri.
1329 4057 1377 4067 -—

225 4113 375 4189 deterere,
397 4117 433 4174 ut
454 4117 618 4191 nuptorum
639 4113 691 4174 lib.
710 4115 797 4174 XVII
814 4135 843 4174 u.
864 4116 937 4174 538.

318 4193 424 4263 1047.
447 4203 564 4263 Nonius
588 4223 616 4279 p.
632 4204 705 4279 350,
726 4205 743 4262 6
770 4200 975 4279 ‘Maculosum
997 4204 1159 4280 sordidum,
1188 4204 1375 4264 inmundum.

225 4288 359 4350 Lucilius
381 4290 432 4350 lib.
452 4292 534 4350 XXX
558 4287 655 4352 “haec
676 4294 862 4353 uesbmentis
889 4293 1048 4353 maculosis
1071 4298 1134 4353 tum
1156 4297 1254 4368 aspice
1274 4290 1374 4353 ἐσθ’)

227 4373 293 4437 ‘nec
310 4379 496 4439 uestimentis
515 4381 674 4441 maculosis
694 4400 761 4440 cum
780 4383 905 4459 aspicies
924 4379 965 4442 te'
981 4381 1198 4456 Lachmaunus‚
1220 4379 1265 4443 ‘ec
1283 4386 1377 4443 uesti-

225 4470 335 4528 mentis
357 4468 525 4530 maculosis.
570 4472 606 4528 tu
628 4471 728 4545 aspice
751 4472 792 4531 sis
814 4466 856 4530 te’
880 4472 1049 4531 Muellerus.
1095 4472 1160 4550 Ego
1181 4474 1378 4550 interpretor:
