3060 5010
580 365 656 421 XXII
674 383 701 420 u.
721 370 870 420 581-583.
1236 361 1300 427 211

152 540 208 613 515,
231 539 317 615 sequi
339 537 434 597 malui
458 535 608 597 adiectiua
630 534 774 596 feminina
795 535 849 594 illa
868 528 1012 595 ‘extincta
1031 539 1074 594 est
1095 535 1143 593 nel
1163 530 1304 594 mortua’:

153 627 259 706 quibus
283 627 456 687 deducimur
479 625 516 686 ad
541 626 638 686 Seruii
661 644 765 686 comm.
784 626 817 685 in
834 625 924 703 Verg.
943 624 1016 683 Aen.
1035 624 1079 684 IV
1099 625 1163 684 384
1184 619 1304 701 ‘sequar

153 720 228 777 atris
251 717 370 796 ignibus
394 711 512 777 absens’
536 716 590 775 ubi
613 715 789 775 adnotatum
812 718 858 774 est
876 710 996 775 ‘absens
1015 714 1101 791 quasi
1119 717 1246 788 mortua,
1270 716 1305 773 ut

154 799 211 885 (IX
232 798 310 888 215)
349 802 491 866 “absenti
526 808 606 866 ferat
645 797 792 865 inferias”
806 799 825 879 ’,
865 805 898 863 in
938 803 994 864 cod
1030 803 1213 863 Floriacensi
1250 796 1303 884 (y)

155 892 273 958 ‘absens
293 944 299 955 .
316 943 343 954 ..
363 897 395 955 id
423 900 469 956 est
495 889 635 955 mortna':
663 894 741 972 quod
770 894 947 954 uocabulum
978 893 1059 971 apud
1080 892 1229 953 Lucilium
1257 912 1303 952 su-

154 987 254 1062 spicor
276 987 418 1046 extitisse.
455 985 500 1044 De
523 987 628 1046 555555
649 1004 706 1061 pro
728 989 860 1044 mortuus
879 984 978 1061 posito
998 983 1069 1044 conf
1083 983 1190 1042 Loewa
1209 981 1304 1042 Gloss.

154 1076 265 1137 nomin.
285 1096 313 1152 p.
334 1077 397 1136 213
420 1077 451 1134 55
470 1074 546 1135 editt
564 1075 602 1134 ad
621 1073 719 1134 Plaut.
739 1073 836 1135 Oasin.
855 1074 969 1151 prolog.
988 1093 1016 1131 n.
1038 1073 1088 1132 20.
1126 1071 1231 1132 Solent
1248 1070 1304 1131 La·

154 1166 212 1224 tini
240 1184 383 1241 usurpare
411 1165 515 1225 555555
541 1165 634 1224 simili
662 1182 722 1241 qua
751 1164 884 1223 Lucilius
912 1163 1014 1239 posuit
1044 1162 1175 1222 ratione:
1207 1160 1304 1221 Plaut.

154 1254 229 1314 Rud.
251 1256 314 1313 742
343 1248 373 1314 ‘o
402 1253 465 1312 filia
492 1273 572 1330 mea,
605 1273 694 1331 quom
722 1253 799 1314 hanc
826 1252 927 1327 uideo,
957 1270 1091 1326 meamm
1120 1271 1166 1310 me
1200 1250 1305 1311 absens

154 1345 343 1405 miseriarum
361 1339 541 1405 commones'
558 1343 617 1404 Cic.
631 1363 686 1421 pro
701 1343 762 1402 ldil.
779 1345 819 1402 91
842 1338 917 1403 ‘esse
934 1341 1012 1402 hanc
1031 1332 1187 1423 (gloriam)
1205 1360 1305 1416 unam,

156 1453 232 1511 quae
263 1433 443 1493 breuitatem
476 1435 557 1494 uitae
589 1434 775 1511 posteritatis
807 1432 951 1492 memoria
980 1432 1198 1504 consolaretur,
1230 1450 1306 1507 qnae

156 1522 299 1598 efficeret,
326 1526 363 1583 ut
390 1521 528 1584 absentes
556 1523 738 1598 adessemus,
766 1522 876 1583 mortui
904 1516 1086 1581 uiueremus'
1111 1520 1228 1579 Vitruu.
1247 1518 1307 1578 VH

155 1632 285 1690 prooem.
306 1614 325 1672 8
344 1613 388 1673 IX
406 1631 536 1689 prooem.
553 1616 603 1673 17.
641 1610 727 1673 Ouid.
746 1615 815 1672 met.
834 1611 890 1673 XV
910 1612 973 1672 868
995 1606 1094 1670 ‘tarda
1112 1610 1153 1670 sit
1170 1610 1225 1669 illa
1243 1609 1306 1669 dies

156 1705 188 1762 et
209 1706 311 1764 nostro
335 1705 430 1763 serior
452 1721 537 1778 aeuo,
559 1723 620 1779 qua
638 1706 729 1781 caput
747 1702 926 1782 Augustum,
951 1721 1039 1777 quem
1057 1702 1214 1777 temperat,
1238 1699 1308 1758 orbe

156 1793 262 1852 relicto
276 1792 399 1853 accedat
413 1793 496 1853 caelo
510 1794 672 1869 teneatque
690 1791 882 1870 precantibus
901 1785 1017 1851 absens’
1041 1790 1145 1868 Eurip.
1159 1789 1231 1849 Hec.
1243 1790 1305 1849 312

157 1879 219 1942 ἐπεὶ
234 1874 261 1942 δ’
279 1877 380 1942 ἄπεστι
394 1881 521 1943 Parisin.
535 1885 632 1957 2712,
646 1879 708 1942 ἐπεὶ
729 1873 756 1941 d’
775 1879 863 1942 ὄλωλε
877 1880 996 1958 reliqui.
1019 1880 1092 1940 abiit
1104 1899 1159 1958 pro
1173 1881 1308 1940 mortuus

158 1976 204 2032 est
225 1970 358 2032 Lucilius
382 1974 483 2048 posuit
505 1971 557 2031 lib.
576 1971 658 2032 XXX
676 1993 705 2031 u.
727 1973 821 2032 1093.
858 1970 988 2031 Pacilius
1012 1989 1120 2030 nomen
1143 1966 1253 2030 Oscum
1275 1969 1307 2027 in

158 2061 249 2121 titulo
272 2060 390 2121 Nolano
415 2054 493 2143 (125
518 2061 554 2121 de
573 2053 695 2143 Planta)
715 2061 839 2121 Poalrd.
877 2060 948 2120 Fuit
965 2060 1076 2120 Lucilii
1093 2062 1199 2137 poetae
1213 2058 1309 2118 fidelis

159 2150 290 2211 arcarius
321 2150 389 2232 (RG
406 2151 467 2210 VH
487 2153 505 2210 2
525 2172 553 2228 p.
576 2153 670 2228 1122,
690 2142 771 2232 4W)
805 2170 891 2227 qnam
924 2152 1004 2210 inter
1034 2149 1147 2209 multos
1180 2148 1308 2225 primum
1420 2184 1423 2190 ,

152 2242 315 2309 ‚enumerat
337 2243 389 2317 qui
412 2242 536 2300 extincti
560 2243 643 2299 sunt:
666 2243 782 2317 patrem
806 2239 940 2318 appellat
960 2238 1128 2300 honorifice.
1161 2237 1309 2297 Paceilius

159 2328 223 2390 CIL
242 2328 286 2387 Vl
306 2331 428 2390 36029:
462 2332 494 2389 at
521 2329 662 2389 credibile
695 2349 754 2389 non
786 2333 832 2390 est
863 2330 983 2405 poetam
1013 2328 1143 2388 Pacilius
1174 2327 1309 2404 posuisse

158 2417 336 2496 trisyllabon
369 2419 457 2479 facile
489 2418 568 2495 quod
597 2421 698 2495 potuit
729 2420 826 2478 uitare
859 2409 942 2498 (uide
973 2418 1011 2477 ad
1038 2417 1089 2477 lib.
1108 2416 1152 2475 VI
1171 2436 1199 2475 5.
1221 2407 1308 2497 261).

158 2509 265 2586 ltaque
298 2510 328 2569 et
359 2509 408 2568 hie
440 2511 471 2568 et
497 2508 548 2568 lib.
568 2508 612 2568 VI
629 2508 649 2567 l.
668 2526 691 2567 s.
720 2507 825 2567 melius
856 2508 914 2566 erit
945 2509 1076 2566 statuere
1109 2506 1309 2582 quantitatem

159 2598 342 2676 syllabarum
360 2598 393 2657 in
411 2598 581 2658 nominibus
594 2597 729 2675 propriis
747 2598 885 2674 inprimis
904 2597 936 2655 in
954 2595 1185 2673 municipalibus
1204 2613 1310 2672 parum

163 2689 299 2748 constare
323 2689 427 2765 poetis.
1114 2679 1116 2684 ’

251 2769 333 2838 582.
356 2776 472 2837 Nonius
496 2795 531 2835 ex
553 2776 748 2856 grammatico
772 2797 800 2853 p.
821 2776 894 2850 215,
915 2777 933 2834 5
954 2769 1310 2835 ‘Nasus...nentri...

161 2866 239 2926 idem
264 2865 314 2925 lib.
333 2866 420 2926 XXII
448 2861 578 2926 “nasum
599 2913 604 2924 .
625 2912 631 2924 .
653 2913 658 2924 .
677 2882 776 2925 55555
793 2866 883 2940 pedes
907 2861 1009 2942 (pedes
1037 2862 1113 2925 dicia
1135 2863 1165 2923 L
1183 2883 1220 2922 m.
1242 2856 1310 2946 1)”.

160 2956 261 3032 Nepos
289 2955 349 3016 dici
372 2959 403 3015 55
431 2955 542 3015 femina
568 2950 679 3033 potest’
695 2975 718 3015 e.
734 2975 761 3032 q.
776 2973 798 3015 s.
835 2953 938 3014 Iunius
967 2955 1086 3032 scripsit
1112 2971 1238 3013 euroeae
1259 2972 1311 3029 pc-

161 3045 260 3114 deeue,
287 3044 496 3105 Lachmannus
523 3062 648 3106 euroeae
669 3046 809 3119 pedesne,
841 3043 1000 3105 Muellerus
1027 3060 1164 3104 socracne
1185 3044 1312 3118 pedesne

161 3135 271 3194 maluit
293 3135 390 3195 scribi.
423 3134 514 3195 Recte
532 3135 748 3195 Lachmanuus.
781 3133 952 3213 Interrogat
974 3137 1065 3211 poeta
1086 3137 1188 3194 ubnm
1206 3152 1311 3194 nasum

162 3245 200 3284 an
224 3243 290 3284 crus
313 3225 423 3285 rectius
446 3225 493 3283 illi
515 3226 607 3284 fuerit
626 3244 693 3283 cum
711 3227 817 3284 rectius
834 3222 915 3283 dicat
933 3244 987 3301 per
1005 3222 1187 3284 contrarium
1206 3242 1311 3283 nasum

162 3316 292 3392 turpiter
318 3315 486 3376 distortum.
538 3314 624 3374 Serui
651 3315 748 3391 turpis
776 3314 884 3374 menda
911 3316 1066 3373 enumerat
1095 3313 1313 3390 paterfamilias

163 3404 266 3463 eadem
293 3403 450 3484 (1111355515
478 3423 538 3480 qua
564 3405 611 3464 uti
639 3403 775 3464 solebant
801 3404 833 3462 iu
861 3405 1045 3481 emptionum
1074 3403 1196 3482 apochis
1224 3407 1255 3463 et
1281 3405 1312 3463 in

163 3494 359 3572 mgitiuorum
382 3494 666 3554 renuntiationibus:
690 3493 761 3552 conf
780 3511 913 3570 papyrus
937 3512 984 3571 ap.
1003 3492 1191 3553 Wilclren'um
1210 3492 1312 3552 Herm.

163 3582 232 3641 XIX
253 3584 338 3643 1884
358 3604 385 3661 p.
406 3585 470 3643 413
495 3583 656 3643 δοῦλον..
677 3629 683 3642 .
702 3581 896 3663 menippeus,
919 3579 1081 3661 caducaeo,
1106 3580 1313 3660 εὐόφθαλμον,

164 3668 382 3750 εὐθύ<κωλον>
399 3665 441 3753 (p.
457 3665 544 3754 424).
569 3666 768 3732 ‘Rectioribus
786 3667 931 3731 cruribus'
948 3671 1063 3732 Pallad.
1076 3671 1136 3730 VII
1152 3673 1181 3744 7,
1197 3673 1213 3729 7
1236 3666 1314 3731 ‘crus

164 3756 285 3820 rectius'
304 3762 409 3821 Horat.
429 3780 514 3821 serm.
529 3762 544 3821 I
559 3764 588 3836 2,
603 3764 654 3821 81.
687 3762 775 3822 Nm
793 3762 825 3821 in
844 3763 1066 3821 enumeratione
1085 3761 1216 3838 positum
1234 3760 1313 3819 idem

36 3896 38 3899 .
165 3851 227 3909 fere
250 3853 295 3909 est
322 3853 412 3926 atque
434 3867 534 3925 porro.
579 3850 750 3927 Respondet
776 3854 866 3927 poeta
893 3851 956 3928 ipse
984 3870 1018 3910 eo
1046 3851 1234 3926 pentametro
1262 3850 1314 3925 qui

167 3938 342 4015 insequitur.

255 4020 338 4089 588.
362 4026 478 4086 Nonius
505 4047 540 4086 ex
567 4031 764 4106 grammatico
790 4049 819 4105 p.
841 4031 913 4104 149,
935 4031 952 4086 7
983 4023 1138 4101 ‘Petilum‚
1167 4029 1257 4087 tenue
1284 4030 1315 4086 et

166 4119 250 4177 exile.
286 4109 421 4177 Lucilius
443 4115 493 4176 lib.
515 4117 589 4177 XII
606 4109 706 4197 (XXII
724 4109 947 4198 Lachmanuus)
968 4112 1117 4196 “insignis
1136 4117 1314 4176 555115555-

165 4209 245 4268 cibus
268 4209 298 4265 et
320 4201 467 4284 petilie'’.’
505 4209 589 4266 uaris
611 4208 746 4267 muribus
768 4210 847 4268 recte
866 4207 1024 4266 Bentinus:
1047 4205 1242 4283 respondetur
1258 4206 1316 4268 boc

165 4299 352 4375 pentametro
376 4297 404 4355 ei
430 4314 507 4373 quae
534 4296 721 4357 antecedenti
749 4298 850 4356 uersui
877 4299 956 4357 inest
983 4296 1158 4371 quaestioni.
1205 4285 1315 4358 Seruus

166 4388 220 4462 qui
247 4386 338 4446 nullis
366 4386 460 4464 513515
487 4386 642 4464 praeditus
669 4390 727 4461 est,
755 4385 925 4462 appellatur
951 4381 1066 4463 ἄσημος
1089 4377 1316 4464 (Gradenwitnii

167 4475 325 4542 introduct.
340 4478 372 4540 iu
387 4475 479 4549 doctr.
493 4495 598 4559 papyr.
613 4476 693 4559 Lips.
711 4478 796 4539 1900
810 4496 838 4558 p.
851 4477 901 4539 61.
926 4475 1078 4540 Fuerstius
1092 4474 1237 4559 Philolog.
1247 4475 1317 4543 LXI
