3036 5004
555 352 631 407 XXX
649 371 675 406 u.
697 357 881 407 1024-1029.
1228 352 1294 417 329

145 519 265 596 perfidis
297 523 359 582 suis
390 522 554 584 blanditiis.
603 522 726 590 morde,
757 524 792 580 ut
819 522 937 582 Terent.
955 523 1032 582 Eun.
1052 524 1117 582 410
1150 517 1295 582 ‘inuidere

146 629 246 670 omnes
269 610 357 686 milri,
380 611 515 672 mordere
538 607 727 673 clanculum'.
748 645 789 653 —
808 612 899 671 multo
921 613 1074 685 inprobior
1096 612 1158 671 alia
1182 612 1295 690 signiti-

146 701 263 760 catione
289 704 391 778 posuit
418 701 553 762 Catullus
575 701 736 761 LXVIHb
753 702 825 761 126.
875 701 974 761 Verba
1002 696 1050 762 ‘de
1079 721 1138 778 quo
1165 701 1294 761 diximus

146 786 227 850 ante’
261 791 299 851 ad
331 792 447 852 leonem
478 791 648 868 improbum
679 793 813 869 spectare
844 791 961 852 iudicat
990 790 1145 869 (torpetis.
1191 792 1295 868 Neque

147 883 248 940 tamen
274 881 362 940 uideo
390 881 539 957 quomodo
567 899 670 941 uersus
698 882 775 941 alter
800 882 858 941 hac
885 881 1001 941 ratione
1029 880 1124 958 possit
1151 881 1295 959 intellegi.

146 969 305 1030 Praeterea
326 971 446 1031 blandis
468 970 567 1031 uerbis
590 973 702 1051 inuitat
725 973 756 1029 et
775 971 822 1031 leo
840 970 892 1030 illc
911 973 941 1030 et
959 973 1099 1031 meretrix
1119 989 1209 1046 quam
1226 971 1297 1030 haec

146 1062 320 1135 pronomine
358 1063 458 1121 censet
493 1061 629 1137 spectari.
689 1059 788 1130 Quare
824 1060 964 1120 meretrix
1000 1061 1093 1120 etiem
1132 1060 1296 1136 improbior

146 1148 283 1208 habenda
310 1151 350 1209 sit
375 1150 430 1209 illo
457 1150 556 1224 leone,
583 1168 642 1209 non
669 1168 790 1225 possum
816 1149 968 1227 indagare.
1017 1149 1205 1210 Probabilius
1233 1168 1296 1209 esse

147 1238 277 1298 arbitror
298 1238 442 1299 blandum
465 1241 495 1299 et
517 1239 663 1315 perfidum
685 1240 836 1299 hominem
858 1238 986 1299 describi
1004 1258 1023 1299 a
1039 1239 1157 1298 Lucilio
1176 1239 1296 1314 qualem

147 1330 292 1404 expressit
313 1329 458 1389 Horatius
481 1347 566 1389 serm.
585 1329 602 1388 I
620 1331 650 1403 4,
670 1330 802 1405 92seqq.
828 1324 951 1388 ‘mentio
975 1330 1001 1388 si
1029 1348 1090 1406 que
1115 1328 1152 1388 de
1175 1327 1295 1404 (lapito-

147 1417 202 1476 lini
226 1419 316 1478 furtis
344 1419 455 1478 iniecta
477 1419 580 1478 Petilli
606 1421 637 1478 te
665 1437 765 1478 coram
792 1417 897 1492 fixerit,
925 1418 1066 1478 defendas
1093 1420 1129 1477 ut
1155 1420 1224 1477 tuus
1252 1421 1297 1477 est

147 1527 212 1568 mos
232 1554 237 1565 .
254 1554 282 1565 ..
304 1501 485 1569 “incolumis
503 1509 600 1568 lector
618 1507 697 1584 quod
716 1510 795 1567 uiuit
813 1510 844 1567 in
863 1507 943 1567 urbe.
976 1508 1027 1568 sed
1046 1510 1147 1568 tamen
1165 1508 1298 1567 admiror

149 1616 207 1672 quo
230 1600 319 1673 pacto
342 1597 487 1657 iudicium
508 1597 585 1657 illud
608 1592 765 1674 fugerit”.'

240 1677 347 1748 1020.
371 1687 486 1747 Νο1111
509 1708 537 1763 p.
558 1688 632 1761 306,
653 1688 692 1746 19
718 1681 829 1747 ‘Fortis
855 1689 946 1747 etiam
974 1687 1067 1747 diues.
1092 1685 1297 1747 ...Lucilius

147 1775 199 1835 lib.
217 1776 300 1834 XXX
324 1769 450 1836 “omnes
469 1778 613 1836 formonsi
631 1768 689 1856 (itu
706 1777 736 1835 L
754 1796 791 1835 m.
813 1781 846 1850 1,
869 1778 993 1838 formosi
1019 1769 1139 1858 reliqui)
1232 1795 1297 1845 erqo

149 1912 199 1926 ...
219 1859 328 1925 esto'’.’
346 1908 350 1913 ·
365 1866 449 1926 idem
467 1887 495 1942 p.
517 1869 590 1940 327,
611 1864 653 1926 14
673 1861 847 1943 ‘Inprobum
864 1870 962 1944 turpe.
993 1867 1128 1926 Lucilius
1145 1866 1196 1925 lib.
1216 1866 1298 1926 XXX

148 1949 274 2015 “omnes
304 1955 447 2016 formonsi
475 1948 532 2034 (ito
550 1957 580 2015 L
598 1976 635 2015 m.
657 1960 689 2029 1,
724 1956 847 2016 formosi
873 1949 993 2036 reliqui)
1021 1958 1113 2016 fortes
1141 1956 1211 2030 tibi,
1243 1975 1298 2034 ego

148 2045 299 2120 inprobus.
323 2041 432 2106 esto”.'
470 2045 604 2105 Lucilius
626 2048 690 2122 ipse
713 2045 772 2105 sibi
794 2045 947 2122 epitheton
971 2048 1121 2121 improbus
1148 2045 1299 2106 indiderat

148 2134 199 2192 lib.
219 2134 317 2193 XXIX
335 2154 363 2193 u.
383 2137 461 2193 821:
480 2135 639 2211 respondet
657 2136 842 2212 uituperanti
867 2136 1046 2196 maledicum
1065 2155 1157 2213 genus
1176 2154 1297 2212 poeseos

149 2222 328 2282 aduersario.
365 2225 507 2295 formorui
525 2227 622 2297 fortes,
641 2224 806 2300 asyndeton
826 2227 856 2284 et
870 2225 1163 2302 homoeoprophoron
1178 2225 1298 2302 uulgari

149 2313 278 2371 sermoni
315 2315 483 2390 proprium:
514 2312 612 2373 Varro
639 2316 694 2373 sat.
717 2314 847 2390 Menipp.
869 2315 968 2374 312B
1007 2310 1120 2374 ‘omnes
1161 2312 1299 2374 uidemur

150 2400 236 2461 nobis
259 2420 322 2462 esse
343 2401 417 2462 belli
439 2396 561 2462 festiui'.

242 2482 348 2552 1027.
376 2491 491 2551 Nouius
514 2512 543 2567 p.
563 2493 636 2567 296,
657 2493 675 2551 5
706 2487 867 2568 ‘Experiri,
897 2495 1053 2569 temptare.
1077 2491 1299 2552 ...Lucilius

149 2580 201 2639 lib.
220 2580 302 2639 XXX
326 2575 523 2640 “summatim
544 2575 762 2659 ...paucis''.'
808 2581 884 2641 Vide
908 2581 945 2641 ad
964 2603 992 2641 u.
1013 2583 1108 2642 1022.
1153 2580 1298 2640 Horatius

150 2688 235 2728 serm.
255 2670 270 2728 Ι
289 2672 319 2744 4,
339 2671 380 2728 38
405 2663 558 2749 ‘agedum
580 2690 675 2747 pauca
700 2673 800 2749 accipe
822 2667 948 2731 contra'.
993 2669 1149 2731 Lucretius
1168 2669 1295 2729 111261
1353 2745 1355 2750 Ι

152 2755 215 2819 ‘sed
238 2762 348 2834 tamen,
371 2763 406 2818 ut
427 2762 532 2837 potero
555 2761 726 2821 summatim
750 2762 906 2839 attingere,
928 2756 1073 2839 tangam’.

243 2840 348 2910 1028.
372 2850 488 2910 Nonius
511 2852 696 2925 p.249,14
731 2845 939 2925 ‘Gonmittere,
962 2850 1092 2924 credere,
1117 2850 1297 2927 permittere.

152 2937 357 2999 ...Lucilius
384 2939 435 2997 lib.
454 2938 536 2998 XXX
565 2934 660 3014 “quia
686 2958 741 2999 sua
761 2986 766 2998 .
783 2986 789 2998 .
806 2987 811 2998 .
830 2934 1015 2999 cumenae”.'
1060 2940 1215 3000 Musarum
1247 2958 1298 2997 an·

150 3027 278 3087 tistitem
305 3027 468 3107 significate
495 3028 616 3088 uidetur
642 3031 678 3088 ut
704 3029 848 3090 Horatius
872 3047 957 3089 serm.
976 3030 992 3088 Ι
1011 3032 1040 3105 4,
1060 3031 1102 3089 39
1130 3030 1298 3106 exposuisse

151 3135 182 3177 se
209 3136 315 3177 uerum
342 3119 463 3194 poetam
488 3136 547 3177 non
575 3137 650 3179 esse:
679 3114 822 3195 ‘primum
850 3138 905 3197 ego
932 3138 980 3179 me
1007 3120 1140 3192 illorum,
1168 3118 1299 3179 dederim

152 3206 259 3282 quibus
282 3225 346 3267 csse
369 3207 464 3282 poetis
487 3225 643 3285 excerpam
665 3202 800 3269 numero'
814 3228 838 3268 c.
854 3229 881 3285 q.
896 3228 918 3270 s.

243 3287 349 3357 1029.
373 3297 488 3357 Nonius
510 3317 539 3373 p.
562 3299 634 3373 173,
654 3301 692 3358 21
721 3293 876 3375 ‘Speciem
899 3301 1049 3375 specimen
1071 3299 1121 3358 uel
1140 3299 1299 3376 exemplar.

151 3385 286 3446 Lucilius
308 3385 361 3445 lib.
380 3386 462 3445 XXX
486 3381 596 3447 κ111111
618 3390 648 3447 te
672 3389 724 3463 qui
747 3406 882 3463 eaquae
905 3391 1032 3464 speciem
1055 3388 1136 3448 uitae
1158 3393 1300 3461 putamus

151 3469 256 3535 essc''.'
293 3475 339 3535 De
361 3478 447 3535 sicuti
469 3477 618 3553 dactylico
643 3476 710 3535 uide
730 3478 769 3536 ad
788 3477 839 3537 lib.
857 3477 886 3533 V
904 3498 932 3537 ιι.
954 3479 1016 3539 198
1036 3479 1138 3538 inceri.
1158 3498 1187 3537 u.
1204 3479 1298 3538 1298.

151 3563 251 3624 Verba
273 3583 349 3625 sana
371 3568 441 3624 sunt
464 3567 495 3625 et
517 3566 678 3627 secundum
701 3568 880 3627 sententiam
907 3570 938 3627 et
964 3567 1125 3626 secundum
1153 3586 1300 3640 numeros,

152 3653 239 3712 modo
267 3654 326 3714 duo
354 3654 446 3713 uerba
473 3657 605 3715 extrema
633 3659 824 3734 transponas:
852 3657 1050 3733 supplendum
1077 3657 1139 3716 iere
1165 3658 1300 3717 cessem

153 3739 325 3816 emaque-is,
348 3744 445 3804 dicum
463 3747 516 3804 uic
535 3762 595 3805 esse
607 3750 732 3819 poetam.
766 3744 992 3805 Comoedicrum
1011 3750 1188 3824 argumenta
1208 3747 1299 3824 signi·

152 3831 224 3891 ficut
250 3831 349 3893 uerbis
378 3828 424 3893 ‘ea
453 3852 529 3909 quae
557 3836 685 3911 speciem
712 3838 794 3896 uitae
824 3854 886 3895 esse
917 3829 1080 3912 putamus',
1112 3854 1202 3895 uersu
1233 3837 1300 3913 ipso

152 3920 373 3981 comoediarum
404 3925 524 3999 poetam
561 3923 716 3999 quendum.
771 3924 906 3984 Edocent
941 3927 1045 3983 auctor
1081 3925 1129 3984 uel
1166 3927 1300 3984 auctores

153 4011 314 4088 prolegom.
329 4010 366 4071 de
380 4011 510 4071 comoed.
521 4012 624 4071 Latini
642 4012 753 4073 similia
767 4005 891 4093 (Donat.
901 4013 937 4073 ed
946 4013 1123 4074 WessneriI
1136 4033 1164 4090 p.
1181 4016 1232 4084 21,
1244 4006 1300 4091 15)

154 4095 197 4158 ‘in
220 4099 376 4177 tragoedia
398 4102 541 4179 fugienda
562 4103 643 4174 uita,
670 4102 701 4161 in
725 4103 877 4162 comoedia
899 4102 1079 4180 capessenda
1102 4098 1301 4180 exprimitur’,

152 4189 232 4249 idem
255 4181 447 4269 (p.22,19)
471 4184 667 4250 ‘comoediam
689 4210 754 4251 esse
777 4191 879 4251 Cicero
912 4194 956 4251 ait
982 4193 1182 4252 imitationem
1209 4194 1300 4268 uitae,

153 4278 308 4356 speculum
331 4279 568 4354 consuetudinis,
594 4281 756 4358 imaginem
781 4277 930 4340 ueritatis’
955 4273 1094 4361 (Vseneri
1117 4281 1241 4359 Dionys.
1265 4282 1302 4342 de

153 4367 262 4428 imitat.
280 4368 366 4445 reliq.
385 4389 414 4446 p.
435 4371 499 4429 120
518 4361 590 4450 ΧΠ)
614 4370 694 4445 quod
716 4370 795 4430 idem
814 4369 916 4430 Cicero
934 4390 989 4449 pro
1007 4371 1092 4431 Rosc.
1111 4371 1177 4431 Am.
1198 4373 1238 4430 47
1260 4365 1302 4431 ‘et

153 4459 233 4517 certe
252 4457 290 4518 ad
308 4478 371 4519 rem
389 4458 466 4519 nihil
482 4460 612 4534 intersit,
630 4461 732 4520 utrum
748 4460 828 4519 hunc
845 4479 901 4540 ego
915 4462 1060 4522 comicum
1074 4461 1301 4536 adulescentem,
