3060 5010
587 359 626 414 111
643 377 670 414 u.
692 364 840 414 ise-127.
1244 362 1285 427 61

137 548 201 590 esse
223 547 312 590 uersu
335 528 465 590 efficitur
489 531 562 604 127,
590 549 649 606 quo
671 527 771 589 media
793 531 879 590 noete
908 548 976 588 eum
997 528 1176 590 Palinurum
1198 533 1288 592 remis

135 621 253 680 uenisse
279 639 311 679 se
338 622 481 679 testatur:
514 614 530 678 d
558 618 693 697 δεύτερος
720 621 814 690 πλοῦς
841 616 900 679 ἐστι
931 617 1030 696 δήπου
1062 617 1218 700 λεγόμενος
1248 617 1288 681 ἂν

137 705 270 791 ἀποτύχῃ
289 730 333 780 τις
351 706 457 788 οὐρίου
475 706 604 769 κώπαισι
621 711 705 767 πλεῖν
724 707 885 767 Menander
904 706 980 767 cle
998 708 1045 767 111
1067 729 1095 785 p.
1112 709 1164 784 69,
1179 712 1240 769 241
1251 709 1287 769 Κ.

136 797 283 857 Similiter
302 797 404 858 Cicero
427 797 466 858 ad
483 796 547 857 Att.
567 797 638 855 XVI
659 799 687 876 6,
709 800 724 856 1
752 792 860 875 ‘magis
883 797 1036 858 eommode
1059 817 1149 874 quam
1169 803 1288 859 strenue

135 888 294 966 nauigau13
322 889 414 946 remis
437 888 516 946 enim
539 905 680 966 magnam
702 888 833 963 partem,
860 887 1013 963 prodromi
1035 888 1112 946 nulli
1136 935 1142 945 .
1167 935 1173 946 .
1199 935 1204 946 .
1228 888 1287 948 duo

134 978 216 1036 sinus
239 977 374 1052 fuerunt,
402 995 476 1052 quos
499 978 631 1036 tramitti
654 978 818 1053 oporteret,
846 975 1010 1037 Paestanus
1041 981 1072 1037 et
1094 974 1285 1038 Vibonensis'

135 1085 159 1124 e.
178 1085 207 1142 q.
226 1083 249 1126 e.
281 1063 386 1125 Petere
408 1068 530 1142 poetam
554 1063 711 1125 Salernum
727 1065 929 1126 intelleximus
952 1087 980 1125 u.
1002 1068 1078 1126 124:
1101 1067 1171 1126 hino
1189 1067 1288 1128 tendit

137 1155 175 1215 ad
198 1155 287 1214 Silari
313 1157 431 1214 ostium.

227 1236 308 1304 126.
332 1243 447 1305 Probus
480 1244 519 1304 ad
546 1243 674 1323 Vergilii
706 1241 1286 1323 georg.111146p.381‚1511‘si-

134 1333 215 1394 larus
238 1333 348 1392 flumen
371 1337 417 1393 est
438 1332 597 1394 Luoaniae.
633 1335 738 1410 portus
761 1333 913 1394 Alburnus
941 1336 972 1393 et
994 1334 1127 1395 eiusdem
1154 1337 1283 1395 nominis

136 1441 221 1484 mous
240 1422 278 1482 ad
296 1425 412 1483 sextum
431 1441 450 1483 a
468 1422 577 1482 Primis
596 1414 726 1501 (parente
744 1415 912 1504 Parisinus)
931 1422 1072 1484 tabernis.
1104 1426 1286 1484 mentionem

136 1512 209 1573 feeit
236 1510 369 1573 Lucilius
396 1513 453 1572 hoe
480 1530 569 1572 uersu
597 1508 766 1588 “quattuor
792 1512 862 1572 hino
890 1513 931 1572 ed
956 1511 1051 1573 Silari
1077 1515 1186 1586 emm
1217 1533 1286 1590 por-

135 1605 259 1678 tumque
286 1596 499 1662 Alburnum”.’
550 1601 644 1677 Hine,
671 1604 690 1661 i.
714 1620 738 1661 e.
767 1600 891 1662 Salerno
923 1602 1097 1680 remigando
1129 1603 1215 1663 nauis
1248 1603 1285 1662 ad

135 1693 245 1751 ostium
268 1691 360 1751 Silam
382 1691 482 1765 fluuii,
506 1693 554 1750 oui
576 1693 729 1768 proximus
753 1693 799 1751 est
820 1693 925 1768 portus
947 1690 1114 1765 Alburnus,
1142 1694 1287 1770 quattuor

135 1780 216 1841 horis
238 1782 388 1857 peruenit:
415 1798 487 1840 nam
509 1779 569 1840 diei
592 1779 715 1856 aliquod
738 1782 870 1857 spatium
894 1785 1032 1855 quattuor
1057 1800 1181 1841 numero
1208 1781 1286 1841 indi·

136 1872 198 1929 cari
224 1871 397 1949 oolligemus
420 1889 450 1928 n.
476 1871 538 1929 127
568 1868 620 1929 ubi
646 1871 759 1949 legitur
787 1865 896 1930 ‘media
923 1865 1001 1930 nor’.
1047 1870 1093 1930 De
1120 1874 1210 1946 portu
1233 1870 1286 1930 Al·

135 1958 230 2019 burno
259 1957 404 2021 Oluuerus
430 1962 463 2018 in
489 1959 558 2018 Ital.
587 1962 681 2036 antiq.
700 1959 732 2018 H
754 1979 783 2036 p.
805 1961 890 2019 1254
923 1953 1027 2042 (quem
1056 1959 1154 2020 looum
1187 1959 1285 2020 adfert

135 2041 323 2130 Gerlaehius)
343 2045 458 2125 ‘portus
476 2048 629 2109 Alburnus
648 2048 729 2108 haud
747 2048 837 2107 dubie
855 2048 958 2108 eodem
976 2049 1036 2109 fuit
1056 2050 1116 2109 situ
1136 2048 1187 2108 ubi
1204 2068 1284 2110 nuno

136 2140 181 2198 est
203 2140 346 2198 traieotus
368 2139 493 2198 inferior
515 2138 646 2198 fluminis
664 2137 711 2197 III
732 2139 850 2198 oiroiter
868 2139 954 2197 milia
971 2157 990 2199 a
1008 2139 1099 2198 mari:
1123 2139 1233 2215 quippe
1252 2141 1284 2198 in

135 2227 223 2288 laeua
245 2230 341 2288 amnis
368 2230 435 2304 ripe
462 2229 573 2287 ueteris
600 2229 664 2287 siue
693 2227 799 2304 templi
826 2229 890 2286 siue
917 2228 1034 2287 castelli
1060 2228 1166 2287 ruinae
1193 2227 1285 2288 etiam

135 2337 213 2377 nuno
240 2317 360 2396 uulgari
386 2316 532 2377 uocabulo
559 2317 666 2378 ineolis
693 2315 834 2376 dicuntur
859 2312 1016 2391 Alsumo':
1046 2317 1117 2376 eonf
1141 2317 1284 2378 Nissenus

135 2407 203 2467 Ital.
227 2406 445 2468 Laudeslnmde
463 2406 494 2465 Π
514 2407 532 2464 2
556 2426 585 2482 p.
606 2407 679 2466 692.
725 2404 852 2465 Gratum
875 2406 947 2465 feeit
970 2406 1051 2482 quod
1073 2406 1150 2466 haue
1172 2407 1285 2466 famam

135 2497 215 2556 solue
234 2495 320 2555 nobis
338 2497 473 2556 seruauit
491 2495 678 2574 geographus
697 2496 746 2556 oui
764 2497 975 2555 auctoritatem
993 2498 1024 2554 et
1039 2495 1127 2554 fidem
1142 2495 1285 2574 derogare

135 2605 190 2663 par
212 2604 273 2645 non
296 2587 349 2646 est.
395 2585 489 2645 Silari
511 2585 552 2644 ad
575 2587 698 2657 flumen,
727 2587 763 2643 ut
785 2583 870 2642 Piud.
894 2581 1012 2659 Olymp.
1032 2583 1075 2643 IX
1095 2586 1135 2643 27
1157 2577 1285 2661 Ἀλφεοῦ

135 2696 164 2735 τε
186 2671 324 2755 &etpost
352 2693 412 2735 non
435 2677 482 2735 est
503 2674 660 2752 genetiuus
687 2674 892 2750 epexegetious
918 2691 1016 2748 neque
1041 2672 1091 2732 hio
1117 2691 1214 2748 neque
1241 2675 1284 2733 eis

135 2765 217 2839 loeis,
240 2784 314 2841 quos
337 2764 505 2843 Draegerus
528 2765 606 2842 synt.
625 2763 644 2822 l.
663 2762 696 2822 L.
715 2762 784 2822 hist.
802 2754 833 2823 1¹
854 2782 882 2838 p.
903 2763 966 2820 466
991 2763 1153 2841 congessit,
1176 2761 1284 2838 quibus

135 2853 244 2930 ubique
266 2856 376 2926 Ῑλιναοιι
393 2852 543 2913 Himellae
561 2845 687 2935 (Vergil.
706 2852 779 2912 Aen.
799 2850 858 2910 VH
879 2842 957 2931 714)
980 2851 1029 2911 uel
1052 2852 1150 2911 amnis
1172 2851 1284 2913 similia

135 2943 289 3003 inuenitur
302 2945 455 3021 seriptum,
473 2962 619 3019 nusquam
633 2944 753 3014 fluuios.
791 2940 1029 3018 Spondeiaaonta
1043 2941 1163 3000 excusat
1176 2959 1284 3000 nomen

136 3034 292 3109 proprium
315 3035 404 3093 sicuti
426 3032 530 3093 ineert.
551 3053 579 3091 u.
601 3033 695 3091 1260.

226 3113 308 3183 127.
333 3123 453 3183 Seruius
477 3124 581 3183 auctus
604 3121 643 3183 ad
661 3119 809 3182 Aeneidos
827 3119 855 3178 X
874 3121 938 3179 244
963 3114 1038 3179 ‘Alii
1059 3137 1140 3179 more
1159 3121 1283 3196 antiquo

136 3211 187 3270 lux
209 3230 264 3287 pro
287 3212 353 3271 luee
376 3213 536 3288 aoeipiunt.
581 3210 714 3272 Lucilius
737 3212 770 3269 in
795 3210 885 3269 tertio
909 3204 1002 3270 “hino
1026 3257 1032 3268 .
1053 3257 1059 3268 .
1079 3257 1085 3268 .
1109 3205 1202 3284 nox”,
1228 3230 1284 3286 pro

136 3295 267 3361 noete’'.'
322 3301 401 3360 Mari
432 3301 597 3378 tranquillo
629 3304 660 3360 et
691 3302 869 3377 tempestate
900 3318 1005 3360 serena
1038 3298 1108 3358 inde
1141 3318 1160 3360 a
1194 3301 1284 3376 portu

135 3390 299 3450 Puteolano
323 3409 416 3466 usque
438 3391 476 3450 ad
494 3389 630 3452 Palinuri
646 3391 883 3467 promontorium
901 3389 1098 3466 proeellosum
1116 3409 1203 3449 usum
1221 3406 1284 3449 esse

135 3483 254 3556 poetam
277 3479 346 3539 inde
372 3481 569 3559 cognoscitur,
591 3479 672 3558 quod
693 3481 784 3540 remis
807 3498 842 3538 ex
864 3481 951 3555 parte
972 3480 1074 3556 potuit
1091 3480 1235 3557 nauigare
1253 3482 1285 3538 et

135 3588 229 3645 usque
251 3569 290 3629 ad
312 3569 440 3629 mediam
463 3571 588 3630 noctem.
630 3567 715 3639 Quod
737 3588 797 3628 non
819 3569 947 3645 fecisset,
970 3570 1028 3629 nisi
1052 3587 1180 3644 aequore
1201 3571 1284 3628 tram

135 3659 230 3734 quillo
253 3659 359 3718 diisset
382 3661 413 3719 et
434 3658 552 3736 placido
576 3677 707 3733 seourus3
731 3660 842 3718 etenim
864 3653 958 3718 ὠδῖνα
979 3656 1068 3718 τίκτει
1095 3655 1149 3730 νὺξ
1178 3657 1284 3736 κυβερ-

135 3745 210 3832 νήτῃ
237 3752 326 3830 σοφῷ
376 3748 481 3824 Neque
511 3751 612 3808 tamen
643 3766 733 3809 ausus
764 3751 811 3807 est
837 3747 994 3823 proaedere
1026 3746 1057 3805 in
1089 3746 1200 3805 altum:
1232 3746 1283 3805 sed

135 3839 265 3913 primum
287 3838 363 3916 legit
385 3856 469 3899 oram
492 3835 675 3914 Campaniae
697 3855 791 3913 usque
815 3836 853 3896 ad
876 3836 968 3896 Silari
991 3835 1078 3909 ostia,
1100 3834 1207 3895 deiude
1224 3832 1283 3893 Lu-

136 3928 251 3988 caniae:
278 3930 438 4004 postquam
461 3927 500 3988 ed
522 3925 696 3988 Leuoosiam
718 3927 956 4003 promontorium
978 3926 1141 4000 superauit,
1163 3923 1283 3983 Veliam

135 4018 280 4092 peruenit,
302 4018 370 4076 hine
391 4017 490 4077 media
508 4020 594 4078 noote
613 4017 702 4076 remis
721 4015 904 4075 Palinurum.
941 4014 987 4073 De
1004 4013 1060 4073 hoo
1078 4015 1283 4089 promontorio

135 4106 273 4182 procellis
295 4107 461 4183 perieuloso
484 4106 554 4166 uide
575 4107 753 4181 interpretes
776 4104 814 4164 ad
834 4104 939 4164 Horat.
963 4121 1052 4163 earm.
1071 4101 1167 4177 1114,
1187 4103 1228 4161 28
1253 4105 1284 4163 et

135 4195 239 4255 Vellei.
253 4195 286 4255 11
301 4197 352 4271 79,
371 4197 404 4255 3:
428 4196 487 4256 luit
504 4198 609 4272 portus
628 4187 765 4277 (Dionys.
784 4193 880 4254 Halio.
900 4192 1046 4253 arohaeol.
1064 4192 1080 4251 I
1100 4192 1151 4267 53,
1171 4194 1189 4250 2
1209 4189 1283 4252 κατὰ

135 4282 237 4363 λιμένα
259 4283 311 4345 τὸν
334 4277 540 4367 Παλίνουρον)
562 4283 764 4345 memorabilis
788 4302 824 4343 ea
845 4302 891 4361 re,
917 4281 996 4359 quod
1019 4300 1054 4341 ex
1077 4299 1112 4341 eo
1136 4277 1215 4341 ‘sinu
1237 4301 1282 4341 re·

135 4374 256 4435 oedeute
279 4376 421 4434 traiectus
449 4373 487 4433 ad
511 4373 688 4434 Columnam
712 4373 839 4450 Regiam
858 4370 880 4430 G
899 4392 937 4431 m.
955 4367 996 4448 p.’
1021 4363 1112 4453 (Plin.
1131 4374 1193 4431 nat.
1211 4371 1281 4431 hist.

135 4457 265 4545 11171).
317 4463 413 4541 Prope
439 4467 560 4540 portum
588 4462 764 4541 oppidulum
791 4462 881 4523 fuisse
913 4464 1143 4523 consentaneum
1175 4463 1221 4520 est
1252 4465 1283 4520 ot
