3036 5004
205 370 270 434 254
619 366 721 420 xxvll
740 384 766 421 u.
787 370 936 420 css-roa

207 538 320 617 πήματι
351 537 448 618 πάγχυ
485 536 582 608 δαλζεο
613 533 764 614 ονμὸν’
748 535 800 596 uvi
799 560 833 620 μ,
866 529 929 614 μήτ’
960 533 1056 647 ἐσθλρό
1089 531 1162 615 μέγα
1191 538 1356 615 χαῖρε.-

206 625 381 688 ‘demittunt
424 621 549 686 mentes'
587 626 699 704 Vergil
727 626 800 685 Aen.
829 625 888 685 XII
916 627 995 700 609,
1037 598 1121 684 uicti
1162 624 1358 684 debilitantur

205 718 379 793 animosque
398 711 571 776 demittrmt’
593 715 651 775 Oic.
671 716 707 775 de
726 716 774 774 fin.
789 715 885 774 V42.
922 715 1051 792 Appian.
1070 714 1220 791 prohoem.
1235 733 1299 791 cap.
1316 718 1354 774 11

205 808 240 868 de
263 807 406 867 Romnum
430 802 496 865 obre
520 809 583 877 ταῖς
605 802 777 885 εὐπραγίαις
805 802 993 885 ἐπαιρόμενοι
1015 801 1097 883 μέχρι
1120 803 1248 883 βεβαίως
1270 801 1354 884 ἒιιρολ-

205 913 308 975 τησαν,
332 892 398 955 οὔτε
421 892 642 973 συστελλόμενοι
665 899 728 967 ταῖς
751 898 928 974 συμφοραῖς.

298 979 381 1046 700.
404 985 520 1044 Nonius
537 1005 565 1061 p.
582 985 656 1059 302,
671 986 712 1043 23
734 979 843 1059 Terre,
861 985 934 1061 pati.
960 1032 965 1042 .
982 1030 987 1041 .
1004 1031 1009 1042 .
1028 982 1163 1042 Lucilius
1177 981 1228 1041 lib.
1243 981 1357 1040 XXVII

207 1071 363 1135 “ceterum
381 1075 523 1149 quidquid
541 1076 581 1133 sit
600 1075 672 1149 quid
690 1093 749 1133 non
769 1076 809 1132 sit
826 1075 888 1147 scre
906 1092 1003 1148 aequo
1023 1073 1122 1132 animo
1141 1090 1175 1131 ac
1194 1066 1356 1131 fortiter”.'

204 1166 253 1224 Ita
279 1164 432 1223 Leidensis
459 1184 497 1222 m.
515 1167 547 1222 1:
574 1166 637 1238 fero
665 1162 747 1222 Lm.
764 1162 828 1222 20.
879 1163 1020 1223 Imitatus
1048 1166 1093 1222 cst
1120 1165 1210 1239 poeta
1237 1180 1356 1221 uersum

207 1255 308 1314 Plauti
336 1255 418 1313 Irin.
439 1255 502 1314 994
532 1249 667 1312 ‘coicum
693 1245 752 1334 (ita
779 1251 969 1312 Guilelmius:
1001 1253 1053 1312 scd
1080 1270 1161 1310 erum
1191 1244 1280 1332 codd)
1304 1252 1358 1327 qui

206 1346 255 1419 sis,
283 1346 336 1420 qni
363 1364 423 1403 non
451 1344 506 1418 sis,
533 1342 657 1402 floccum
685 1361 744 1402 non
771 1342 933 1401 interduim
961 1334 1121 1424 (ιίιλατλιινι
1144 1333 1246 1422 codd),
1270 1360 1358 1416 quem

208 1435 307 1493 locum
330 1435 392 1493 iam
415 1433 577 1492 Muellerus
604 1431 701 1492 adfert
724 1432 756 1491 in
779 1431 870 1491 Nonii
898 1431 1035 1491 editione.
1081 1430 1178 1489 Plaut.
1198 1429 1273 1488 Rud.
1293 1432 1356 1489 402

207 1520 289 1602 ‘ergo
308 1525 426 1582 culmus
445 1540 555 1597 aequus
574 1525 729 1598 optumum
749 1526 793 1581 est
812 1540 970 1580 aerumnae
989 1515 1230 1580 condimentum':
1254 1522 1358 1579 contra

208 1613 364 1672 Terentius
387 1611 514 1688 Adelph.
532 1613 573 1669 24
603 1614 831 1686 aequanimitas,
861 1628 951 1684 aequo
974 1613 1073 1669 οτιίιιιο
1095 1611 1220 1686 passImt
1245 1603 1358 1668 ‘adeste

207 1720 302 1778 aequo
331 1696 442 1760 animo'
470 1700 562 1759 Andr.
584 1703 639 1775 24,
668 1695 775 1777 ‘aequo
803 1702 903 1761 animo
932 1695 1019 1760 ferre’
1051 1699 1143 1758 Andr.
1164 1700 1242 1773 397,
1267 1694 1358 1775 ‘quod

207 1793 268 1851 fors
291 1792 376 1865 feret,
400 1792 527 1849 feremus
551 1809 646 1865 aequo
669 1785 780 1848 animo'
805 1789 922 1849 Phorm.
945 1791 1022 1862 138,
1051 1785 1116 1849 ‘uos
1139 1807 1234 1864 aequo
1257 1788 1357 1848 animo

207 1899 303 1957 aequa
334 1898 454 1940 noscere
487 1875 615 1955 oportet'
649 1879 775 1956 Adelph.
796 1881 869 1940 503.
920 1878 1066 1938 Similiter
1097 1877 1241 1938 Laberius
1274 1878 1358 1936 658

209 1967 349 2047 ‘aequum
373 1969 506 2028 animum
525 1969 650 2047 indigna
673 1968 791 2044 iniquat
813 1964 1015 2029 contumelia'.

297 2051 380 2120 701.
403 2058 519 2118 Nonius
541 2060 660 2135 μ362,
681 2061 721 2116 14
747 2054 914 2135 ‘Proprium
937 2078 1055 2117 rursum
1078 2057 1228 2136 significat
1253 2076 1358 2133 perpe·

207 2154 301 2208 tuum.
326 2195 332 2207 .
349 2196 354 2207 .
371 2195 376 2206 .
391 2147 526 2208 Lucilius
540 2147 591 2207 lib.
606 2148 721 2207 XXVII
736 2144 829 2208 “oum
842 2150 936 2208 sciam
952 2194 958 2205 .
975 2196 980 2207 .
997 2196 1002 2206 .
1018 2147 1121 2207 datum
1136 2143 1221 2207 cst’'.’
1258 2146 1358 2206 Verba

207 2238 378 2298 Archilochi
405 2238 461 2296 illa
488 2236 630 2318 γίγνωσκε
661 2231 689 2296 d’
713 2230 775 2310 ολος
803 2237 914 2318 ῥυσμὸς
940 2234 1122 2317 ἀνθρώπους
1154 2234 1210 2316 ἔχει
1242 2239 1358 2313 spectet

207 2332 310 2405 poeta:
334 2327 462 2387 similem
484 2330 591 2404 postea
614 2329 792 2387 sententiam
815 2329 917 2404 posuit
939 2328 990 2387 lib.
1005 2327 1091 2386 XVII
1109 2347 1137 2385 u.
1154 2328 1227 2397 551.

298 2410 380 2478 702.
404 2416 519 2477 Nonius
551 2437 579 2494 p.
601 2419 656 2493 29,
681 2418 722 2476 28
757 2413 957 2476 ‘Mediocritas
990 2417 1119 2477 medium
1139 2462 1145 2473 .
1166 2461 1199 2475 ..
1225 2415 1358 2475 Lucilius

207 2502 682 2584 ub.xxvss“paulohocmeuns
693 2499 1356 2589 (001801υοῖ1).,.ουοτανλομοοανννιιαπ”.’

208 2596 392 2673 Superlatiui
406 2598 503 2657 forma
516 2597 664 2656 uetustior
677 2597 765 2656 facile
780 2595 952 2675 agnoscitur
965 2596 996 2655 in
1015 2596 1191 2672 corruptela.
1226 2595 1357 2655 Verbum

208 2685 430 2746 substantiuum
462 2685 507 2745 bis
540 2687 640 2746 omitti
668 2689 898 2746 consentaneum
926 2689 984 2761 est,
1017 2704 1083 2744 cum
1115 2704 1278 2763 pronomen
1306 2685 1359 2743 hoc

206 2775 253 2835 bis
280 2777 320 2836 sit
347 2775 519 2836 subiectum.
565 2775 637 2834 Noli
665 2777 769 2835 tollere
796 2780 841 2835 ut:
872 2776 1020 2835 sententia
1043 2777 1142 2851 potest
1165 2792 1226 2834 esse
1249 2776 1358 2851 imper-

208 2867 288 2925 fecta
321 2885 412 2942 quam
439 2866 495 2924 hoc
527 2865 615 2925 modo
647 2865 799 2943 suppleas:
833 2861 899 2925 ‘hoc
931 2867 1029 2924 minus
1059 2865 1170 2925 melum
1203 2883 1293 2940 quam
1324 2865 1359 2922 ut

207 2973 379 3032 pessumum
410 2955 542 3014 omnium
575 2954 656 3014 dices
687 2950 856 3015 malorum'.
907 2946 981 3036 (Cic.
1004 2954 1088 3013 Brut.
1115 2955 1156 3013 70
1184 2951 1266 3013 Orat.
1291 2946 1358 3034 41.)

301 3035 383 3105 703.
406 3045 521 3104 Nonius
549 3063 577 3120 p.
595 3047 645 3119 21,
665 3046 685 3102 4
720 3041 863 3103 ‘Cornuus
896 3043 970 3103 dicit
957 3047 1006 3103 tur
1037 3044 1157 3120 proprie
1188 3043 1359 3118 inclinatus,

208 3135 295 3210 quasi
327 3132 406 3209 quod
438 3136 549 3192 terram
580 3090 729 3193 cerdat..
751 3133 940 3193 ..Lucilius
973 3135 1142 3209 satyrarum
1174 3132 1224 3191 lib.
1244 3089 1359 3191 XXVII

209 3219 373 3283 “..modo
390 3223 494 3283 ,σολαο
521 3219 654 3282 cornui''.
658 3181 795 3282 'Idem
823 3244 850 3300 p.
868 3225 941 3298 200,
962 3223 1001 3282 18
1031 3217 1160 3282 Collum
1188 3224 1287 3282 neutri
1313 3225 1360 3281 est

209 3312 391 3392 generis...
411 3313 535 3372 ,collus
567 3313 787 3373 masculino.
809 3313 921 3372 ‚idem
952 3311 1002 3371 lib.
1022 3312 1136 3371 XXVII
1169 3307 1336 3372 “stmodo

208 3403 302 3462 collus
320 3396 447 3461 caub'ffi
451 3397 671 3462 ’Notandum
691 3403 770 3478 quod
786 3404 919 3463 hocloco
935 3401 1159 3479 epudNonium
1179 3401 1229 3462 lib.
1244 3359 1359 3460 XXVII

208 3491 318 3551 Lucilii
346 3491 454 3551 diserte
482 3491 591 3551 dicitur
618 3496 800 3570 satyrarum,
830 3493 909 3568 quod
937 3491 1010 3552 alibi
1038 3494 1167 3552 occurrii
1198 3510 1358 3568 nusquam.

208 3581 277 3640 uide
300 3581 433 3660 prolegg.
452 3600 480 3657 p.
499 3580 690 3640 LXXXVIII.
740 3581 785 3641 De
808 3583 892 3641 modo
919 3581 1014 3642 altero
1042 3584 1140 3658 posito
1172 3601 1227 3659 pro
1258 3580 1358 3640 iambo

208 3670 416 3731 Lachmannus
444 3671 507 3750 egit
533 3672 565 3729 in
592 3669 708 3731 Lucret.
733 3674 888 3730 comment.
907 3692 935 3748 p.
957 3673 1029 3731 140.
1061 3674 1137 3731 141:
1168 3671 1239 3731 conf
1262 3669 1357 3730 Lucil.

208 3760 284 3820 VIII
302 3782 330 3820 u.
347 3762 409 3820 298
433 3760 508 3819 XIII
526 3780 554 3818 u.
570 3761 643 3819 448.
691 3759 825 3820 Caresus
852 3761 924 3837 quid
951 3762 992 3821 sit
1021 3761 1101 3837 apud
1124 3760 1286 3835 Lucilium,
1310 3779 1359 3819 ex-

209 3853 361 3928 posuimus
390 3850 428 3910 ad
454 3850 501 3908 III
524 3870 551 3908 u.
575 3851 645 3908 129.
692 3847 756 3918 Quo
783 3851 849 3910 loco
878 3868 944 3910 cum
971 3868 1088 3910 soccum
1118 3849 1280 3929 significari
1302 3849 1360 3909 hoc

209 3940 354 4001 uocabulo
386 3940 632 4014 intellexerimus,
669 3938 771 4010 eodem
808 3939 895 3999 modo
925 3941 982 4000 hoc
1012 3958 1100 4000 uersu
1133 3939 1223 3999 collus
1259 3942 1360 3998 οοννιιιι·

208 4031 403 4108 intellegatur
426 4028 462 4088 de
485 4046 577 4103 socco,
601 4027 684 4088 cuius
707 4028 800 4088 collus
824 4028 980 4108 angustior
997 4029 1084 4089 modo
1104 4047 1222 4088 sursum
1240 4028 1361 4089 ducitur

210 4138 277 4178 cum
301 4120 400 4178 induis
424 4135 554 4191 soccum,
579 4118 666 4178 modo
690 4118 826 4179 deorsum
850 4139 918 4178 cum
942 4121 1035 4178 exuis:
1063 4120 1174 4178 collum
1197 4120 1360 4195 amphorae

210 4209 377 4286 appellauit
400 4205 474 4267 (lato
498 4207 534 4266 de
557 4226 619 4285 agr.
643 4208 791 4282 cultas,
813 4212 828 4267 1
853 4207 1147 4283 Phaedr.126,10
1171 4203 1261 4286 ‘quae
1290 4227 1359 4268 cum

209 4298 336 4376 lagonae
355 4297 463 4356 collum
482 4297 593 4355 frustra
612 4294 767 4357 lamberet'
792 4297 853 4357 alii.
900 4296 964 4367 Quo
988 4299 1139 4373 pertineat
1165 4300 1361 4376 comparatio,

209 4404 269 4446 nou
304 4388 402 4462 patet:
439 4387 596 4464 suspiceris
633 4387 771 4446 fortunae
807 4387 1027 4447 uicissitudines
1064 4389 1095 4446 et
1126 4389 1361 4450 inconstantiam

210 4477 346 4553 spectari.
