3060 5010
601 379 640 433 XI
658 398 684 433 u.
705 385 855 436 alt-418.
1243 381 1303 446 157

152 567 214 611 esse
233 548 370 608 dubium:
388 539 549 609 bouinator
567 549 640 626 quid
659 548 700 609 sit
718 544 875 610 nescimus.
917 548 1076 627 Oomparcs
1094 549 1166 609 licet
1184 548 1305 630 βουγάιε

151 637 274 698 Homeri
306 638 486 699 uocabulum
518 642 549 698 et
580 637 736 719 βουφάγος
768 640 889 699 similia.
944 639 989 698 De
1020 658 1124 699 uersus
1156 641 1306 716 scriptura

152 727 225 788 haec
248 727 280 787 F.
300 728 416 788 Dousa:
441 723 641 788 ‘Emendabat
657 727 760 787 Pater:
782 730 829 788 bic
852 731 974 788 tricosus
996 730 1145 789 sententia
1167 731 1198 789 et
1216 747 1304 789 uersu

152 819 287 894 exigente
410 837 514 878 uerum
553 817 609 878 Ios.
638 817 772 896 Scaliger
813 818 1034 878 rescribendum
1077 821 1178 878 censet
1216 818 1305 877 Hiccc

152 910 294 982 strigosus
321 908 518 983 autumatque
545 908 706 985 strigosum
735 907 849 967 dictum
872 927 890 967 a
912 908 1030 968 Lucilio
1052 926 1113 968 nou
1136 905 1248 988 ἰσχνὸν,
1271 910 1305 966 ut

151 997 243 1075 uulgo
283 999 458 1074 accipimus,
494 996 546 1057 sed
582 995 800 1056 morabundum
838 1001 884 1056 et·
904 992 1186 1076 tergiuersatorem’.
1245 997 1305 1056 Hic

153 1084 244 1145 Gellii
274 1106 337 1147 esse
364 1086 443 1145 uidit
469 1085 609 1146 Hertzius
638 1088 722 1145 curius
750 1087 821 1146 conf
847 1086 1080 1147 adnotationem.
1126 1087 1159 1146 si
1182 1089 1305 1147 tricosus

152 1175 361 1235 Lachmannus
389 1195 457 1236 oum
479 1175 592 1251 Nonio,
618 1178 698 1235 recte
726 1178 840 1253 opinor.
886 1176 986 1236 Verba
1013 1180 1113 1236 utrum
1137 1175 1176 1236 ad
1200 1175 1305 1236 Granii

152 1267 371 1325 contumaciam
393 1266 564 1343 pertineant
587 1285 624 1325 an
649 1264 688 1324 ad
707 1263 811 1324 Cottae
829 1266 1048 1342 impudentiam
1066 1285 1126 1342 qua
1144 1265 1304 1325 creditores

152 1374 211 1414 non
230 1354 356 1415 curabat
369 1374 428 1414 non
446 1355 557 1432 liquet:
580 1356 635 1414 hoc
654 1357 754 1414 tamen
773 1355 958 1431 probabilius
977 1358 1023 1415 est
1040 1357 1164 1433 propter
1182 1358 1305 1414 tricosus

152 1443 338 1504 uocabulum.
379 1444 545 1521 Respondit
567 1445 620 1503 ille
642 1464 731 1520 quem
754 1445 924 1521 appellarat
943 1444 1043 1504 Cotta:
1067 1448 1101 1505 tu
1124 1446 1305 1520 sitiemus,

152 1533 370 1610 bouinatorqne
400 1553 450 1594 ore
482 1534 635 1611 improbus
667 1533 755 1608 duro,
787 1534 826 1593 ad
857 1534 932 1594 alios
964 1534 1008 1593 ire
1039 1534 1162 1595 meliust
1191 1525 1304 1615 (Plaut.

152 1623 271 1682 Trucul.
292 1615 379 1703 150).
426 1618 475 1704 [In
499 1643 567 1700 app.
586 1625 651 1683 crit
671 1623 756 1683 scrib.
775 1623 852 1684 Non.
871 1644 900 1700 p.
917 1626 968 1698 79,
984 1618 1050 1704 26]

242 1703 325 1774 418.
349 1712 465 1773 Nonius
488 1734 516 1790 p.
537 1714 610 1789 305,
630 1714 671 1773 29
697 1708 802 1772 ‘Fama
825 1716 871 1772 est
893 1733 995 1774 rursus
1018 1715 1166 1773 infamia.
1183 1760 1189 1771 .
1205 1760 1211 1771 .
1226 1713 1304 1773 unde

152 1806 183 1861 et
209 1803 357 1862 famosum
385 1802 498 1861 dictum
526 1805 571 1863 est
602 1803 722 1862 infame.
749 1803 961 1863 ...Lucilius
994 1806 1164 1880 satyrarum
1190 1803 1242 1862 lib.
1261 1802 1305 1862 XI

153 1886 299 1969 “quintus
323 1894 438 1966 opimus
457 1939 463 1951 .
479 1938 485 1951 .
502 1939 507 1950 .
526 1892 567 1951 da
589 1894 699 1953 rectius
726 1887 835 1952 sese”.'
882 1891 1018 1970 Opimius
1042 1894 1203 1963 Reatinus,
1233 1891 1304 1952 dare

155 1980 317 2051 durnecto,
336 1980 389 2040 dat
407 1981 460 2041 cod
473 1981 504 2040 B
521 1981 662 2041 librarius
681 2000 776 2059 neque
794 1985 896 2043 tamen
915 2001 950 2041 ex
965 1983 1127 2059 archetypo
1141 1986 1176 2042 ut
1190 1983 1304 2059 opinor.

151 2071 236 2130 Dare
258 2089 319 2129 sese
341 2073 447 2130 rectius
464 2089 518 2148 pro
551 2090 651 2145 perere
677 2088 708 2131 sc
734 2074 844 2132 rectius
873 2075 908 2130 ut
930 2071 1048 2133 Caelius
1071 2091 1119 2149 ap.
1139 2071 1199 2132 Cic.
1218 2074 1303 2148 epist

152 2159 227 2219 VIII
247 2160 298 2236 15,
318 2162 337 2219 2
358 2156 463 2236 ‘usque
481 2156 621 2238 quaque’‚
644 2162 754 2238 inquis,
776 2157 818 2221 ‘se
837 2160 965 2221 Domitii
983 2162 1061 2220 male
1080 2149 1164 2222 dant’
1186 2161 1303 2221 Terent.

153 2250 228 2309 Eun.
250 2250 313 2309 230
338 2244 460 2309 ‘mirum
483 2252 515 2309 ni
538 2269 593 2329 ego
616 2271 663 2310 me
690 2253 820 2327 turpiter
847 2250 934 2311 hodie
962 2251 1011 2310 hic
1038 2249 1115 2310 dabo
1143 2270 1210 2311 cum
1238 2269 1304 2311 meo

152 2339 302 2416 decrepito
330 2339 385 2399 hoc
413 2335 559 2400 eunucho’
588 2340 700 2418 Vergil.
720 2359 819 2418 georg.
839 2339 854 2398 I
873 2341 936 2400 287
967 2334 1075 2400 ‘mrdte
1102 2340 1176 2400 adeo
1204 2341 1304 2419 gelida

152 2430 259 2488 melius
282 2447 314 2489 se
337 2432 423 2488 nocte
447 2424 573 2490 dedere'.
620 2428 653 2499 Q.
669 2427 806 2506 Opimius
830 2448 887 2490 cos.
908 2424 1062 2509 600s154:
1089 2430 1143 2490 illo
1169 2434 1304 2506 tempore

154 2537 212 2595 quo
230 2518 364 2579 Lucilius
383 2519 434 2578 lib.
449 2519 492 2577 XI
513 2521 635 2595 scripsit
652 2521 719 2577 iam
732 2519 856 2579 obierat.
874 2551 912 2560 -
928 2518 1080 2598 Iugurtini
1098 2521 1185 2595 pater
1202 2515 1304 2595 huus]

151 2607 184 2667 L.
200 2605 326 2684 Opimii,
359 2627 417 2669 cos.
437 2603 575 2689 633s121
610 2608 647 2668 de
676 2628 735 2685 quo
764 2607 885 2667 Sallust.
909 2608 1044 2687 Iugurtli
1066 2609 1105 2667 16
1140 2603 1303 2668 ‘decretum

152 2690 245 2780 (anno
265 2690 420 2780 638J116)
444 2697 479 2757 fit
500 2699 548 2758 uti
571 2697 672 2758 decem
695 2699 788 2777 legati
810 2717 935 2776 regnum
955 2699 1104 2757 ...inter
1126 2695 1304 2776 Iugutham

152 2791 183 2847 et
204 2786 405 2847 Adherbalem
427 2787 604 2848 diuiderent.
651 2789 734 2847 cuius
757 2787 917 2866 legationis
939 2789 1078 2864 princeps
1103 2787 1163 2846 fuit
1180 2786 1214 2846 L.
1229 2785 1303 2864 Opi-

152 2879 244 2952 mins,
271 2876 360 2936 homo
383 2877 481 2937 clarus
510 2880 541 2937 et
567 2881 632 2936 tum
659 2879 692 2937 in
719 2879 825 2937 senatu
852 2876 1304 2954 potens...cum1ugurtha,

151 2968 274 3027 tametsi
296 2967 408 3026 Romae
431 2969 464 3026 iu
486 2969 617 3026 inimicis
640 2967 794 3042 habuerat
817 2969 919 3026 tamen
938 2966 1164 3027 adcuratissime
1182 2968 1303 3043 recepit,

153 3055 250 3115 dando
269 3058 300 3115 et
317 3056 486 3133 pollicendo
505 3057 601 3116 multa
618 3056 752 3133 perfecit
774 3057 822 3116 nti
840 3057 931 3131 fama,
953 3055 1019 3131 fide,
1040 3058 1190 3134 postremo
1209 3058 1302 3115 omni·

152 3144 207 3205 bus
241 3148 302 3207 suis
339 3145 427 3208 rebus
463 3146 651 3207 commodum
686 3147 765 3225 regis
803 3142 985 3205 anteferrct’.
1040 3145 1128 3206 Anno
1162 3140 1303 3226 644s110

154 3230 197 3295 Ὅ.
211 3235 364 3296 Mamilius
391 3236 564 3297 Limetanus
592 3235 730 3296 tribunus
756 3235 853 3313 plebis
880 3236 1066 3314 rogationem
1093 3236 1130 3296 ad
1158 3235 1302 3313 populum

151 3325 333 3404 promulgat,
352 3327 397 3385 uti
416 3330 609 3402 quaereretur
626 3328 658 3385 in
677 3345 736 3400 eos,
755 3345 881 3403 quorum
900 3326 1024 3386 consilio
1041 3325 1188 3405 Iugurtha
1206 3328 1303 3386 senati

153 3416 271 3475 decreta
298 3413 490 3494 neglegisset,
523 3419 633 3495 quique
661 3415 699 3475 ab
727 3435 762 3476 eo
789 3416 821 3475 in
851 3415 1052 3495 legationibus
1084 3418 1138 3475 aut
1168 3417 1302 3493 imperiis

152 3506 293 3582 pecunias
317 3501 510 3583 accepissent'
535 3501 671 3587 (Sallust.
690 3505 826 3585 Iugurth.
845 3500 912 3587 40).
950 3504 1015 3575 Qua
1033 3507 1097 3585 lege
1116 3505 1150 3564 L.
1166 3503 1302 3581 Opimius

153 3595 311 3654 damnatus
335 3586 410 3675 (Oic.
430 3597 514 3656 Brut.
536 3597 599 3655 128
618 3615 673 3673 pro
692 3594 793 3654 Plano.
813 3597 864 3655 69.
885 3586 942 3676 70)
970 3597 1002 3654 in
1030 3596 1119 3654 exilio
1142 3593 1303 3671 Dyrrachii

152 3686 288 3744 mortuus
315 3688 361 3743 est
389 3677 457 3765 (pro
485 3684 560 3746 Sest.
582 3677 668 3765 140).
715 3684 902 3745 Vocabulum
929 3685 1081 3759 Iugurtini
1111 3684 1226 3743 iudicat
1256 3684 1303 3741 in·

152 3773 236 3832 uidia
258 3773 312 3833 illo
335 3777 468 3850 tempore
491 3774 617 3852 flagrare
641 3771 807 3850 Opimium:
833 3793 924 3852 quare
947 3776 1027 3833 inter
1049 3792 1142 3832 annos
1162 3763 1301 3851 638l116

153 3865 184 3922 et
199 3855 340 3942 644s110
359 3864 560 3940 conscriptum
578 3882 640 3923 esse
658 3863 768 3922 librum
782 3864 825 3921 XI
843 3862 1035 3924 statuendum
1054 3865 1119 3923 erit
1151 3860 1303 3921 Debuisse

152 3952 222 4012 uide
246 3970 321 4028 quae
344 3951 473 4013 diximus
497 3953 535 4012 ad
553 3973 581 4011 u.
602 3954 675 4011 413.
688 3983 734 3994 -
747 3956 914 4026 fumosus
934 3954 1062 4013 formum
1080 3951 1136 4010 hoc
1153 3950 1217 4010 solo
1235 3949 1302 4009 loco

152 4043 266 4102 uitauit
292 4043 381 4119 poeta
409 4045 530 4120 propter
556 4042 823 4103 homoeoteleuton.
844 4074 886 4082 —
905 4034 1073 4120 utrumque]
1102 4042 1175 4100 satis
1204 4040 1302 4099 iocose

153 4132 268 4192 dictum
290 4151 345 4208 pro
367 4132 400 4191 id
423 4134 494 4208 quia
516 4151 577 4192 uua
595 4136 626 4192 et
643 4131 799 4192 lasciuiam
817 4132 983 4190 iuuentutis
1001 4133 1032 4190 et
1050 4127 1302 4207 pulchritudinem

153 4224 294 4283 ambram
317 4240 379 4282 esse
403 4221 441 4281 ab
464 4220 584 4300 Opimio
607 4219 757 4300 significat
778 4223 876 4297 poeta.
918 4213 1101 4299 adulscens]
1124 4220 1234 4278 minuu
1257 4221 1303 4280 est

153 4313 208 4372 hoc
226 4311 371 4372 uocabulo
385 4331 482 4388 neque
495 4311 647 4372 Catullum
660 4311 718 4370 nisi
734 4311 784 4385 63,
800 4310 841 4368 63
857 4329 952 4386 neque
965 4308 1125 4370 Horatium
1139 4329 1201 4370 esse
1215 4328 1301 4369 usum

152 4420 248 4478 neque
271 4402 351 4479 apud
370 4400 543 4462 Lucretium
566 4404 597 4461 et
619 4401 751 4460 Ennium
769 4399 891 4459 uidetur
913 4400 1013 4459 extare
1031 4418 1127 4476 neque
1145 4399 1224 4477 apud
1243 4399 1302 4458 ele·

153 4492 270 4568 giarum
284 4494 388 4567 poetas
402 4511 497 4568 neque
511 4491 592 4569 apud
602 4491 768 4570 Vergilium
781 4489 952 4550 Martialem
961 4489 1156 4567 Calpurnium
1168 4488 1302 4549 Persium
