3036 5004
225 332 291 398 320
661 331 737 387 xxx
754 350 782 388 u
798 336 950 390 οοο-οοι.

228 524 256 579 p.
279 502 393 562 123A:
420 495 484 561 ἀλλ’
514 498 640 580 ἄπεχνῶς
662 499 736 561 κατὰ
763 500 814 562 τὸν
833 500 977 561 Αἰσώπου
1006 506 1122 580 μῦθον,
1149 496 1185 562 ὃν
1211 497 1232 580 ἡ
1254 499 1379 582 ἀλώπηξ

225 589 299 672 πρὸς
321 590 374 652 τὸν
396 588 498 651 λεόντα
521 583 582 651 εἷπε
604 588 724 651 καὶτοῦ
743 590 785 663 εἰς
804 591 1016 669 Λακεδαίμονα
1035 591 1214 670 νομίσματος
1231 590 1389 671 εἰσιόντος,

227 677 280 758 μὲν
303 677 338 740 τὰ
362 680 428 760 ἴχνη
448 677 482 739 τὰ
505 678 596 741 ἐκεῖσε
619 677 799 760 τετραμμένα
823 680 908 760 δῆλα,
931 678 1060 754 ἐξιόντος
1083 676 1115 740 δὲ
1138 679 1256 766 οὐδαμῇ
1275 678 1314 742 όν
1334 705 1380 755 τις

225 770 298 830 ἴδοιε
321 770 373 830 sed
396 770 529 829 fabulum
552 772 650 846 ipsam
673 771 821 846 copiosius
844 772 982 830 narrauit
1003 770 1055 829 ille
1075 790 1166 846 quam
1184 772 1280 832 Plato.
1317 771 1379 831 Lu·

224 860 328 920 cilium
350 862 486 936 sequitur
503 859 647 919 Horatius
671 862 757 935 epist.
775 861 791 919 I
812 865 840 936 1,
861 862 901 918 73
927 855 1011 919 ‘olim
1032 859 1111 936 quod
1129 860 1234 936 uulpes
1254 864 1380 939 aegroto

225 953 315 1009 cauta
337 950 417 1008 leoni
440 948 602 1025 rospondit,
625 950 765 1008 referam:
790 944 886 1025 “quia
908 968 956 1008 mc
978 950 1108 1027 uestigia
1131 952 1253 1025 terrent,
1276 953 1382 1011 omnia

224 1042 254 1097 te
270 1039 428 1098 aduersum
441 1040 618 1115 spectantia,
633 1038 717 1097 nulla
730 1033 939 1099 retrorsum”.'
972 1038 1062 1115 Apud
1076 1039 1221 1098 Babrium
1236 1040 1295 1099 lab.
1312 1042 1378 1099 103

224 1128 272 1187 leo
301 1146 389 1187 senex
417 1129 516 1187 aetate
545 1130 590 1188 est
622 1129 787 1205 coniectus,
819 1147 877 1187 non
906 1147 1012 1188 reuera
1039 1130 1117 1187 iacet
1144 1132 1298 1207 aegrotus,
1327 1130 1381 1190 sed

225 1218 348 1276 simulat
371 1237 401 1277 se
426 1237 488 1278 esse
512 1219 682 1296 aegrotum:
705 1213 780 1278 λέων
802 1210 849 1277 ἐπ’
875 1213 971 1298 ἄγρην
994 1215 1092 1278 οὐκέτι
1114 1215 1232 1278 σθένων
1250 1218 1380 1297 βαίνειν,

224 1309 322 1389 πολλῷ
342 1303 398 1387 γὰρ
421 1302 480 1384 ἤδη
503 1310 543 1389 τῷ
563 1305 658 1389 χρόνῳ
681 1305 845 1387 γεγηράκει,
868 1307 970 1384 κοίλης
992 1304 1048 1367 ῖσω
1072 1305 1241 1387 σπήλνγνος
1264 1299 1313 1367 οἷό
1335 1330 1381 1380 τις

224 1395 324 1480 νούσῳ
347 1394 469 1472 κάμνων
491 1388 612 1456 ἕκέκλιι’
638 1388 785 1478 (ἐβέβληῖ
811 1388 944 1477 Suidas),
967 1394 1023 1456 οὐκ
1045 1392 1157 1474 ἀληθὲς
1185 1392 1381 1475 ἀσθμαίνωνε

226 1485 330 1544 eodem
353 1484 441 1546 modo
465 1484 556 1545 schol.
575 1485 652 1544 Plat.
671 1485 767 1545 Aloib.
786 1485 806 1544 l.
825 1505 848 1546 s.
867 1503 889 1545 s.
913 1482 987 1545 λέων
1010 1483 1050 1563 μη
1074 1478 1136 1558 οἷός
1158 1507 1187 1546 τε
1211 1483 1261 1546 διὰ
1283 1494 1381 1567 γῆρας

225 1572 370 1653 θηρεύειν
389 1569 432 1633 ὢν
450 1578 651 1653 προσεποιεῖτο
669 1578 768 1634 νοσεῖν
786 1575 858 1634 Fab.
878 1574 985 1652 Aesop.
1004 1576 1067 1634 246
1078 1574 1177 1634 Halm.
1197 1573 1270 1636 λέων
1288 1577 1380 1656 γηρά-

226 1680 279 1736 σας
299 1711 305 1721 .
322 1710 349 1722 ..
370 1661 608 1743 παραγενόμενος
637 1663 691 1735 εἴς
710 1686 737 1723 τι
769 1663 914 1741 σπήλαιον
945 1662 995 1723 καλ
1026 1661 1159 1724 ἐνταῦθα
1191 1663 1382 1739 κατακλιθεὶς

226 1751 695 1917 προσᾛὲῗολῖτοὸόῖοόοσόῦῖόῖλ,
710 1844 752 1901 20
781 1838 931 1922 ‘Porrigo‚
963 1820 1060 1903 morbi
1092 1861 1193 1923 genus.
1243 1843 1380 1904 Lucilius

225 1930 276 1989 lib.
291 1931 374 1989 XXX
388 1926 530 1991 “tristem
550 1977 600 1988 ...
620 1926 787 2007 plenum''.'
829 1931 958 1992 Leonem
977 1933 1105 1992 describi
1123 1934 1234 1993 conicit
1252 1931 1380 1993 Guiliel·

225 2039 292 2080 mus
310 2019 329 2078 l.
345 2038 368 2079 s.
383 2040 404 2080 s.
424 2040 453 2096 p.
469 2022 509 2080 37
530 2021 717 2099 aegritudine
739 2024 865 2096 tristem,
890 2025 1066 2098 corruptum
1089 2022 1196 2098 scabie,
1215 2024 1381 2101 porriginis

225 2110 355 2186 plenum.
406 2110 451 2168 De
483 2111 635 2188 porrigine
668 2108 742 2170 (lels.
761 2111 805 2169 VI
831 2115 864 2186 2,
895 2111 932 2171 de
964 2111 1062 2172 scabie
1092 2111 1171 2171 idem
1202 2111 1306 2187 Vas,
1329 2114 1379 2172 16.

225 2200 377 2276 porrigine
400 2197 560 2259 Onionsius
583 2219 682 2259 errore
705 2202 740 2260 ut
762 2199 891 2260 uidetur.

314 2279 399 2348 983.
414 2288 530 2349 Nonius
544 2309 573 2365 p.
587 2290 658 2364 126,
671 2292 710 2349 31
729 2285 883 2364 ‘Inluuies,
897 2292 1007 2351 sordes.
1028 2337 1069 2349 ...
1084 2290 1219 2351 Lucilius
1234 2291 1285 2350 lib.
1296 2291 1381 2350 XXX

227 2371 387 2453 “inluuies,
403 2424 409 2435 .
426 2424 431 2435 .
447 2424 453 2437 .
472 2378 595 2453 denique
608 2382 670 2452 spei
684 2375 924 2439 conscendere''.’
965 2381 1048 2440 Idem
1068 2401 1096 2457 p.
1110 2382 1233 2454 160,17
1250 2375 1381 2459 ‘Petigo,

225 2486 318 2545 genus
350 2467 454 2527 morbi.
505 2467 637 2528 Lucilius
669 2468 721 2527 lib.
740 2469 822 2527 XXX
849 2463 1005 2530 “inluuies
1029 2516 1035 2527 .
1056 2515 1089 2528 ..
1117 2470 1239 2544 denique
1275 2473 1381 2548 petn'go

227 2552 467 2616 conscendere''.'
514 2558 604 2631 deque
626 2561 723 2632 polipo
745 2558 913 2633 Fraterius‚
943 2578 1003 2636 quo
1031 2559 1068 2619 de
1089 2559 1237 2619 uocabulo
1260 2558 1381 2620 Keilius

224 2648 398 2706 testimonia
431 2647 559 2706 contulit
588 2647 625 2705 ad
660 2646 722 2707 (lat.
753 2647 789 2706 de
822 2667 884 2726 agr.
908 2649 978 2709 cult
1000 2650 1138 2723 157,16
1171 2651 1382 2709 commentarii

225 2737 347 2811 μ182.
403 2736 493 2795 Recte
530 2736 656 2796 adnotat
691 2735 914 2798 Lachmannus:
952 2733 1161 2798 ‘Conscendere
1192 2740 1302 2808 oculos,
1340 2739 1380 2798 ad

226 2824 328 2885 oeulos
352 2845 388 2883 ex
410 2825 602 2885 inferioribus
625 2826 762 2902 partibus
785 2829 918 2904 corporis
941 2827 1099 2888 ascendere
1122 2821 1216 2904 puto'.

315 2907 398 2974 985.
422 2913 539 2973 Nonius
560 2935 588 2991 p.
605 2916 678 2988 289,
695 2917 734 2975 16
756 2910 944 2991 ‘Deductum,
963 2917 1160 2991 deminutum,
1178 2935 1379 2994 suppressum.

224 3001 359 3062 Lucilius
374 3001 424 3061 lib.
434 3003 515 3061 XXX
530 2997 682 3064 “deducta
697 3009 765 3065 tamo
779 2999 835 3086 (ita
850 3006 878 3064 L
887 3026 925 3066 m.
935 3012 970 3066 1:
983 3007 1211 3066 deductathunc
1224 3025 1262 3065 m.
1271 3009 1329 3067 2et
1340 3006 1379 3077 G,

224 3095 289 3150 tum
308 3084 535 3173 Luclemaauus)
558 3111 630 3152 uoce
650 3094 709 3154 leo:
732 3112 804 3154 «our
825 3098 860 3154 tu
882 3098 949 3172 ipsa
968 3098 1070 3156 uenire
1088 3116 1148 3155 non
1166 3097 1213 3156 uis
1230 3091 1380 3155 huo?›''’

225 3179 302 3239 Sunt
325 3180 416 3240 uerba
438 3180 533 3242 leonis
556 3183 593 3242 ad
612 3183 809 3259 uulpeoulam.
851 3186 974 3245 deductu
996 3204 1066 3245 uoce
1084 3184 1157 3263 quid
1176 3188 1217 3245 sit
1235 3190 1380 3246 enarrant

224 3271 401 3346 interpretes
430 3270 468 3329 ad
491 3270 625 3349 Propert.
639 3272 671 3332 H
691 3275 747 3346 33,
762 3275 803 3334 38
829 3267 871 3333 ‘et
897 3294 964 3334 mea
992 3275 1120 3335 deducta
1146 3277 1279 3334 carmina
1303 3294 1379 3335 uoce

224 3354 322 3437 legis’,
353 3361 526 3420 testimonia
558 3362 681 3440 collegit
706 3362 836 3423 Macrob.
860 3364 1097 3438 Saturn.V14‚
1119 3367 1158 3425 12
1192 3366 1246 3443 qui
1278 3364 1380 3424 adfert

224 3467 326 3508 uorsus
360 3447 512 3509 Cornificii
544 3443 644 3532 (PRF
676 3472 705 3528 p.
722 3454 784 3512 325
795 3446 850 3535 Β),
887 3453 1006 3512 Afranii
1039 3445 1184 3535 (34010),
1218 3453 1380 3530 Pomponii

225 3529 281 3618 (57
294 3530 333 3618 a)
369 3534 484 3598 ‘uocem
516 3539 645 3600 deducas
678 3544 804 3618 oportet,
835 3544 871 3601 ut
901 3543 1061 3602 uideantur
1093 3543 1227 3602 mulieris
1260 3539 1378 3603 uerba’:

225 3626 353 3687 Babrius
390 3627 426 3687 de
464 3628 549 3688 leone
583 3631 700 3703 103,5
733 3629 841 3708 φωνὴν
871 3631 995 3710 βαρεῖαν
1026 3628 1214 3714 προσποιηιὰ
1250 3631 1377 3691 λεπτό-

224 3738 310 3794 νων,
346 3717 458 3795 Vergil.
483 3718 573 3796 eclog.
592 3719 636 3777 VI
661 3720 679 3778 5
713 3714 885 3779 ‘deductum
921 3720 1019 3781 dicere
1051 3716 1191 3797 carmeu’,
1223 3721 1276 3781 ubi
1309 3720 1379 3781 Ser-

223 3807 291 3864 uius
327 3800 440 3880 tenue,
471 3807 630 3868 translatio
667 3827 686 3868 a
715 3809 785 3868 lana
817 3828 893 3886 quae
926 3810 1081 3871 deducitur
1112 3813 1145 3870 in
1175 3807 1378 3871 tenuitatem'.

224 3894 313 3954 Babr.
336 3895 356 3954 l.
371 3914 393 3955 s.
408 3914 430 3955 s.
452 3898 491 3956 13
508 3915 588 3974 seqq.
617 3901 711 3975 χοῖρε,
743 3897 867 3976 φιλτάτη
900 3895 990 3982 (piac.
1042 3900 1071 3959 τί
1100 3894 1128 3959 d'
1151 3899 1188 3961 οὖ
1215 3897 1378 3986 προσέρχη,

224 3983 376 4064 μακρόθεν
401 3981 433 4044 δέ
456 4007 490 4064 με
514 3983 636 4070 σκέπιης
660 3985 766 4067 δεῦρο,
793 3991 927 4068 γλυκεῖα,
954 3989 1007 4049 καί
1033 4012 1066 4068 με
1095 3990 1241 4062 ποικίλοις
1263 3990 1379 4067 μύθοις

225 4071 436 4153 παρημόρησον
459 4071 545 4155 ἐγγὺς
564 4071 634 4134 όντοι
653 4085 705 4155 τῆς
724 4077 837 4156 μοίρης.
874 4079 910 4137 In
928 4098 997 4157 app.
1016 4098 1055 4139 or.
1075 4079 1163 4139 adde:
1186 4081 1323 4139 deductct
1341 4077 1377 4140 G.

314 4155 399 4224 987.
429 4164 544 4223 Nonius
581 4185 609 4241 p.
631 4167 708 4239 143,
728 4167 769 4226 33
808 4162 986 4248 ‘Noenu[m]
1023 4189 1077 4246 pro
1115 4189 1182 4229 non.
1241 4168 1378 4230 Lucilius

224 4250 275 4309 lib.
290 4251 371 4309 XXX
403 4246 478 4311 “sed
510 4256 612 4314 tumen
644 4255 700 4315 hoc
732 4255 814 4316 dicas
842 4256 914 4333 quid
942 4262 983 4317 est
1009 4262 1036 4317 si
1062 4276 1188 4318 νιοοιιιιικ
1215 4259 1379 4320 molestum

224 4335 315 4398 cst'’.'
356 4343 427 4412 quid
448 4344 487 4401 sit
504 4342 663 4418 Santonus,
686 4345 758 4419 quid
774 4351 833 4405 rest
850 4345 1058 4406 Lachmannus
1077 4350 1108 4406 in
1130 4346 1246 4408 Lucret.
1265 4351 1379 4423 p150

224 4430 291 4487 init.
315 4429 456 4509 Eleganti
478 4431 535 4492 hoo
558 4436 589 4492 et
611 4433 725 4494 urbano
749 4453 883 4495 samone
906 4438 1002 4496 utitur
1028 4437 1196 4513 uulpecula‚
1218 4439 1251 4495 ni
1273 4437 1380 4500 fallor:
