3000 5002
514 331 611 386 1115515.
632 331 688 386 sed.
709 349 735 385 u.
758 337 941 387 1280-1281.
1241 335 1307 399 405
1371 398 1376 406 ,

160 501 309 562 Ciceronis
336 501 520 578 Philippicis.
566 500 731 561 llasculino
759 520 867 580 genere
896 500 962 561 cum
990 506 1135 576 55515515
1166 504 1310 563 traditum

158 593 208 665 sit,
225 592 376 651 hominem
394 591 454 650 dici
471 591 612 649 55551515
629 592 766 667 apertum
786 593 832 650 885
848 592 940 666 15555
958 593 1015 651 555
1034 592 1099 668 ipsa
1113 592 1311 671 ambignitate

158 700 248 757 quem
277 679 378 740 Cicero
406 681 536 739 testatur
561 681 659 738 iocum
687 678 836 756 Scipionis
863 683 949 756 patet
975 685 1119 741 constare.
1170 684 1311 757 configere

156 771 276 847 proprie
313 770 425 829 dicitur
461 769 497 828 de
534 770 654 847 sagittis
690 768 761 828 iude
798 787 816 827 8
848 768 950 829 Plauti
982 772 1082 830 aetate
1114 762 1198 851 (Aul.
1221 763 1310 850 395),

156 859 302 920 translate
339 857 398 919 (115.
426 857 555 935 Philipp.
576 858 637 917 XII
662 859 696 933 7,
720 860 761 918 18
805 854 1013 937 ‘meminerant
1053 861 1117 919 eius
1153 862 1310 921 sententiis

156 949 303 1012 confixum
331 943 517 1021 Antonium'3
545 950 690 1020 5551155511
717 944 815 1025 fecere
843 951 877 1008 55
903 951 1026 1009 missum
1054 949 1151 1009 facere
1175 950 1235 1009 alia
1258 942 1309 1030 (de

156 1039 264 1114 quibus
292 1038 363 1096 conf
385 1036 532 1096 Heulerus
561 1035 598 1095 ed
621 1037 738 1096 Terent
758 1035 876 1096 Phorm.
897 1030 976 1118 559)
1005 1039 1141 1116 uulgaris
1165 1039 1308 1099 sermonis

155 1131 202 1187 est
218 1129 386 1205 proprium:
406 1127 523 1186 Terent.
544 1125 651 1185 Heeut.
672 1127 733 1186 341
756 1122 939 1202 ‘ademptum
955 1125 1011 1187 tibi
1027 1129 1087 1187 iam
1104 1129 1173 1188 fexo
1191 1146 1309 1188 omnem

155 1213 289 1276 metum'.
335 1215 462 1275 Videtur
485 1214 586 1292 Scipio
619 1215 720 1295 ludere
744 1214 883 1298 Decium,
914 1216 994 1292 quod
1026 1234 1135 1295 magno
1165 1217 1250 1276 biatu
1278 1220 1309 1279 et

154 1307 277 1366 summis
301 1323 371 1366 5858
395 1304 509 1364 5111555
532 1304 563 1364 15
586 1305 737 1364 5511115815
760 1305 920 1380 paruulum
944 1305 1071 1383 sagittas
1094 1324 1162 1365 8588
1175 1299 1307 1385 deriget,

154 1395 244 1454 simul
269 1394 315 1454 ita
337 1393 468 1455 confidet
490 1396 553 1454 erte
577 1413 631 1454 sue
654 1396 685 1453 et
707 1394 801 1453 oculis
825 1396 859 1453 ut
881 1395 930 1454 nel
953 1396 1093 1454 nuculem
1112 1394 1263 1474 configere
1276 1415 1307 1456 se

153 1503 237 1561 posse
275 1484 376 1544 credet
411 1483 506 1544 588518
542 1483 605 1542 8518
641 1484 781 1544 oratoriis
814 1490 890 1559 quae
922 1484 1127 1561 appellentur:
1163 1484 1233 1544 uide
1266 1485 1304 1544 ad

153 1574 420 1635 111551551317.
457 1574 564 1632 cornici
586 1573 702 1632 5551515
725 1574 866 1648 55515518
888 1573 1039 1649 prouerbii
1058 1574 1124 1634 loco
1142 1572 1252 1634 dicitur
1270 1574 1307 1634 de

153 1683 211 1741 quo
235 1664 306 1724 conf
317 1661 390 1722 Otto
408 1662 446 1722 de
463 1661 601 1738 prouerb.
616 1682 644 1738 p.
659 1662 693 1720 R.
708 1679 730 1721 s.
746 1682 773 1721 u.
792 1664 901 1721 corne.
933 1663 1002 1721 Nur
1020 1659 1105 1722 55551
1123 1663 1304 1742 1155515155

152 1753 293 1833 παίγνιον
314 1750 466 1831 εὐστοχίης
490 1751 545 1810 ΑΡ
564 1751 606 1810 IX
626 1753 654 1810 3.
696 1750 922 1810 Praenestinum
941 1754 1146 1812 contumacem
1165 1752 1306 1812 describit

152 1842 257 1902 Horat.
280 1848 367 1902 85115.
392 1841 465 1915 17,
490 1841 546 1900 28:
573 1840 624 1900 sed
651 1839 730 1900 5555
757 1840 908 1901 Nuculam
940 1839 1047 1900 Lucilii
1077 1840 1304 1902 Praenestinum

153 1932 244 1992 fuisse
270 1934 401 1991 statuere
424 1948 483 1990 non
507 1933 634 2007 eportet.
690 1964 692 1968 ·

244 2013 350 2081 1281.
373 2020 470 2079 Varro
492 2019 528 2077 de
547 2019 651 2097 lingua
661 2018 780 2079 ’1551115
798 2019 875 2079 libro
894 2018 952 2077 VII
973 2020 1015 2078 30
1035 2014 1136 2095 ‘Apud
1156 2017 1304 2080 Lucilium

153 2105 250 2185 “quid
273 2109 329 2168 tibi
353 2128 408 2188 ego
427 2109 568 2186 ambages
586 2108 687 2168 emble
706 2101 857 2189 (impressi
876 2101 1013 2188 Ambtei)
1033 2108 1159 2168 scribere
1182 2105 1304 2171 eoner''.

151 2199 318 2274 proiectum
351 2218 368 2258 a
395 2198 487 2257 uerbo
512 2197 618 2273 ambe,
651 2198 730 2274 quod
758 2200 836 2257 inest
863 2199 895 2255 in
923 2197 1038 2257 ambitu
1066 2202 1096 2257 et
1123 2194 1303 2260 ambitioso'·.

151 2285 325 2346 Ambiuium
361 2287 542 2363 Turpionem
579 2284 703 2345 Geecilii
739 2289 770 2345 55
806 2287 938 2345 Terentii
975 2286 1149 2346 histrionem
1181 2291 1305 2365 propter

150 2378 293 2454 temporis
312 2378 459 2435 rationem
477 2376 533 2436 hoc
550 2377 616 2435 loco
630 2374 767 2453 intellegi
781 2394 838 2434 non
854 2394 940 2453 posse
954 2375 1103 2435 intellexit
1121 2376 1303 2436 Ritechelius

151 2464 270 2542 Pererg.
290 2467 322 2524 in
350 2464 393 2523 Pl.
412 2469 444 2524 et
466 2465 532 2523 Ter.
556 2485 584 2541 p.
602 2464 664 2524 187
693 2464 807 2525 ednot:
838 2482 935 2540 neque
967 2466 1085 2524 constat
1116 2465 1152 2524 de
1184 2466 1303 2525 nomine

152 2554 286 2614 51551511
307 2555 364 2614 555
387 2574 415 2613 5.
439 2553 483 2613 De
507 2555 677 2630 quantitate
699 2555 711 2613 i
733 2552 849 2613 mediae
872 2553 940 2612 uide
964 2564 1041 2628 quae
1063 2554 1187 2632 collegit
1205 2574 1239 2613 ex
1258 2556 1302 2614 in·

151 2643 363 2721 scriptionibus
378 2642 513 2719 exempla
528 2641 695 2703 Guilelmus
705 2642 829 2702 Schulze
841 2637 914 2701 ‘Zur
922 2641 1097 2702 Geschichtc
1111 2637 1303 2704 lateinischer

150 2729 365 2812 hiigennamen’
385 2731 624 2812 Abhandlungen
643 2732 696 2792 der
709 2732 744 2791 K.
755 2730 822 2792 Ges.
832 2731 885 2791 der
894 2731 1073 2791 Wissensch.
1083 2751 1106 2790 z.
1119 2724 1302 2811 Goettingen

150 2821 227 2884 Phil.
241 2821 312 2882 Hist
334 2821 439 2881 Klasse
454 2821 481 2877 V
497 2825 515 2880 9
532 2815 650 2903 (1904)
669 2843 697 2899 p.
714 2826 754 2881 1111
775 2821 883 2898 quibus
901 2839 955 2897 pro
973 2821 1064 2899 longe
1082 2822 1153 2898 poni
1168 2823 1301 2881 uocalem

149 2912 282 2988 potuisse
311 2911 466 2970 cuincitur.
516 2911 621 2987 158555
650 2911 823 2971 5555515515
850 2910 973 2970 Ambiori
1002 2910 1163 2970 tolerari
1154 2931 1184 2969 15
1213 2931 1301 2971 55185

150 3003 283 3078 apparet
328 2998 966 3078 1558515,15551555855,5151511155588
993 3003 1024 3058 et
1050 3018 1145 3078 nugas
1173 3000 1301 3111 hominis

149 3092 197 3151 uel
220 3092 373 3151 hominum
396 3089 517 3150 illorum
541 3090 678 3166 equidem
702 3109 789 3149 coner
811 3089 946 3149 scribere.

240 3171 347 3241 1282.
367 3177 481 3239 Gellius
499 3179 546 3239 III
568 3181 616 3254 14,
636 3181 655 3238 8
677 3175 844 3239 ‘dimidium
864 3197 935 3238 uero
953 3181 1007 3252 585,
1025 3196 1085 3236 555
1104 3178 1210 3255 quod
1203 3173 1299 3255 ipsum

148 3269 337 3330 dimidiatum
366 3273 423 3344 885,
451 3269 503 3330 scd
531 3289 607 3347 quae
635 3288 669 3327 51(
696 3268 854 3328 dimidiato
883 3287 953 3345 pers
981 3268 1085 3330 altera,
1105 3272 1218 3327 585...
1249 3262 1299 3351 (9)

148 3362 250 3437 158555
279 3359 412 3420 Lucilius
440 3359 542 3419 eadem
571 3360 690 3418 secutus
717 3350 830 3438 (151511.
850 3377 877 3415 u.
900 3348 1000 3433 1341)
1030 3352 1114 3415 “uno
1141 3358 1299 3417 55515...

148 3442 281 3527 porcus''
309 3451 340 3508 55
368 3449 428 3508 5115
455 3448 520 3508 1555
545 3443 675 3524 “quidni
702 3452 733 3507 et
759 3438 847 3528 (5551
866 3446 916 3505 115.
930 3446 1029 3505 XXVI
1047 3466 1075 3504 u.
1097 3440 1176 3527 649)
1200 3451 1299 3507 scruta

149 3538 268 3615 quidem
288 3542 322 3597 55
340 3538 452 3597 uendet
466 3541 492 3598 et
505 3539 668 3597 scrutarius
682 3537 788 3597 laudet
801 3537 1001 3613 praefractam
1015 3528 1214 3615 (praelectam
1232 3529 1299 3617 VR)

148 3629 294 3706 strigilem
309 3627 419 3687 soleam
434 3627 576 3704 inprobus
590 3620 824 3687 dimidiatam’'.’
863 3625 1015 3685 Charisius
1030 3623 1149 3702 GLIp.
1162 3627 1235 3699 126,
1246 3624 1298 3685 41(

148 3712 278 3777 ‘Glauim
301 3717 439 3777 Tibullus
459 3708 825 3797 ‹114‚31)srriguin
845 3733 962 3792 555558
981 3712 1123 3786 Lucilius,
1148 3711 1242 3774 Varro
1262 3710 1298 3774 de
1350 3705 1356 3716 ’

147 3803 306 3880 poematon
330 3798 401 3886 (815)
425 3806 455 3865 11
479 3807 592 3881 lentim,
615 3805 694 3882 quod
722 3823 824 3865 eorum
847 3795 1001 3864 nominum
1025 3803 1175 3864 ablatiuus
1198 3805 1298 3882 siugu-

147 3896 220 3954 laris
243 3896 274 3953 in
293 3894 305 3952 i
323 3889 403 3953 erit’.
445 3895 533 3972 Apud
553 3894 705 3954 Tibullum
724 3895 742 3954 l.
758 3915 780 3956 8.
794 3913 817 3955 8.
836 3893 911 3955 codd
932 3911 1033 3952 omnes
1052 3894 1178 3952 elecem:
1195 3894 1297 3969 itaque

147 3985 178 4042 in
206 3983 316 4050 Lucilii
344 4004 372 4042 u.
396 3985 532 4059 strigtlim
568 3985 762 4044 uetustiorem
799 3986 829 4042 et
860 3983 1011 4042 meliorem
1031 3974 1202 4041 'lectionem
1234 4000 1297 4042 esse

147 4073 235 4132 facile
266 4072 433 4132 credideris.
489 4072 658 4133 Scrutarius
693 4071 888 4152 5551555151
926 4090 1012 4147 quem
1050 4071 1155 4132 dicunt
1191 4069 1297 4131 Graeci

146 4162 282 4222 Velleius
305 4162 357 4221 ille
375 4161 463 4222 Mene
481 4162 540 4220 fuit
558 4180 647 4238 quem
664 4165 811 4221 memoret
830 4160 934 4219 lieret.
954 4159 1039 4236 epist.
1058 4160 1074 4219 Ι
1094 4161 1123 4233 7,
1144 4161 1184 4219 65
1210 4157 1297 4221 ‘uilia

145 4252 323 4311 uendentem
341 4252 475 4311 tunicato
490 4255 590 4311 scruta
604 4247 743 4327 popello’.
781 4249 893 4309 Vendit
901 4248 1069 4311 5515181158
1085 4245 1294 4325 ‘praefractam

145 4335 310 4420 strigilim':
333 4341 459 4401 fractam
483 4359 609 4400 mercem
631 4339 799 4417 improbam
823 4341 854 4399 55
875 4337 1024 4414 perditam
1049 4337 1198 4398 uocabant
1220 4359 1296 4399 mer·

146 4433 260 4490 catores
294 4422 410 4510 (quen.
429 4429 472 4489 IV
493 4423 563 4511 33):
588 4423 710 4490 ‘soleam
747 4421 957 4502 dimidiatam’,
988 4429 1071 4488 cuius
1109 4430 1140 4487 et
1175 4447 1297 4506 comper
