<?xml version="1.0" encoding="UTF-8"?>
<!DOCTYPE html PUBLIC "-//W3C//DTD XHTML 1.0 Transitional//EN"
    "http://www.w3.org/TR/xhtml1/DTD/xhtml1-transitional.dtd">
<html xmlns="http://www.w3.org/1999/xhtml" xml:lang="en" lang="en">
 <head>
  <title>
</title>
<meta http-equiv="Content-Type" content="text/html;charset=utf-8" />
  <meta name='ocr-system' content='tesseract 3.04.00' />
  <meta name='ocr-capabilities' content='ocr_page ocr_carea ocr_par ocr_line ocrx_word'/>
</head>
<body>
  <div class='ocr_page' id='page_1' title='image "./cluciliicarminu00lucigoog_0207.png"; bbox 0 0 3060 5010; ppageno 0'>
   <div class='ocr_carea' id='block_1_1' title="bbox 220 359 990 434">
    <p class='ocr_par' dir='ltr' id='par_1_1' title="bbox 220 359 990 434">
     <span class='ocr_line' id='line_1_1' title="bbox 220 359 990 434; baseline 0.003 -12"><span class='ocrx_word' id='word_1_1' title='bbox 220 365 285 434; x_wconf 71' lang='lat'>174</span> <span class='ocrx_word' id='word_1_2' title='bbox 711 367 774 423; x_wconf 81' lang='lat' dir='ltr'>xiv</span> <span class='ocrx_word' id='word_1_3' title='bbox 792 387 820 431; x_wconf 75' lang='lat' dir='ltr'>u</span> <span class='ocrx_word' id='word_1_4' title='bbox 839 374 901 433; x_wconf 75' lang='lat' dir='ltr'>aee,</span> <span class='ocrx_word' id='word_1_5' title='bbox 986 359 990 367; x_wconf 83' lang='lat'>&#39;</span> 
     </span>
    </p>
   </div>
   <div class='ocr_carea' id='block_1_2' title="bbox 217 531 1366 889">
    <p class='ocr_par' dir='ltr' id='par_1_2' title="bbox 217 531 1366 889">
     <span class='ocr_line' id='line_1_2' title="bbox 308 531 1366 622; baseline 0.003 -25"><span class='ocrx_word' id='word_1_6' title='bbox 308 531 392 600; x_wconf 79' lang='lat'>466.</span> <span class='ocrx_word' id='word_1_7' title='bbox 420 536 541 599; x_wconf 89' lang='lat' dir='ltr'>Seruius</span> <span class='ocrx_word' id='word_1_8' title='bbox 569 543 674 599; x_wconf 88' lang='lat' dir='ltr'>auctus</span> <span class='ocrx_word' id='word_1_9' title='bbox 701 539 740 600; x_wconf 92' lang='lat' dir='ltr'>ad</span> <span class='ocrx_word' id='word_1_10' title='bbox 766 538 894 618; x_wconf 81' lang='lat' dir='ltr'>Vergilii</span> <span class='ocrx_word' id='word_1_11' title='bbox 921 538 1059 618; x_wconf 89' lang='lat' dir='ltr'>georgica</span> <span class='ocrx_word' id='word_1_12' title='bbox 1082 538 1125 599; x_wconf 86' lang='lat' dir='ltr'>IV</span> <span class='ocrx_word' id='word_1_13' title='bbox 1149 541 1213 600; x_wconf 79' lang='grc'>387</span> <span class='ocrx_word' id='word_1_14' title='bbox 1243 533 1313 622; x_wconf 69' lang='lat' dir='ltr'>(aar</span> <span class='ocrx_word' id='word_1_15' title='bbox 1335 542 1366 600; x_wconf 93' lang='lat' dir='ltr'>in</span> 
     </span>
     <span class='ocr_line' id='line_1_3' title="bbox 219 623 1366 712; baseline 0.001 -24"><span class='ocrx_word' id='word_1_16' title='bbox 219 627 381 705; x_wconf 74' lang='lat' dir='ltr'>Carpathio</span> <span class='ocrx_word' id='word_1_17' title='bbox 413 629 547 705; x_wconf 80' lang='lat' dir='ltr'>Neptuni</span> <span class='ocrx_word' id='word_1_18' title='bbox 576 630 695 708; x_wconf 78' lang='lat' dir='ltr'>gurgite</span> <span class='ocrx_word' id='word_1_19' title='bbox 728 623 827 712; x_wconf 88' lang='lat' dir='ltr'>uates)</span> <span class='ocrx_word' id='word_1_20' title='bbox 860 625 1049 705; x_wconf 62' lang='lat' dir='ltr'>‘Carpathiu</span> <span class='ocrx_word' id='word_1_21' title='bbox 1081 628 1239 708; x_wconf 89' lang='lat' dir='ltr'>Aegyptio.</span> <span class='ocrx_word' id='word_1_22' title='bbox 1296 630 1366 691; x_wconf 90' lang='lat' dir='ltr'>Car-</span> 
     </span>
     <span class='ocr_line' id='line_1_4' title="bbox 217 718 1365 796; baseline 0.002 -20"><span class='ocrx_word' id='word_1_23' title='bbox 217 718 325 794; x_wconf 88' lang='lat' dir='ltr'>pathos</span> <span class='ocrx_word' id='word_1_24' title='bbox 344 719 423 777; x_wconf 90' lang='lat' dir='ltr'>enim</span> <span class='ocrx_word' id='word_1_25' title='bbox 441 718 540 778; x_wconf 90' lang='lat' dir='ltr'>insula</span> <span class='ocrx_word' id='word_1_26' title='bbox 558 721 603 778; x_wconf 90' lang='lat' dir='ltr'>est</span> <span class='ocrx_word' id='word_1_27' title='bbox 621 718 762 796; x_wconf 80' lang='lat' dir='ltr'>Aegypti,</span> <span class='ocrx_word' id='word_1_28' title='bbox 785 720 832 778; x_wconf 91' lang='lat' dir='ltr'>uel</span> <span class='ocrx_word' id='word_1_29' title='bbox 852 723 887 778; x_wconf 91' lang='lat' dir='ltr'>nt</span> <span class='ocrx_word' id='word_1_30' title='bbox 910 718 1067 795; x_wconf 89' lang='lat' dir='ltr'>Pompeius</span> <span class='ocrx_word' id='word_1_31' title='bbox 1090 718 1164 779; x_wconf 91' lang='lat' dir='ltr'>dicit</span> <span class='ocrx_word' id='word_1_32' title='bbox 1195 720 1365 781; x_wconf 86' lang='lat' dir='ltr'>Rodiorum.</span> 
     </span>
     <span class='ocr_line' id='line_1_5' title="bbox 218 806 1366 889; baseline 0.003 -24"><span class='ocrx_word' id='word_1_33' title='bbox 218 807 272 866; x_wconf 91' lang='lat' dir='ltr'>alii</span> <span class='ocrx_word' id='word_1_34' title='bbox 299 807 354 867; x_wconf 90' lang='lat' dir='ltr'>sic:</span> <span class='ocrx_word' id='word_1_35' title='bbox 382 806 557 884; x_wconf 73' lang='lat' dir='ltr'>carpatium</span> <span class='ocrx_word' id='word_1_36' title='bbox 584 827 666 868; x_wconf 89' lang='lat' dir='ltr'>mare</span> <span class='ocrx_word' id='word_1_37' title='bbox 693 811 773 868; x_wconf 89' lang='lat' dir='ltr'>inter</span> <span class='ocrx_word' id='word_1_38' title='bbox 799 809 915 867; x_wconf 84' lang='lat' dir='ltr'>Rodum</span> <span class='ocrx_word' id='word_1_39' title='bbox 943 810 974 866; x_wconf 92' lang='lat' dir='ltr'>et</span> <span class='ocrx_word' id='word_1_40' title='bbox 1001 807 1212 868; x_wconf 75' lang='lat' dir='ltr'>Alexandriam</span> <span class='ocrx_word' id='word_1_41' title='bbox 1240 811 1319 886; x_wconf 91' lang='lat' dir='ltr'>quod</span> <span class='ocrx_word' id='word_1_42' title='bbox 1343 806 1366 889; x_wconf 76' lang='lat'>†</span> 
     </span>
    </p>
   </div>
   <div class='ocr_carea' id='block_1_3' title="bbox 206 891 1366 4557">
    <p class='ocr_par' dir='ltr' id='par_1_3' title="bbox 206 891 1366 4557">
     <span class='ocr_line' id='line_1_6' title="bbox 217 891 1366 979; baseline 0.003 -23"><span class='ocrx_word' id='word_1_43' title='bbox 217 896 318 957; x_wconf 88' lang='lat' dir='ltr'>obesse</span> <span class='ocrx_word' id='word_1_44' title='bbox 342 891 541 978; x_wconf 87' lang='lat' dir='ltr'>(appellatum</span> <span class='ocrx_word' id='word_1_45' title='bbox 570 917 632 958; x_wconf 87' lang='lat' dir='ltr'>esse</span> <span class='ocrx_word' id='word_1_46' title='bbox 655 891 881 979; x_wconf 75' lang='lat' dir='ltr'>Loclrmaanus)</span> <span class='ocrx_word' id='word_1_47' title='bbox 911 896 1020 957; x_wconf 91' lang='lat' dir='ltr'>dicitur</span> <span class='ocrx_word' id='word_1_48' title='bbox 1042 917 1061 956; x_wconf 88' lang='lat' dir='ltr'>a</span> <span class='ocrx_word' id='word_1_49' title='bbox 1085 897 1235 975; x_wconf 85' lang='lat' dir='ltr'>Carpatho</span> <span class='ocrx_word' id='word_1_50' title='bbox 1258 900 1366 975; x_wconf 90' lang='lat' dir='ltr'>insula,</span> 
     </span>
     <span class='ocr_line' id='line_1_7' title="bbox 217 981 1294 1069; baseline 0.003 -25"><span class='ocrx_word' id='word_1_51' title='bbox 217 989 252 1047; x_wconf 89' lang='lat' dir='ltr'>ut</span> <span class='ocrx_word' id='word_1_52' title='bbox 278 986 438 1045; x_wconf 74' lang='lat' dir='ltr'>Laeciltius:</span> <span class='ocrx_word' id='word_1_53' title='bbox 467 981 685 1061; x_wconf 78' lang='lat' dir='ltr'>“Carptcticm</span> <span class='ocrx_word' id='word_1_54' title='bbox 713 1006 794 1046; x_wconf 91' lang='lat' dir='ltr'>mare</span> <span class='ocrx_word' id='word_1_55' title='bbox 821 991 1008 1046; x_wconf 82' lang='lat' dir='ltr'>transuectus</span> <span class='ocrx_word' id='word_1_56' title='bbox 1031 988 1155 1069; x_wconf 53' lang='lat' dir='ltr'>,cenabis</span> <span class='ocrx_word' id='word_1_57' title='bbox 1183 984 1294 1048; x_wconf 84' lang='lat' dir='ltr'>Rodi’&#39;.</span> 
     </span>
     <span class='ocr_line' id='line_1_8' title="bbox 217 1074 1365 1156; baseline 0.002 -21"><span class='ocrx_word' id='word_1_58' title='bbox 217 1074 384 1154; x_wconf 89' lang='lat' dir='ltr'>Carpathos</span> <span class='ocrx_word' id='word_1_59' title='bbox 411 1076 511 1136; x_wconf 88' lang='lat' dir='ltr'>insula</span> <span class='ocrx_word' id='word_1_60' title='bbox 538 1079 583 1136; x_wconf 90' lang='lat' dir='ltr'>est</span> <span class='ocrx_word' id='word_1_61' title='bbox 610 1080 714 1136; x_wconf 89' lang='lat' dir='ltr'>contra</span> <span class='ocrx_word' id='word_1_62' title='bbox 736 1076 921 1154; x_wconf 86' lang='lat' dir='ltr'>Aegyptum,</span> <span class='ocrx_word' id='word_1_63' title='bbox 950 1095 968 1136; x_wconf 93' lang='lat' dir='ltr'>a</span> <span class='ocrx_word' id='word_1_64' title='bbox 996 1096 1056 1151; x_wconf 91' lang='lat' dir='ltr'>qua</span> <span class='ocrx_word' id='word_1_65' title='bbox 1085 1078 1217 1137; x_wconf 89' lang='lat' dir='ltr'>uicinum</span> <span class='ocrx_word' id='word_1_66' title='bbox 1241 1079 1365 1156; x_wconf 87' lang='lat' dir='ltr'>pelagus</span> 
     </span>
     <span class='ocr_line' id='line_1_9' title="bbox 218 1161 1363 1243; baseline 0.003 -19"><span class='ocrx_word' id='word_1_67' title='bbox 218 1164 412 1242; x_wconf 83' lang='lat' dir='ltr'>Carpathium</span> <span class='ocrx_word' id='word_1_68' title='bbox 449 1166 634 1243; x_wconf 89' lang='lat' dir='ltr'>appellatum</span> <span class='ocrx_word' id='word_1_69' title='bbox 671 1161 726 1226; x_wconf 87' lang='lat' dir='ltr'>est’</span> <span class='ocrx_word' id='word_1_70' title='bbox 760 1186 784 1225; x_wconf 94' lang='lat' dir='ltr'>e.</span> <span class='ocrx_word' id='word_1_71' title='bbox 804 1186 831 1241; x_wconf 90' lang='lat' dir='ltr'>q.</span> <span class='ocrx_word' id='word_1_72' title='bbox 852 1184 873 1225; x_wconf 87' lang='lat' dir='ltr'>s.</span> <span class='ocrx_word' id='word_1_73' title='bbox 929 1165 1052 1224; x_wconf 88' lang='lat' dir='ltr'>Seruius</span> <span class='ocrx_word' id='word_1_74' title='bbox 1084 1167 1122 1226; x_wconf 91' lang='lat' dir='ltr'>ad</span> <span class='ocrx_word' id='word_1_75' title='bbox 1155 1168 1228 1227; x_wconf 88' lang='lat' dir='ltr'>Aen.</span> <span class='ocrx_word' id='word_1_76' title='bbox 1247 1167 1275 1225; x_wconf 89' lang='lat' dir='ltr'>V</span> <span class='ocrx_word' id='word_1_77' title='bbox 1300 1170 1363 1228; x_wconf 78' lang='lat'>595</span> 
     </span>
     <span class='ocr_line' id='line_1_10' title="bbox 217 1250 1364 1335; baseline 0.002 -21"><span class='ocrx_word' id='word_1_78' title='bbox 217 1250 426 1332; x_wconf 84' lang='lat' dir='ltr'>‘Carpathium</span> <span class='ocrx_word' id='word_1_79' title='bbox 448 1275 531 1316; x_wconf 86' lang='lat' dir='ltr'>mare</span> <span class='ocrx_word' id='word_1_80' title='bbox 554 1256 632 1315; x_wconf 92' lang='lat' dir='ltr'>inter</span> <span class='ocrx_word' id='word_1_81' title='bbox 655 1255 827 1334; x_wconf 90' lang='lat' dir='ltr'>Aegyptum</span> <span class='ocrx_word' id='word_1_82' title='bbox 846 1258 877 1314; x_wconf 92' lang='lat' dir='ltr'>et</span> <span class='ocrx_word' id='word_1_83' title='bbox 895 1251 1042 1315; x_wconf 88' lang='lat' dir='ltr'>Rhodum’</span> <span class='ocrx_word' id='word_1_84' title='bbox 1062 1255 1132 1315; x_wconf 87' lang='lat' dir='ltr'>Isid.</span> <span class='ocrx_word' id='word_1_85' title='bbox 1152 1259 1225 1334; x_wconf 87' lang='lat' dir='ltr'>orig.</span> <span class='ocrx_word' id='word_1_86' title='bbox 1246 1257 1315 1315; x_wconf 87' lang='lat' dir='ltr'>XIV</span> <span class='ocrx_word' id='word_1_87' title='bbox 1336 1259 1364 1335; x_wconf 87' lang='grc'>6,</span> 
     </span>
     <span class='ocr_line' id='line_1_11' title="bbox 217 1339 1364 1423; baseline 0.003 -20"><span class='ocrx_word' id='word_1_88' title='bbox 217 1347 258 1403; x_wconf 80' lang='grc'>24</span> <span class='ocrx_word' id='word_1_89' title='bbox 282 1339 460 1422; x_wconf 80' lang='lat' dir='ltr'>‘Carpathos</span> <span class='ocrx_word' id='word_1_90' title='bbox 480 1364 568 1405; x_wconf 91' lang='lat' dir='ltr'>...a</span> <span class='ocrx_word' id='word_1_91' title='bbox 595 1345 718 1404; x_wconf 91' lang='lat' dir='ltr'>meridie</span> <span class='ocrx_word' id='word_1_92' title='bbox 745 1346 845 1421; x_wconf 89' lang='lat' dir='ltr'>posita</span> <span class='ocrx_word' id='word_1_93' title='bbox 874 1348 979 1404; x_wconf 85' lang='lat' dir='ltr'>contra</span> <span class='ocrx_word' id='word_1_94' title='bbox 1002 1344 1173 1422; x_wconf 88' lang='lat' dir='ltr'>Aegyptum</span> <span class='ocrx_word' id='word_1_95' title='bbox 1263 1365 1282 1405; x_wconf 91' lang='lat' dir='ltr'>a</span> <span class='ocrx_word' id='word_1_96' title='bbox 1304 1366 1364 1423; x_wconf 92' lang='lat' dir='ltr'>qua</span> 
     </span>
     <span class='ocr_line' id='line_1_12' title="bbox 216 1434 1364 1514; baseline 0.003 -21"><span class='ocrx_word' id='word_1_97' title='bbox 216 1434 411 1511; x_wconf 80' lang='lat' dir='ltr'>Carpathium</span> <span class='ocrx_word' id='word_1_98' title='bbox 433 1454 515 1494; x_wconf 88' lang='lat' dir='ltr'>mare</span> <span class='ocrx_word' id='word_1_99' title='bbox 538 1435 723 1512; x_wconf 85' lang='lat' dir='ltr'>appellatum</span> <span class='ocrx_word' id='word_1_100' title='bbox 746 1438 791 1494; x_wconf 89' lang='lat' dir='ltr'>est</span> <span class='ocrx_word' id='word_1_101' title='bbox 810 1482 816 1492; x_wconf 91' lang='lat'>.</span> <span class='ocrx_word' id='word_1_102' title='bbox 833 1482 838 1493; x_wconf 92' lang='lat'>.</span> <span class='ocrx_word' id='word_1_103' title='bbox 855 1481 860 1493; x_wconf 95' lang='lat'>.</span> <span class='ocrx_word' id='word_1_104' title='bbox 880 1438 925 1494; x_wconf 89' lang='lat' dir='ltr'>est</span> <span class='ocrx_word' id='word_1_105' title='bbox 948 1436 1026 1493; x_wconf 91' lang='lat' dir='ltr'>enim</span> <span class='ocrx_word' id='word_1_106' title='bbox 1045 1436 1124 1493; x_wconf 91' lang='lat' dir='ltr'>inter</span> <span class='ocrx_word' id='word_1_107' title='bbox 1142 1435 1315 1514; x_wconf 86' lang='lat' dir='ltr'>Aegyptum</span> <span class='ocrx_word' id='word_1_108' title='bbox 1334 1441 1364 1496; x_wconf 87' lang='lat' dir='ltr'>et</span> 
     </span>
     <span class='ocr_line' id='line_1_13' title="bbox 215 1519 1363 1603; baseline 0.002 -21"><span class='ocrx_word' id='word_1_109' title='bbox 215 1519 364 1583; x_wconf 88' lang='lat' dir='ltr'>Rhodum’</span> <span class='ocrx_word' id='word_1_110' title='bbox 392 1523 475 1583; x_wconf 86' lang='lat' dir='ltr'>Laot.</span> <span class='ocrx_word' id='word_1_111' title='bbox 499 1523 609 1583; x_wconf 88' lang='lat' dir='ltr'>Placid.</span> <span class='ocrx_word' id='word_1_112' title='bbox 632 1524 671 1583; x_wconf 90' lang='lat' dir='ltr'>ad</span> <span class='ocrx_word' id='word_1_113' title='bbox 698 1524 773 1583; x_wconf 91' lang='lat' dir='ltr'>Stat.</span> <span class='ocrx_word' id='word_1_114' title='bbox 800 1523 920 1583; x_wconf 84' lang='lat' dir='ltr'>Thebi</span> <span class='ocrx_word' id='word_1_115' title='bbox 945 1525 1005 1582; x_wconf 83' lang='lat'>181</span> <span class='ocrx_word' id='word_1_116' title='bbox 1038 1520 1131 1583; x_wconf 85' lang='lat' dir='ltr'>‘mare</span> <span class='ocrx_word' id='word_1_117' title='bbox 1160 1524 1363 1603; x_wconf 80' lang='lat' dir='ltr'>Carpathium,</span> 
     </span>
     <span class='ocr_line' id='line_1_14' title="bbox 213 1611 1364 1693; baseline 0.003 -22"><span class='ocrx_word' id='word_1_118' title='bbox 213 1613 246 1672; x_wconf 90' lang='lat' dir='ltr'>id</span> <span class='ocrx_word' id='word_1_119' title='bbox 269 1616 315 1672; x_wconf 89' lang='lat' dir='ltr'>est</span> <span class='ocrx_word' id='word_1_120' title='bbox 337 1613 533 1691; x_wconf 86' lang='lat' dir='ltr'>Aegyptium,</span> <span class='ocrx_word' id='word_1_121' title='bbox 561 1633 630 1672; x_wconf 91' lang='lat' dir='ltr'>nam</span> <span class='ocrx_word' id='word_1_122' title='bbox 654 1611 821 1689; x_wconf 86' lang='lat' dir='ltr'>Carpathus</span> <span class='ocrx_word' id='word_1_123' title='bbox 849 1613 947 1673; x_wconf 88' lang='lat' dir='ltr'>insula</span> <span class='ocrx_word' id='word_1_124' title='bbox 969 1617 1015 1672; x_wconf 87' lang='lat' dir='ltr'>est</span> <span class='ocrx_word' id='word_1_125' title='bbox 1038 1616 1117 1672; x_wconf 90' lang='lat' dir='ltr'>inter</span> <span class='ocrx_word' id='word_1_126' title='bbox 1139 1615 1310 1693; x_wconf 88' lang='lat' dir='ltr'>Aegyptum</span> <span class='ocrx_word' id='word_1_127' title='bbox 1333 1621 1364 1674; x_wconf 89' lang='lat' dir='ltr'>et</span> 
     </span>
     <span class='ocr_line' id='line_1_15' title="bbox 214 1699 1364 1781; baseline 0.004 -21"><span class='ocrx_word' id='word_1_128' title='bbox 214 1699 361 1762; x_wconf 87' lang='lat' dir='ltr'>Rhodon&#39;.</span> <span class='ocrx_word' id='word_1_129' title='bbox 412 1704 494 1773; x_wconf 86' lang='lat' dir='ltr'>Quae</span> <span class='ocrx_word' id='word_1_130' title='bbox 521 1703 621 1763; x_wconf 91' lang='lat' dir='ltr'>omnia</span> <span class='ocrx_word' id='word_1_131' title='bbox 648 1723 683 1762; x_wconf 83' lang='lat' dir='ltr'>ex</span> <span class='ocrx_word' id='word_1_132' title='bbox 706 1702 833 1781; x_wconf 86' lang='lat' dir='ltr'>Vergilii</span> <span class='ocrx_word' id='word_1_133' title='bbox 861 1703 1074 1763; x_wconf 86' lang='lat' dir='ltr'>commentario</span> <span class='ocrx_word' id='word_1_134' title='bbox 1102 1703 1246 1764; x_wconf 89' lang='lat' dir='ltr'>Seruiano</span> <span class='ocrx_word' id='word_1_135' title='bbox 1273 1705 1364 1765; x_wconf 87' lang='lat' dir='ltr'>ducta</span> 
     </span>
     <span class='ocr_line' id='line_1_16' title="bbox 214 1791 1364 1872; baseline 0.003 -22"><span class='ocrx_word' id='word_1_136' title='bbox 214 1811 277 1852; x_wconf 89' lang='lat' dir='ltr'>esse</span> <span class='ocrx_word' id='word_1_137' title='bbox 300 1795 433 1869; x_wconf 86' lang='lat' dir='ltr'>apparet.</span> <span class='ocrx_word' id='word_1_138' title='bbox 479 1792 587 1851; x_wconf 87' lang='lat' dir='ltr'>Strabo</span> <span class='ocrx_word' id='word_1_139' title='bbox 614 1795 714 1852; x_wconf 79' lang='lat' dir='ltr'>tanim</span> <span class='ocrx_word' id='word_1_140' title='bbox 737 1793 765 1851; x_wconf 85' lang='lat' dir='ltr'>X</span> <span class='ocrx_word' id='word_1_141' title='bbox 787 1812 816 1869; x_wconf 90' lang='lat' dir='ltr'>p.</span> <span class='ocrx_word' id='word_1_142' title='bbox 836 1793 899 1850; x_wconf 83' lang='grc'>188</span> <span class='ocrx_word' id='word_1_143' title='bbox 919 1795 999 1851; x_wconf 90' lang='lat' dir='ltr'>inter</span> <span class='ocrx_word' id='word_1_144' title='bbox 1025 1791 1208 1870; x_wconf 86' lang='lat' dir='ltr'>Carpathion</span> <span class='ocrx_word' id='word_1_145' title='bbox 1238 1794 1364 1872; x_wconf 57' lang='lat' dir='ltr'>pelagus&gt;</span> 
     </span>
     <span class='ocr_line' id='line_1_17' title="bbox 214 1881 1363 1966; baseline 0.003 -27"><span class='ocrx_word' id='word_1_146' title='bbox 214 1885 244 1940; x_wconf 87' lang='lat' dir='ltr'>et</span> <span class='ocrx_word' id='word_1_147' title='bbox 271 1881 444 1959; x_wconf 89' lang='lat' dir='ltr'>Aegyptum</span> <span class='ocrx_word' id='word_1_148' title='bbox 471 1881 557 1966; x_wconf 79' lang='lat' dir='ltr'>docet</span> <span class='ocrx_word' id='word_1_149' title='bbox 584 1883 735 1959; x_wconf 89' lang='lat' dir='ltr'>interponi</span> <span class='ocrx_word' id='word_1_150' title='bbox 761 1900 843 1941; x_wconf 90' lang='lat' dir='ltr'>mare</span> <span class='ocrx_word' id='word_1_151' title='bbox 870 1882 1062 1960; x_wconf 90' lang='lat' dir='ltr'>Aegyptium.</span> <span class='ocrx_word' id='word_1_152' title='bbox 1108 1882 1191 1942; x_wconf 90' lang='lat' dir='ltr'>Idem</span> <span class='ocrx_word' id='word_1_153' title='bbox 1221 1884 1282 1942; x_wconf 86' lang='lat' dir='ltr'>fere</span> <span class='ocrx_word' id='word_1_154' title='bbox 1304 1886 1363 1943; x_wconf 90' lang='lat' dir='ltr'>iter</span> 
     </span>
     <span class='ocr_line' id='line_1_18' title="bbox 214 1970 1360 2049; baseline 0.002 -20"><span class='ocrx_word' id='word_1_155' title='bbox 214 1974 304 2048; x_wconf 83' lang='lat' dir='ltr'>atque</span> <span class='ocrx_word' id='word_1_156' title='bbox 332 1970 433 2047; x_wconf 82' lang='lat' dir='ltr'>Scipio</span> <span class='ocrx_word' id='word_1_157' title='bbox 464 1972 569 2047; x_wconf 85' lang='lat' dir='ltr'>postea</span> <span class='ocrx_word' id='word_1_158' title='bbox 600 1974 730 2048; x_wconf 81' lang='lat' dir='ltr'>suscepit</span> <span class='ocrx_word' id='word_1_159' title='bbox 752 1972 884 2031; x_wconf 85' lang='lat' dir='ltr'>Maecius</span> <span class='ocrx_word' id='word_1_160' title='bbox 917 1971 1001 2030; x_wconf 88' lang='lat' dir='ltr'>Celer</span> <span class='ocrx_word' id='word_1_161' title='bbox 1028 1970 1119 2031; x_wconf 89' lang='lat' dir='ltr'>Statii</span> <span class='ocrx_word' id='word_1_162' title='bbox 1152 1974 1278 2048; x_wconf 88' lang='lat' dir='ltr'>amicus,</span> <span class='ocrx_word' id='word_1_163' title='bbox 1311 1973 1360 2049; x_wconf 90' lang='lat' dir='ltr'>qui</span> 
     </span>
     <span class='ocr_line' id='line_1_19' title="bbox 213 2059 1361 2136; baseline 0.003 -19"><span class='ocrx_word' id='word_1_164' title='bbox 213 2059 348 2120; x_wconf 87' lang='lat' dir='ltr'>Puteolis</span> <span class='ocrx_word' id='word_1_165' title='bbox 375 2060 601 2136; x_wconf 82' lang='lat' dir='ltr'>Alexandriam,</span> <span class='ocrx_word' id='word_1_166' title='bbox 627 2061 696 2120; x_wconf 90' lang='lat' dir='ltr'>inde</span> <span class='ocrx_word' id='word_1_167' title='bbox 723 2065 755 2120; x_wconf 90' lang='lat' dir='ltr'>in</span> <span class='ocrx_word' id='word_1_168' title='bbox 782 2061 887 2121; x_wconf 91' lang='lat' dir='ltr'>Asiam</span> <span class='ocrx_word' id='word_1_169' title='bbox 913 2063 973 2119; x_wconf 89' lang='lat' dir='ltr'>iter</span> <span class='ocrx_word' id='word_1_170' title='bbox 1001 2061 1081 2120; x_wconf 87' lang='lat' dir='ltr'>fecit.</span> <span class='ocrx_word' id='word_1_171' title='bbox 1128 2061 1223 2132; x_wconf 85' lang='lat' dir='ltr'>Quem</span> <span class='ocrx_word' id='word_1_172' title='bbox 1246 2061 1361 2121; x_wconf 83' lang='lat' dir='ltr'>Statius</span> 
     </span>
     <span class='ocr_line' id='line_1_20' title="bbox 213 2145 1361 2227; baseline 0.003 -19"><span class='ocrx_word' id='word_1_173' title='bbox 213 2149 279 2209; x_wconf 87' lang='lat' dir='ltr'>situ.</span> <span class='ocrx_word' id='word_1_174' title='bbox 294 2149 341 2208; x_wconf 91' lang='lat' dir='ltr'>HI</span> <span class='ocrx_word' id='word_1_175' title='bbox 357 2151 385 2224; x_wconf 81' lang='lat'>2,</span> <span class='ocrx_word' id='word_1_176' title='bbox 405 2151 446 2209; x_wconf 84' lang='lat'>83</span> <span class='ocrx_word' id='word_1_177' title='bbox 465 2151 512 2210; x_wconf 88' lang='lat' dir='ltr'>his</span> <span class='ocrx_word' id='word_1_178' title='bbox 531 2150 666 2211; x_wconf 88' lang='lat' dir='ltr'>uersibus</span> <span class='ocrx_word' id='word_1_179' title='bbox 684 2151 848 2227; x_wconf 86' lang='lat' dir='ltr'>alloquitur</span> <span class='ocrx_word' id='word_1_180' title='bbox 866 2145 944 2226; x_wconf 78' lang='lat' dir='ltr'>‘quis</span> <span class='ocrx_word' id='word_1_181' title='bbox 963 2154 1071 2212; x_wconf 85' lang='lat' dir='ltr'>cuneta</span> <span class='ocrx_word' id='word_1_182' title='bbox 1086 2153 1211 2226; x_wconf 90' lang='lat' dir='ltr'>pauenti</span> <span class='ocrx_word' id='word_1_183' title='bbox 1230 2154 1361 2226; x_wconf 86' lang='lat' dir='ltr'>nuntius,</span> 
     </span>
     <span class='ocr_line' id='line_1_21' title="bbox 213 2238 1361 2318; baseline 0 -19"><span class='ocrx_word' id='word_1_184' title='bbox 213 2258 252 2299; x_wconf 88' lang='lat' dir='ltr'>an</span> <span class='ocrx_word' id='word_1_185' title='bbox 280 2239 363 2299; x_wconf 86' lang='lat' dir='ltr'>facili</span> <span class='ocrx_word' id='word_1_186' title='bbox 379 2242 419 2299; x_wconf 81' lang='lat' dir='ltr'>te</span> <span class='ocrx_word' id='word_1_187' title='bbox 446 2241 680 2318; x_wconf 80' lang='lat' dir='ltr'>praetermiserit</span> <span class='ocrx_word' id='word_1_188' title='bbox 706 2240 787 2299; x_wconf 90' lang='lat' dir='ltr'>unda</span> <span class='ocrx_word' id='word_1_189' title='bbox 813 2238 928 2299; x_wconf 88' lang='lat' dir='ltr'>Lucani</span> <span class='ocrx_word' id='word_1_190' title='bbox 957 2239 1062 2299; x_wconf 88' lang='lat' dir='ltr'>rabida</span> <span class='ocrx_word' id='word_1_191' title='bbox 1085 2259 1138 2299; x_wconf 88' lang='lat' dir='ltr'>ora</span> <span class='ocrx_word' id='word_1_192' title='bbox 1160 2243 1265 2315; x_wconf 91' lang='lat' dir='ltr'>maris,</span> <span class='ocrx_word' id='word_1_193' title='bbox 1289 2260 1361 2300; x_wconf 90' lang='lat' dir='ltr'>num</span> 
     </span>
     <span class='ocr_line' id='line_1_22' title="bbox 212 2328 1361 2408; baseline 0 -20"><span class='ocrx_word' id='word_1_194' title='bbox 212 2331 293 2388; x_wconf 88' lang='lat' dir='ltr'>torta</span> <span class='ocrx_word' id='word_1_195' title='bbox 324 2328 490 2407; x_wconf 88' lang='lat' dir='ltr'>Charybdis</span> <span class='ocrx_word' id='word_1_196' title='bbox 523 2330 647 2390; x_wconf 89' lang='lat' dir='ltr'>fluctuet</span> <span class='ocrx_word' id='word_1_197' title='bbox 678 2333 730 2390; x_wconf 89' lang='lat' dir='ltr'>aut</span> <span class='ocrx_word' id='word_1_198' title='bbox 763 2329 857 2389; x_wconf 89' lang='lat' dir='ltr'>Siculi</span> <span class='ocrx_word' id='word_1_199' title='bbox 889 2329 1061 2406; x_wconf 80' lang='lat' dir='ltr'>populatrix</span> <span class='ocrx_word' id='word_1_200' title='bbox 1093 2331 1178 2408; x_wconf 89' lang='lat' dir='ltr'>uirgo</span> <span class='ocrx_word' id='word_1_201' title='bbox 1210 2330 1361 2407; x_wconf 79' lang='lat' dir='ltr'>profundi,</span> 
     </span>
     <span class='ocr_line' id='line_1_23' title="bbox 212 2418 1360 2497; baseline 0.003 -21"><span class='ocrx_word' id='word_1_202' title='bbox 212 2436 286 2493; x_wconf 91' lang='lat' dir='ltr'>quos</span> <span class='ocrx_word' id='word_1_203' title='bbox 314 2418 370 2478; x_wconf 89' lang='lat' dir='ltr'>tibi</span> <span class='ocrx_word' id='word_1_204' title='bbox 398 2421 529 2479; x_wconf 88' lang='lat' dir='ltr'>currenti</span> <span class='ocrx_word' id='word_1_205' title='bbox 555 2437 697 2496; x_wconf 86' lang='lat' dir='ltr'>praeceps</span> <span class='ocrx_word' id='word_1_206' title='bbox 724 2421 810 2497; x_wconf 89' lang='lat' dir='ltr'>gerat</span> <span class='ocrx_word' id='word_1_207' title='bbox 832 2419 948 2478; x_wconf 88' lang='lat' dir='ltr'>Hadria</span> <span class='ocrx_word' id='word_1_208' title='bbox 970 2437 1080 2494; x_wconf 88' lang='lat' dir='ltr'>mores,</span> <span class='ocrx_word' id='word_1_209' title='bbox 1110 2437 1186 2496; x_wconf 91' lang='lat' dir='ltr'>quae</span> <span class='ocrx_word' id='word_1_210' title='bbox 1209 2439 1266 2496; x_wconf 87' lang='lat' dir='ltr'>pax</span> <span class='ocrx_word' id='word_1_211' title='bbox 1291 2419 1360 2480; x_wconf 86' lang='lat' dir='ltr'>Car-</span> 
     </span>
     <span class='ocr_line' id='line_1_24' title="bbox 212 2507 1360 2586; baseline 0.003 -21"><span class='ocrx_word' id='word_1_212' title='bbox 212 2507 329 2586; x_wconf 91' lang='lat' dir='ltr'>pathio,</span> <span class='ocrx_word' id='word_1_213' title='bbox 358 2511 442 2586; x_wconf 91' lang='lat' dir='ltr'>quali</span> <span class='ocrx_word' id='word_1_214' title='bbox 470 2513 499 2570; x_wconf 92' lang='lat' dir='ltr'>te</span> <span class='ocrx_word' id='word_1_215' title='bbox 527 2508 673 2569; x_wconf 89' lang='lat' dir='ltr'>subuehat</span> <span class='ocrx_word' id='word_1_216' title='bbox 704 2527 779 2568; x_wconf 88' lang='lat' dir='ltr'>aura</span> <span class='ocrx_word' id='word_1_217' title='bbox 806 2509 895 2568; x_wconf 90' lang='lat' dir='ltr'>Doris</span> <span class='ocrx_word' id='word_1_218' title='bbox 923 2509 1073 2586; x_wconf 87' lang='lat' dir='ltr'>Agenorei</span> <span class='ocrx_word' id='word_1_219' title='bbox 1104 2510 1192 2568; x_wconf 87' lang='lat' dir='ltr'>furtis</span> <span class='ocrx_word' id='word_1_220' title='bbox 1224 2508 1360 2569; x_wconf 91' lang='lat' dir='ltr'>blandita</span> 
     </span>
     <span class='ocr_line' id='line_1_25' title="bbox 212 2590 1359 2679; baseline 0.003 -25"><span class='ocrx_word' id='word_1_221' title='bbox 212 2593 341 2657; x_wconf 88' lang='lat' dir='ltr'>iuuenci’</span> <span class='ocrx_word' id='word_1_222' title='bbox 362 2593 449 2678; x_wconf 83' lang='lat' dir='ltr'>(conf</span> <span class='ocrx_word' id='word_1_223' title='bbox 464 2590 678 2679; x_wconf 81' lang='lat' dir='ltr'>Theblltil)</span> <span class='ocrx_word' id='word_1_224' title='bbox 771 2600 831 2659; x_wconf 91' lang='grc'>101</span> <span class='ocrx_word' id='word_1_225' title='bbox 853 2593 1066 2658; x_wconf 79' lang='grc' dir='ltr'>Ἱ81...8888</span> <span class='ocrx_word' id='word_1_226' title='bbox 1085 2597 1359 2677; x_wconf 88' lang='lat' dir='ltr'>reginaPhari...</span> 
     </span>
     <span class='ocr_line' id='line_1_26' title="bbox 212 2682 1361 2766; baseline 0.003 -21"><span class='ocrx_word' id='word_1_227' title='bbox 212 2686 312 2764; x_wconf 84' lang='lat' dir='ltr'>excipe</span> <span class='ocrx_word' id='word_1_228' title='bbox 331 2688 493 2751; x_wconf 87' lang='lat' dir='ltr'>multisono</span> <span class='ocrx_word' id='word_1_229' title='bbox 511 2708 641 2766; x_wconf 93' lang='lat' dir='ltr'>puppem</span> <span class='ocrx_word' id='word_1_230' title='bbox 655 2688 822 2748; x_wconf 86' lang='lat' dir='ltr'>Mareotida</span> <span class='ocrx_word' id='word_1_231' title='bbox 841 2683 940 2748; x_wconf 74' lang='lat' dir='ltr'>sisho’</span> <span class='ocrx_word' id='word_1_232' title='bbox 963 2689 1025 2748; x_wconf 88' lang='grc'>106</span> <span class='ocrx_word' id='word_1_233' title='bbox 1042 2682 1120 2765; x_wconf 79' lang='lat' dir='ltr'>‘ipsa</span> <span class='ocrx_word' id='word_1_234' title='bbox 1137 2707 1228 2748; x_wconf 90' lang='lat' dir='ltr'>manu</span> <span class='ocrx_word' id='word_1_235' title='bbox 1241 2688 1361 2766; x_wconf 88' lang='lat' dir='ltr'>placida</span> 
     </span>
     <span class='ocr_line' id='line_1_27' title="bbox 211 2771 1359 2855; baseline 0.002 -20"><span class='ocrx_word' id='word_1_236' title='bbox 211 2795 265 2852; x_wconf 89' lang='lat' dir='ltr'>per</span> <span class='ocrx_word' id='word_1_237' title='bbox 286 2777 392 2837; x_wconf 88' lang='lat' dir='ltr'>limina</span> <span class='ocrx_word' id='word_1_238' title='bbox 414 2779 492 2838; x_wconf 82' lang='lat' dir='ltr'>festa</span> <span class='ocrx_word' id='word_1_239' title='bbox 514 2795 671 2855; x_wconf 87' lang='lat' dir='ltr'>sacrosque</span> <span class='ocrx_word' id='word_1_240' title='bbox 694 2777 751 2837; x_wconf 87' lang='lat' dir='ltr'>duc</span> <span class='ocrx_word' id='word_1_241' title='bbox 773 2781 877 2855; x_wconf 89' lang='lat' dir='ltr'>portus</span> <span class='ocrx_word' id='word_1_242' title='bbox 900 2777 1046 2855; x_wconf 89' lang='lat' dir='ltr'>urbesque</span> <span class='ocrx_word' id='word_1_243' title='bbox 1069 2771 1150 2837; x_wconf 87' lang='lat' dir='ltr'>tnas&#39;</span> <span class='ocrx_word' id='word_1_244' title='bbox 1172 2781 1231 2837; x_wconf 79' lang='lat'>121</span> <span class='ocrx_word' id='word_1_245' title='bbox 1255 2772 1359 2855; x_wconf 76' lang='lat' dir='ltr'>‘usque</span> 
     </span>
     <span class='ocr_line' id='line_1_28' title="bbox 211 2866 1359 2945; baseline 0.003 -22"><span class='ocrx_word' id='word_1_246' title='bbox 211 2869 242 2924; x_wconf 93' lang='lat' dir='ltr'>et</span> <span class='ocrx_word' id='word_1_247' title='bbox 274 2866 306 2924; x_wconf 92' lang='lat' dir='ltr'>in</span> <span class='ocrx_word' id='word_1_248' title='bbox 338 2866 477 2945; x_wconf 85' lang='lat' dir='ltr'>Assyrias</span> <span class='ocrx_word' id='word_1_249' title='bbox 514 2867 596 2928; x_wconf 85' lang='lat' dir='ltr'>sedes</span> <span class='ocrx_word' id='word_1_250' title='bbox 631 2867 833 2943; x_wconf 88' lang='lat' dir='ltr'>mandataque</span> <span class='ocrx_word' id='word_1_251' title='bbox 864 2870 962 2927; x_wconf 89' lang='lat' dir='ltr'>castra</span> <span class='ocrx_word' id='word_1_252' title='bbox 993 2885 1173 2944; x_wconf 89' lang='lat' dir='ltr'>prosequere</span> <span class='ocrx_word' id='word_1_253' title='bbox 1207 2870 1238 2926; x_wconf 90' lang='lat' dir='ltr'>et</span> <span class='ocrx_word' id='word_1_254' title='bbox 1268 2867 1359 2927; x_wconf 84' lang='lat' dir='ltr'>Marti</span> 
     </span>
     <span class='ocr_line' id='line_1_29' title="bbox 210 2952 1358 3034; baseline 0.003 -21"><span class='ocrx_word' id='word_1_255' title='bbox 210 2957 357 3032; x_wconf 86' lang='lat' dir='ltr'>iuuenem,</span> <span class='ocrx_word' id='word_1_256' title='bbox 380 2957 445 3033; x_wconf 89' lang='lat' dir='ltr'>dea,</span> <span class='ocrx_word' id='word_1_257' title='bbox 467 2956 552 3016; x_wconf 86' lang='lat' dir='ltr'>trade</span> <span class='ocrx_word' id='word_1_258' title='bbox 575 2952 696 3017; x_wconf 85' lang='lat' dir='ltr'>Latino’</span> <span class='ocrx_word' id='word_1_259' title='bbox 790 2959 852 3016; x_wconf 81' lang='lat'>135</span> <span class='ocrx_word' id='word_1_260' title='bbox 878 2953 979 3034; x_wconf 82' lang='lat' dir='ltr'>‘inque</span> <span class='ocrx_word' id='word_1_261' title='bbox 1003 2959 1097 3016; x_wconf 89' lang='lat' dir='ltr'>uicem</span> <span class='ocrx_word' id='word_1_262' title='bbox 1121 2956 1233 3016; x_wconf 90' lang='lat' dir='ltr'>medios</span> <span class='ocrx_word' id='word_1_263' title='bbox 1257 2975 1358 3016; x_wconf 90' lang='lat' dir='ltr'>narra·</span> 
     </span>
     <span class='ocr_line' id='line_1_30' title="bbox 210 3044 1359 3125; baseline 0.003 -22"><span class='ocrx_word' id='word_1_264' title='bbox 210 3044 307 3104; x_wconf 90' lang='lat' dir='ltr'>bimus</span> <span class='ocrx_word' id='word_1_265' title='bbox 336 3065 441 3122; x_wconf 86' lang='lat' dir='ltr'>annos,</span> <span class='ocrx_word' id='word_1_266' title='bbox 469 3051 504 3106; x_wconf 91' lang='lat' dir='ltr'>tu</span> <span class='ocrx_word' id='word_1_267' title='bbox 530 3046 669 3123; x_wconf 87' lang='lat' dir='ltr'>rapidum</span> <span class='ocrx_word' id='word_1_268' title='bbox 693 3046 867 3124; x_wconf 78' lang='lat' dir='ltr'>Euphraten</span> <span class='ocrx_word' id='word_1_269' title='bbox 895 3050 925 3106; x_wconf 91' lang='lat' dir='ltr'>et</span> <span class='ocrx_word' id='word_1_270' title='bbox 950 3048 1035 3125; x_wconf 89' lang='lat' dir='ltr'>regia</span> <span class='ocrx_word' id='word_1_271' title='bbox 1062 3047 1173 3106; x_wconf 88' lang='lat' dir='ltr'>Bactra</span> <span class='ocrx_word' id='word_1_272' title='bbox 1200 3064 1359 3122; x_wconf 84' lang='lat' dir='ltr'>sacrasque</span> 
     </span>
     <span class='ocr_line' id='line_1_31' title="bbox 211 3130 1359 3213; baseline 0.002 -21"><span class='ocrx_word' id='word_1_273' title='bbox 211 3136 353 3210; x_wconf 89' lang='lat' dir='ltr'>antiquae</span> <span class='ocrx_word' id='word_1_274' title='bbox 367 3135 530 3212; x_wconf 89' lang='lat' dir='ltr'>Babylonis</span> <span class='ocrx_word' id='word_1_275' title='bbox 549 3154 620 3212; x_wconf 88' lang='lat' dir='ltr'>opes</span> <span class='ocrx_word' id='word_1_276' title='bbox 639 3139 670 3196; x_wconf 91' lang='lat' dir='ltr'>et</span> <span class='ocrx_word' id='word_1_277' title='bbox 689 3132 808 3196; x_wconf 87' lang='lat' dir='ltr'>Zeuma’</span> <span class='ocrx_word' id='word_1_278' title='bbox 829 3155 853 3195; x_wconf 91' lang='lat' dir='ltr'>e.</span> <span class='ocrx_word' id='word_1_279' title='bbox 868 3156 895 3213; x_wconf 92' lang='lat' dir='ltr'>q.</span> <span class='ocrx_word' id='word_1_280' title='bbox 910 3154 932 3195; x_wconf 93' lang='lat' dir='ltr'>s.</span> <span class='ocrx_word' id='word_1_281' title='bbox 970 3136 1105 3213; x_wconf 88' lang='lat' dir='ltr'>Denique</span> <span class='ocrx_word' id='word_1_282' title='bbox 1121 3135 1213 3195; x_wconf 88' lang='lat' dir='ltr'>uerba</span> <span class='ocrx_word' id='word_1_283' title='bbox 1228 3130 1359 3195; x_wconf 79' lang='lat' dir='ltr'>‘cenabis</span> 
     </span>
     <span class='ocr_line' id='line_1_32' title="bbox 211 3220 1358 3302; baseline 0.003 -21"><span class='ocrx_word' id='word_1_284' title='bbox 211 3220 334 3282; x_wconf 74' lang='lat' dir='ltr'>ltbodi’r</span> <span class='ocrx_word' id='word_1_285' title='bbox 362 3257 403 3266; x_wconf 92' lang='lat'><em>-</em></span> <span class='ocrx_word' id='word_1_286' title='bbox 435 3228 504 3284; x_wconf 90' lang='lat' dir='ltr'>ante</span> <span class='ocrx_word' id='word_1_287' title='bbox 534 3243 610 3302; x_wconf 89' lang='lat' dir='ltr'>quae</span> <span class='ocrx_word' id='word_1_288' title='bbox 638 3226 736 3302; x_wconf 89' lang='lat' dir='ltr'>posita</span> <span class='ocrx_word' id='word_1_289' title='bbox 766 3229 853 3285; x_wconf 86' lang='lat' dir='ltr'>erant</span> <span class='ocrx_word' id='word_1_290' title='bbox 880 3226 975 3285; x_wconf 92' lang='lat' dir='ltr'>ueluti</span> <span class='ocrx_word' id='word_1_291' title='bbox 1001 3225 1075 3285; x_wconf 89' lang='lat' dir='ltr'>baec</span> <span class='ocrx_word' id='word_1_292' title='bbox 1101 3244 1168 3286; x_wconf 78' lang='lat' dir='ltr'>eura</span> <span class='ocrx_word' id='word_1_293' title='bbox 1194 3244 1281 3285; x_wconf 80' lang='lat' dir='ltr'>mona</span> <span class='ocrx_word' id='word_1_294' title='bbox 1303 3226 1358 3284; x_wconf 84' lang='lat' dir='ltr'>sot·</span> 
     </span>
     <span class='ocr_line' id='line_1_33' title="bbox 208 3314 1358 3394; baseline 0.002 -22"><span class='ocrx_word' id='word_1_295' title='bbox 208 3315 289 3372; x_wconf 67' lang='lat' dir='ltr'>uerte</span> <span class='ocrx_word' id='word_1_296' title='bbox 314 3345 351 3354; x_wconf 89' lang='lat'>—</span> <span class='ocrx_word' id='word_1_297' title='bbox 378 3315 519 3374; x_wconf 90' lang='lat' dir='ltr'>uidentur</span> <span class='ocrx_word' id='word_1_298' title='bbox 536 3315 668 3373; x_wconf 92' lang='lat' dir='ltr'>indicare</span> <span class='ocrx_word' id='word_1_299' title='bbox 686 3334 744 3374; x_wconf 92' lang='lat' dir='ltr'>non</span> <span class='ocrx_word' id='word_1_300' title='bbox 764 3316 848 3394; x_wconf 89' lang='lat' dir='ltr'>longi</span> <span class='ocrx_word' id='word_1_301' title='bbox 867 3317 959 3392; x_wconf 86' lang='lat' dir='ltr'>spatii</span> <span class='ocrx_word' id='word_1_302' title='bbox 977 3317 1044 3390; x_wconf 89' lang='lat' dir='ltr'>iter,</span> <span class='ocrx_word' id='word_1_303' title='bbox 1067 3314 1155 3391; x_wconf 91' lang='lat' dir='ltr'>quale</span> <span class='ocrx_word' id='word_1_304' title='bbox 1179 3317 1223 3375; x_wconf 90' lang='lat' dir='ltr'>est</span> <span class='ocrx_word' id='word_1_305' title='bbox 1241 3314 1358 3374; x_wconf 89' lang='lat' dir='ltr'>dierum</span> 
     </span>
     <span class='ocr_line' id='line_1_34' title="bbox 209 3394 1357 3486; baseline 0.003 -27"><span class='ocrx_word' id='word_1_306' title='bbox 209 3401 252 3459; x_wconf 90' lang='lat' dir='ltr'>IV</span> <span class='ocrx_word' id='word_1_307' title='bbox 276 3394 412 3484; x_wconf 88' lang='lat' dir='ltr'>(Diodor.</span> <span class='ocrx_word' id='word_1_308' title='bbox 430 3404 478 3463; x_wconf 91' lang='lat' dir='ltr'>HI</span> <span class='ocrx_word' id='word_1_309' title='bbox 497 3406 548 3480; x_wconf 83' lang='lat'>34,</span> <span class='ocrx_word' id='word_1_310' title='bbox 569 3397 602 3486; x_wconf 82' lang='lat'>7)</span> <span class='ocrx_word' id='word_1_311' title='bbox 621 3407 701 3464; x_wconf 88' lang='lat' dir='ltr'>inter</span> <span class='ocrx_word' id='word_1_312' title='bbox 718 3405 931 3465; x_wconf 86' lang='lat' dir='ltr'>Alexandriam</span> <span class='ocrx_word' id='word_1_313' title='bbox 949 3408 981 3464; x_wconf 90' lang='lat' dir='ltr'>et</span> <span class='ocrx_word' id='word_1_314' title='bbox 998 3403 1146 3479; x_wconf 85' lang='lat' dir='ltr'>Rhodum,</span> <span class='ocrx_word' id='word_1_315' title='bbox 1169 3404 1220 3464; x_wconf 88' lang='lat' dir='ltr'>sed</span> <span class='ocrx_word' id='word_1_316' title='bbox 1237 3403 1357 3463; x_wconf 91' lang='lat' dir='ltr'>breuius</span> 
     </span>
     <span class='ocr_line' id='line_1_35' title="bbox 210 3491 1357 3570; baseline 0.003 -21"><span class='ocrx_word' id='word_1_317' title='bbox 210 3491 360 3566; x_wconf 91' lang='lat' dir='ltr'>quoddam</span> <span class='ocrx_word' id='word_1_318' title='bbox 386 3494 481 3553; x_wconf 89' lang='lat' dir='ltr'>ueluti</span> <span class='ocrx_word' id='word_1_319' title='bbox 508 3493 596 3554; x_wconf 91' lang='lat' dir='ltr'>unius</span> <span class='ocrx_word' id='word_1_320' title='bbox 624 3494 696 3569; x_wconf 90' lang='lat' dir='ltr'>diei,</span> <span class='ocrx_word' id='word_1_321' title='bbox 725 3495 813 3570; x_wconf 88' lang='lat' dir='ltr'>quale</span> <span class='ocrx_word' id='word_1_322' title='bbox 839 3498 919 3554; x_wconf 90' lang='lat' dir='ltr'>inter</span> <span class='ocrx_word' id='word_1_323' title='bbox 941 3495 1059 3553; x_wconf 86' lang='lat' dir='ltr'>Cretam</span> <span class='ocrx_word' id='word_1_324' title='bbox 1087 3497 1133 3553; x_wconf 90' lang='lat' dir='ltr'>est</span> <span class='ocrx_word' id='word_1_325' title='bbox 1155 3496 1186 3553; x_wconf 90' lang='lat' dir='ltr'>et</span> <span class='ocrx_word' id='word_1_326' title='bbox 1207 3493 1357 3553; x_wconf 88' lang='lat' dir='ltr'>Rhodum:</span> 
     </span>
     <span class='ocr_line' id='line_1_36' title="bbox 210 3581 1356 3661; baseline 0.003 -22"><span class='ocrx_word' id='word_1_327' title='bbox 210 3581 261 3640; x_wconf 93' lang='lat' dir='ltr'>ubi</span> <span class='ocrx_word' id='word_1_328' title='bbox 284 3601 388 3641; x_wconf 87' lang='lat' dir='ltr'>reuera</span> <span class='ocrx_word' id='word_1_329' title='bbox 411 3601 474 3642; x_wconf 89' lang='lat' dir='ltr'>esse</span> <span class='ocrx_word' id='word_1_330' title='bbox 496 3602 578 3643; x_wconf 90' lang='lat' dir='ltr'>mare</span> <span class='ocrx_word' id='word_1_331' title='bbox 601 3583 796 3661; x_wconf 88' lang='lat' dir='ltr'>Carpathium</span> <span class='ocrx_word' id='word_1_332' title='bbox 819 3603 838 3643; x_wconf 97' lang='lat' dir='ltr'>a</span> <span class='ocrx_word' id='word_1_333' title='bbox 862 3584 1007 3644; x_wconf 84' lang='lat' dir='ltr'>Strabone</span> <span class='ocrx_word' id='word_1_334' title='bbox 1030 3583 1088 3642; x_wconf 88' lang='lat' dir='ltr'>dici</span> <span class='ocrx_word' id='word_1_335' title='bbox 1109 3602 1200 3660; x_wconf 89' lang='lat' dir='ltr'>supra</span> <span class='ocrx_word' id='word_1_336' title='bbox 1217 3583 1356 3642; x_wconf 88' lang='lat' dir='ltr'>uidimus.</span> 
     </span>
     <span class='ocr_line' id='line_1_37' title="bbox 208 3669 1357 3752; baseline 0.003 -23"><span class='ocrx_word' id='word_1_337' title='bbox 208 3671 315 3747; x_wconf 90' lang='lat' dir='ltr'>ltaque</span> <span class='ocrx_word' id='word_1_338' title='bbox 338 3690 406 3730; x_wconf 88' lang='lat' dir='ltr'>cum</span> <span class='ocrx_word' id='word_1_339' title='bbox 430 3672 532 3733; x_wconf 90' lang='lat' dir='ltr'>Cicero</span> <span class='ocrx_word' id='word_1_340' title='bbox 555 3673 591 3732; x_wconf 92' lang='lat' dir='ltr'>de</span> <span class='ocrx_word' id='word_1_341' title='bbox 614 3693 675 3750; x_wconf 91' lang='lat' dir='ltr'>rep.</span> <span class='ocrx_word' id='word_1_342' title='bbox 690 3674 733 3732; x_wconf 88' lang='lat' dir='ltr'>VI</span> <span class='ocrx_word' id='word_1_343' title='bbox 753 3676 792 3732; x_wconf 92' lang='lat'>11</span> <span class='ocrx_word' id='word_1_344' title='bbox 818 3674 916 3734; x_wconf 89' lang='lat' dir='ltr'>uerbis</span> <span class='ocrx_word' id='word_1_345' title='bbox 940 3669 1020 3733; x_wconf 78' lang='lat' dir='ltr'>‘cum</span> <span class='ocrx_word' id='word_1_346' title='bbox 1041 3672 1218 3732; x_wconf 91' lang='lat' dir='ltr'>o..bieris</span> <span class='ocrx_word' id='word_1_347' title='bbox 1240 3673 1357 3752; x_wconf 89' lang='lat' dir='ltr'>legatus</span> 
     </span>
     <span class='ocr_line' id='line_1_38' title="bbox 208 3759 1356 3840; baseline 0.003 -22"><span class='ocrx_word' id='word_1_348' title='bbox 208 3761 382 3840; x_wconf 88' lang='lat' dir='ltr'>Aegyptum</span> <span class='ocrx_word' id='word_1_349' title='bbox 414 3762 532 3839; x_wconf 88' lang='lat' dir='ltr'>Syriam</span> <span class='ocrx_word' id='word_1_350' title='bbox 563 3764 668 3822; x_wconf 90' lang='lat' dir='ltr'>Asiam</span> <span class='ocrx_word' id='word_1_351' title='bbox 700 3759 866 3824; x_wconf 81' lang='lat' dir='ltr'>Graeciam&#39;</span> <span class='ocrx_word' id='word_1_352' title='bbox 904 3763 1037 3822; x_wconf 86' lang='lat' dir='ltr'>ordinem</span> <span class='ocrx_word' id='word_1_353' title='bbox 1073 3763 1190 3822; x_wconf 88' lang='lat' dir='ltr'>itineris</span> <span class='ocrx_word' id='word_1_354' title='bbox 1219 3764 1356 3822; x_wconf 85' lang='lat' dir='ltr'>accurate</span> 
     </span>
     <span class='ocr_line' id='line_1_39' title="bbox 208 3850 1356 3930; baseline 0 -20"><span class='ocrx_word' id='word_1_355' title='bbox 208 3850 349 3911; x_wconf 85' lang='lat' dir='ltr'>uideatur</span> <span class='ocrx_word' id='word_1_356' title='bbox 374 3854 497 3927; x_wconf 87' lang='lat' dir='ltr'>referre,</span> <span class='ocrx_word' id='word_1_357' title='bbox 525 3853 695 3929; x_wconf 84' lang='lat' dir='ltr'>Scipionem</span> <span class='ocrx_word' id='word_1_358' title='bbox 722 3855 851 3930; x_wconf 90' lang='lat' dir='ltr'>primum</span> <span class='ocrx_word' id='word_1_359' title='bbox 874 3852 1024 3928; x_wconf 84' lang='lat' dir='ltr'>Rhodum,</span> <span class='ocrx_word' id='word_1_360' title='bbox 1051 3855 1116 3911; x_wconf 90' lang='lat' dir='ltr'>tum</span> <span class='ocrx_word' id='word_1_361' title='bbox 1144 3851 1356 3911; x_wconf 86' lang='lat' dir='ltr'>Alexandriam</span> 
     </span>
     <span class='ocr_line' id='line_1_40' title="bbox 208 3941 1358 4020; baseline 0.002 -22"><span class='ocrx_word' id='word_1_362' title='bbox 208 3942 239 3998; x_wconf 92' lang='lat' dir='ltr'>et</span> <span class='ocrx_word' id='word_1_363' title='bbox 261 3942 433 4019; x_wconf 85' lang='lat' dir='ltr'>Aegyptum</span> <span class='ocrx_word' id='word_1_364' title='bbox 452 3942 557 4002; x_wconf 85' lang='lat' dir='ltr'>deinde</span> <span class='ocrx_word' id='word_1_365' title='bbox 576 3942 717 4020; x_wconf 85' lang='lat' dir='ltr'>Cyprum,</span> <span class='ocrx_word' id='word_1_366' title='bbox 736 3941 863 4019; x_wconf 86' lang='lat' dir='ltr'>Syriam,</span> <span class='ocrx_word' id='word_1_367' title='bbox 881 3942 1088 4020; x_wconf 86' lang='lat' dir='ltr'>Babyloniam,</span> <span class='ocrx_word' id='word_1_368' title='bbox 1107 3941 1286 4019; x_wconf 84' lang='lat' dir='ltr'>Pergamum</span> <span class='ocrx_word' id='word_1_369' title='bbox 1303 3943 1358 4000; x_wconf 87' lang='lat' dir='ltr'>aut</span> 
     </span>
     <span class='ocr_line' id='line_1_41' title="bbox 208 4030 1354 4110; baseline 0 -21"><span class='ocrx_word' id='word_1_370' title='bbox 208 4030 337 4106; x_wconf 88' lang='lat' dir='ltr'>petiisse,</span> <span class='ocrx_word' id='word_1_371' title='bbox 356 4035 409 4090; x_wconf 92' lang='lat' dir='ltr'>aut</span> <span class='ocrx_word' id='word_1_372' title='bbox 423 4036 523 4108; x_wconf 89' lang='lat' dir='ltr'>petere</span> <span class='ocrx_word' id='word_1_373' title='bbox 539 4032 677 4107; x_wconf 90' lang='lat' dir='ltr'>uoluisse,</span> <span class='ocrx_word' id='word_1_374' title='bbox 692 4035 841 4110; x_wconf 91' lang='lat' dir='ltr'>postremo</span> <span class='ocrx_word' id='word_1_375' title='bbox 856 4031 1020 4108; x_wconf 83' lang='lat' dir='ltr'>Graeciam,</span> <span class='ocrx_word' id='word_1_376' title='bbox 1034 4033 1129 4091; x_wconf 80' lang='lat' dir='ltr'>satim</span> <span class='ocrx_word' id='word_1_377' title='bbox 1143 4032 1202 4090; x_wconf 91' lang='lat' dir='ltr'>erit</span> <span class='ocrx_word' id='word_1_378' title='bbox 1215 4034 1354 4090; x_wconf 87' lang='lat' dir='ltr'>statuere.</span> 
     </span>
     <span class='ocr_line' id='line_1_42' title="bbox 209 4113 1355 4203; baseline 0.001 -26"><span class='ocrx_word' id='word_1_379' title='bbox 209 4119 307 4178; x_wconf 87' lang='lat' dir='ltr'>Simili</span> <span class='ocrx_word' id='word_1_380' title='bbox 329 4120 417 4180; x_wconf 91' lang='lat' dir='ltr'>modo</span> <span class='ocrx_word' id='word_1_381' title='bbox 441 4121 471 4180; x_wconf 91' lang='lat' dir='ltr'>P.</span> <span class='ocrx_word' id='word_1_382' title='bbox 486 4123 602 4181; x_wconf 89' lang='lat' dir='ltr'>Annius</span> <span class='ocrx_word' id='word_1_383' title='bbox 625 4114 882 4202; x_wconf 68' lang='lat' dir='ltr'>Florus(p.184.</span> <span class='ocrx_word' id='word_1_384' title='bbox 907 4124 970 4181; x_wconf 80' lang='grc'>185</span> <span class='ocrx_word' id='word_1_385' title='bbox 990 4113 1163 4203; x_wconf 85' lang='lat' dir='ltr'>Rossbach)</span> <span class='ocrx_word' id='word_1_386' title='bbox 1189 4123 1248 4180; x_wconf 89' lang='lat' dir='ltr'>iter</span> <span class='ocrx_word' id='word_1_387' title='bbox 1269 4139 1355 4180; x_wconf 86' lang='lat' dir='ltr'>suum</span> 
     </span>
     <span class='ocr_line' id='line_1_43' title="bbox 208 4205 1356 4293; baseline 0.003 -28"><span class='ocrx_word' id='word_1_388' title='bbox 208 4209 364 4286; x_wconf 88' lang='lat' dir='ltr'>descripsit</span> <span class='ocrx_word' id='word_1_389' title='bbox 392 4205 536 4270; x_wconf 81' lang='lat' dir='ltr'>‘Primum</span> <span class='ocrx_word' id='word_1_390' title='bbox 565 4210 698 4293; x_wconf 90' lang='lat' dir='ltr'>Siciliam</span> <span class='ocrx_word' id='word_1_391' title='bbox 730 4211 860 4271; x_wconf 92' lang='lat' dir='ltr'>nobilem</span> <span class='ocrx_word' id='word_1_392' title='bbox 892 4212 968 4286; x_wconf 91' lang='lat' dir='ltr'>uidi,</span> <span class='ocrx_word' id='word_1_393' title='bbox 1007 4210 1200 4271; x_wconf 87' lang='lat' dir='ltr'>domesticam</span> <span class='ocrx_word' id='word_1_394' title='bbox 1233 4208 1356 4283; x_wconf 87' lang='lat' dir='ltr'>Cereris,</span> 
     </span>
     <span class='ocr_line' id='line_1_44' title="bbox 208 4293 1355 4376; baseline 0.003 -21"><span class='ocrx_word' id='word_1_395' title='bbox 208 4298 365 4358; x_wconf 84' lang='lat' dir='ltr'>fecundam</span> <span class='ocrx_word' id='word_1_396' title='bbox 392 4293 497 4360; x_wconf 92' lang='lat' dir='ltr'>deinde</span> <span class='ocrx_word' id='word_1_397' title='bbox 525 4300 645 4376; x_wconf 90' lang='lat' dir='ltr'>Creten,</span> <span class='ocrx_word' id='word_1_398' title='bbox 674 4303 805 4376; x_wconf 85' lang='lat' dir='ltr'>patriam</span> <span class='ocrx_word' id='word_1_399' title='bbox 835 4302 993 4375; x_wconf 87' lang='lat' dir='ltr'>Tonantis,</span> <span class='ocrx_word' id='word_1_400' title='bbox 1016 4303 1047 4360; x_wconf 88' lang='lat' dir='ltr'>et</span> <span class='ocrx_word' id='word_1_401' title='bbox 1074 4320 1092 4360; x_wconf 88' lang='lat' dir='ltr'>a</span> <span class='ocrx_word' id='word_1_402' title='bbox 1119 4301 1212 4359; x_wconf 91' lang='lat' dir='ltr'>latere</span> <span class='ocrx_word' id='word_1_403' title='bbox 1241 4301 1355 4359; x_wconf 90' lang='lat' dir='ltr'>uicinas</span> 
     </span>
     <span class='ocr_line' id='line_1_45' title="bbox 207 4386 1354 4468; baseline 0.002 -23"><span class='ocrx_word' id='word_1_404' title='bbox 207 4386 352 4463; x_wconf 90' lang='lat' dir='ltr'>Cycladas</span> <span class='ocrx_word' id='word_1_405' title='bbox 380 4391 518 4450; x_wconf 89' lang='lat' dir='ltr'>salutaui.</span> <span class='ocrx_word' id='word_1_406' title='bbox 545 4390 614 4450; x_wconf 89' lang='lat' dir='ltr'>inde</span> <span class='ocrx_word' id='word_1_407' title='bbox 640 4410 688 4449; x_wconf 90' lang='lat' dir='ltr'>me</span> <span class='ocrx_word' id='word_1_408' title='bbox 711 4391 830 4450; x_wconf 89' lang='lat' dir='ltr'>Rhodos</span> <span class='ocrx_word' id='word_1_409' title='bbox 852 4386 875 4468; x_wconf 85' lang='lat'><em>†</em></span> <span class='ocrx_word' id='word_1_410' title='bbox 898 4395 928 4449; x_wconf 89' lang='lat' dir='ltr'>et</span> <span class='ocrx_word' id='word_1_411' title='bbox 957 4390 995 4449; x_wconf 87' lang='lat' dir='ltr'>ab</span> <span class='ocrx_word' id='word_1_412' title='bbox 1013 4407 1147 4468; x_wconf 88' lang='lat' dir='ltr'>regressu</span> <span class='ocrx_word' id='word_1_413' title='bbox 1170 4389 1354 4468; x_wconf 87' lang='lat' dir='ltr'>Aegyptium</span> 
     </span>
     <span class='ocr_line' id='line_1_46' title="bbox 206 4477 1354 4557; baseline 0.001 -22"><span class='ocrx_word' id='word_1_414' title='bbox 206 4477 339 4554; x_wconf 88' lang='lat' dir='ltr'>pelagus,</span> <span class='ocrx_word' id='word_1_415' title='bbox 378 4483 413 4539; x_wconf 90' lang='lat' dir='ltr'>ut</span> <span class='ocrx_word' id='word_1_416' title='bbox 443 4500 496 4540; x_wconf 90' lang='lat' dir='ltr'>ora</span> <span class='ocrx_word' id='word_1_417' title='bbox 527 4480 591 4539; x_wconf 88' lang='lat' dir='ltr'>Nili</span> <span class='ocrx_word' id='word_1_418' title='bbox 622 4480 753 4539; x_wconf 90' lang='lat' dir='ltr'>uiderem</span> <span class='ocrx_word' id='word_1_419' title='bbox 786 4484 816 4539; x_wconf 89' lang='lat' dir='ltr'>et</span> <span class='ocrx_word' id='word_1_420' title='bbox 847 4481 991 4557; x_wconf 87' lang='lat' dir='ltr'>populum</span> <span class='ocrx_word' id='word_1_421' title='bbox 1022 4497 1139 4556; x_wconf 87' lang='lat' dir='ltr'>semper</span> <span class='ocrx_word' id='word_1_422' title='bbox 1169 4481 1205 4538; x_wconf 88' lang='lat' dir='ltr'>in</span> <span class='ocrx_word' id='word_1_423' title='bbox 1233 4479 1354 4556; x_wconf 90' lang='lat' dir='ltr'>templis</span> 
     </span>
    </p>
   </div>
   <div class='ocr_carea' id='block_1_4' title="bbox 0 0 1534 5010">
    <p class='ocr_par' dir='ltr' id='par_1_4' title="bbox 0 0 1534 5010">
     <span class='ocr_line' id='line_1_47' title="bbox 0 0 1534 5010; baseline 0 4"><span class='ocrx_word' id='word_1_424' title='bbox 0 0 1534 5010; x_wconf 95' lang='lat' dir='ltr'> </span> 
     </span>
    </p>
   </div>
  </div>
 </body>
</html>
