3030 5002
607 348 645 402 111
663 367 690 403 u.
712 354 860 403 114-117.
1257 349 1301 414 55

153 519 178 578 si
205 518 424 579 hemistichium
449 518 577 580 Charisii
600 521 797 597 comparatur.
843 517 921 578 Nam
950 521 981 578 et
1007 517 1091 578 deest
1117 518 1193 578 illud
1220 519 1302 593 loge

152 611 183 668 et
200 607 299 669 deleto
318 613 359 668 est
376 610 430 669 aut
447 609 546 669 uerbis
565 610 755 686 transpositis
773 609 925 687 legitimus
944 609 1005 668 exit
1026 608 1134 668 herous
1152 608 1201 667 hic
1216 603 1300 667 ‘Vul-

153 700 258 758 turnus
281 697 385 774 (lapus
407 700 522 759 eminus
550 703 596 759 est
621 700 682 759 hia
708 699 805 758 millis
827 692 968 776 passum'.
1013 696 1056 756 At
1077 695 1233 774 probabile
1255 700 1302 757 est

152 787 301 848 Lucilium
327 787 381 847 illo
407 788 596 849 hemistichio
622 806 759 849 narrasse
786 805 850 847 seso
878 786 1008 848 Casilino
1042 785 1174 863 Capuam
1207 804 1301 861 usque

152 877 199 936 III
221 878 306 936 milia
328 896 470 954 passuum
493 879 581 956 louge
604 882 724 938 uectum
747 896 809 938 esse
832 878 884 937 uia
905 875 1019 954 Appia:
1045 875 1129 937 abest
1152 877 1230 936 euim
1253 878 1301 936 tot

112 982 120 1000 ·
152 968 237 1027 milia
261 965 424 1027 Casilinum
447 967 486 1028 ad
504 966 688 1027 Vulturnum
710 967 802 1028 situm
821 965 925 1043 (lapus
942 965 1029 1026 urbe:
1047 966 1119 1026 conf
1133 965 1300 1026 Huelseuus

151 1055 183 1115 in
206 1055 315 1134 Paulyi
337 1057 502 1117 Wissowaa
526 1057 676 1134 eucyolop.
695 1075 717 1118 s.
732 1078 760 1116 u.
783 1055 885 1134 Appia
906 1055 965 1115 uia

244 1137 325 1208 115.
348 1145 465 1206 Nouius
492 1167 521 1224 p.
542 1148 620 1221 396,
644 1148 685 1206 12
711 1142 846 1206 ‘Sumere
878 1144 970 1205 etiam
1002 1144 1152 1223 significat
1182 1142 1299 1222 eligere.

152 1235 284 1296 Lucilius
316 1238 485 1312 satyrarum
516 1235 567 1295 lib.
588 1235 636 1295 111
664 1231 719 1295 “et
742 1282 748 1293 .
768 1281 801 1294 ..
830 1229 1024 1296 sumemus”.’
1075 1234 1190 1308 corpori
1220 1235 1300 1294 reete

151 1324 267 1385 Dousa:
294 1325 305 1383 i
328 1327 403 1386 elisa
430 1330 465 1386 ut
492 1324 590 1401 asperi
612 1327 735 1400 u.113;
763 1325 834 1385 conf
853 1323 1116 1384 Penestianae
1140 1318 1299 1382 ‘exorando

151 1413 232 1474 haud
270 1414 456 1474 aduersando
494 1414 667 1475 sumendam
707 1433 829 1491 operam
869 1408 994 1474 censeo'.
1059 1411 1191 1490 Capuam
1233 1430 1301 1471 cum

152 1504 334 1580 aduenisset,
361 1503 405 1563 ibi
433 1507 555 1582 poetam
582 1505 698 1581 aliquot
728 1503 790 1563 dies
812 1503 956 1564 mansisse
979 1501 1031 1562 ubi
1054 1520 1160 1579 corpus
1183 1503 1301 1562 curaret

151 1593 305 1672 probabile
328 1595 374 1653 est
396 1595 438 1654 eis
462 1613 538 1670 quae
561 1593 728 1671 Porphyrio
751 1593 843 1653 refert
865 1585 937 1674 (96)
961 1594 992 1652 et
1015 1610 1092 1669 quae
1110 1592 1299 1670 exposuimus

151 1682 189 1743 ad
212 1704 240 1742 u.
258 1685 330 1743 117.
358 1715 403 1725 -
425 1677 597 1763 honestum]
620 1684 791 1761 pulchrum,
818 1701 973 1760 magnum,
1000 1681 1124 1757 bonum,
1153 1681 1299 1759 amplum:

150 1771 220 1833 uide
243 1774 281 1833 ad
304 1793 332 1832 u.
346 1774 449 1833 insert.
464 1793 492 1832 u.
509 1774 603 1834 1161.

148 1892 151 1898 ·
178 1893 180 1897 ν
209 1892 212 1898 ·
243 1854 324 1924 117.
348 1863 464 1923 Nonius
486 1882 515 1940 p,
535 1864 587 1939 25,
606 1865 646 1922 27
673 1857 796 1922 ‘Bronor'
818 1864 890 1922 suut
911 1860 1056 1938 producto
1080 1878 1130 1921 ore
1153 1862 1184 1920 et
1203 1858 1299 1921 denti·

151 1952 205 2012 bus
233 1952 479 2028 prominentibus.
530 1951 664 2012 Lucilius
697 1952 866 2029 satyrarum
893 1949 944 2011 lib.
963 1950 1011 2010 III
1039 1944 1187 2010 “broma
1217 1951 1300 2009 nouit

151 2043 239 2101 lanus
263 2089 268 2099 .
294 2088 300 2099 .
325 2088 331 2100 .
354 2036 549 2103 rinoceros’'.’
604 2039 774 2102 Priscianus
801 2039 852 2101 GL
871 2041 902 2100 II
924 2060 953 2117 p.
974 2041 1047 2114 217,
1067 2038 1123 2099 ΘΚ
1154 2034 1299 2098 ‘Lucilius

150 2132 181 2189 in
194 2130 258 2191 1111
275 2129 442 2209 Aethiopus
460 2131 537 2191 dixit
553 2151 608 2209 pro
622 2130 777 2209 Aethiops,
797 2125 971 2190 “rinocerus
990 2129 1074 2189 uelut
1087 2122 1298 2206 Aethiopus’'.’

152 2215 253 2280 ‘Recte
285 2221 359 2281 haec
391 2221 545 2282 coniunxit
576 2221 624 2281 Fr.
647 2220 758 2281 Dousa.
812 2220 883 2280 hino
918 2219 1064 2279 Horatius
1100 2218 1186 2277 duxit
1221 2216 1298 2278 illud

151 2304 333 2389 [serm.15‚
353 2304 410 2389 56]
435 2312 500 2384 egui
522 2315 548 2371 tc
570 2310 647 2371 Esse
672 2310 731 2383 seri
756 2309 882 2369 mandem
908 2309 980 2368 dieo.
1026 2307 1181 2368 Brocchus
1208 2304 1299 2368 Grae·

150 2417 217 2458 cam
250 2400 304 2473 est,
335 2402 448 2478 guttur.
502 2400 683 2460 Bouillcous
715 2400 833 2478 egregie
865 2396 1020 2457 Turnebus
1052 2397 1084 2456 in
1119 2395 1299 2457 aduemmiis

149 2489 237 2548 XVII
257 2484 320 2547 24’.
353 2488 436 2549 Haec
449 2487 672 2550 Lachmannus:
691 2507 779 2565 quem
797 2488 828 2546 id
847 2489 927 2547 recte
945 2486 1088 2547 statuisse
1106 2485 1299 2546 statuendum

150 2579 208 2638 erit
235 2581 289 2637 aut
315 2596 483 2638 scurrarum
511 2581 565 2638 aut
591 2578 671 2656 quod
698 2577 883 2655 probabilius
915 2576 1117 2655 gladiatorum
1149 2577 1299 2635 certamen

150 2667 363 2727 maledicorum
376 2669 474 2727 simile
483 2668 645 2728 Horatiani
657 2667 740 2727 illius
755 2667 792 2726 de
803 2685 863 2744 quo
872 2685 968 2742 nuper
976 2664 1040 2743 egit
1051 2663 1088 2724 A.
1099 2662 1298 2725 Dieteriohius

150 2755 318 2819 Pulcinelia
339 2777 368 2834 p.
389 2759 439 2817 94.
460 2759 523 2818 237
552 2775 688 2818 narrasse
714 2755 864 2816 Lucilium
895 2755 951 2815 hoo
980 2753 1071 2815 libror
1102 2753 1230 2815 similem
1261 2752 1298 2812 da

149 2847 205 2907 hoc
228 2848 396 2926 tegmento
419 2846 582 2926 Vargesius
609 2848 777 2923 protulerat
803 2845 983 2905 sententiam
1009 2843 1047 2903 de
1068 2841 1162 2901 Lucil.
1180 2841 1233 2903 lib.
1251 2842 1299 2902 111

149 2956 178 3012 p.
200 2938 227 2995 7.
265 2934 324 2996 Sed
345 2939 425 2996 recte
449 2937 635 2997 coniunxisse
657 2935 791 2997 Dousam
812 2935 869 2994 boc
890 2933 982 2994 Nonii
1006 2933 1208 3011 fragmentum
1230 2950 1299 2992 oum

149 3026 203 3086 illo
229 3025 376 3086 Prisciani
403 3045 491 3104 aegre
520 3026 630 3087 credas
680 3025 760 3086 Nam
787 3026 818 3084 et
847 3024 948 3100 potuit
979 3023 1025 3082 bis
1052 3020 1186 3083 Lucilius
1218 3023 1298 3081 rino-

150 3118 278 3176 cerotem
305 3134 470 3176 memorare
497 3119 528 3175 et
554 3117 587 3174 in
613 3116 707 3175 simili
733 3115 786 3192 qui
812 3115 886 3174 item
912 3112 1049 3174 oonmcia
1076 3111 1134 3172 sibi
1160 3110 1300 3190 ingerant

150 3205 350 3283 gladiatorum
382 3206 544 3266 certamine
576 3205 647 3265 libri
664 3205 709 3264 IV
736 3197 779 3286 (u.
801 3195 968 3285 153seqq.)
1000 3203 1101 3279 potuit
1132 3219 1203 3262 saue
1236 3219 1298 3262 esse

150 3295 232 3355 loeus
254 3295 338 3355 illius
361 3295 531 3374 fragmenti.
570 3293 651 3355 Godd
669 3293 815 3354 Prisciani
837 3293 966 3369 denique
988 3310 1090 3352 omnes
1107 3290 1218 3350 librum
1235 3290 1299 3350 ml

149 3386 312 3444 testantur:
341 3403 412 3443 nam
439 3385 519 3461 quod
541 3384 571 3444 L
593 3383 709 3444 Hertzii
731 3383 805 3459 VII,
827 3383 861 3441 K
875 3382 967 3442 VHII
994 3380 1138 3459 praebent
1164 3380 1234 3454 soli,
1266 3378 1298 3438 hi

150 3475 266 3534 numeri
298 3474 446 3551 quomodo
477 3475 543 3533 uati
570 3474 632 3535 siut
659 3491 694 3533 ex
711 3472 774 3533 1111
800 3491 861 3532 non
888 3471 1010 3531 difficile
1038 3473 1083 3530 est
1114 3487 1297 3549 cognoscere.

149 3563 257 3640 Itaque
284 3582 338 3624 suo
365 3564 430 3622 iure
457 3563 567 3623 duerit
594 3562 744 3640 quispiam
771 3580 832 3623 uon
857 3560 1058 3636 Prbciannm,
1087 3558 1139 3619 sed
1166 3557 1297 3619 Nonium

151 3671 212 3713 esse
235 3654 408 3729 corruptum
430 3653 491 3712 iliis
514 3652 588 3713 locis
611 3654 642 3712 et
664 3669 727 3712 esse
746 3651 804 3711 duo
822 3670 859 3711 ea
876 3651 1045 3729 fragmenta
1062 3647 1134 3709 libri
1150 3647 1203 3722 IV,
1226 3666 1297 3706 neu-

150 3744 230 3801 trum
252 3741 322 3801 libri
340 3741 395 3802 m.
438 3741 543 3819 Neque
566 3741 747 3802 susumus
770 3739 849 3817 quod
872 3738 1027 3799 Turnebus
1049 3737 1166 3798 inuenit
1187 3738 1220 3795 in
1248 3736 1297 3795 lit·

149 3831 221 3891 teris
248 3833 397 3908 corruptis
423 3834 507 3892 nouit
537 3832 626 3891 loom
657 3847 812 3908 possumus
843 3831 999 3905 tantopere
1030 3825 1185 3900 admirari,
1217 3825 1296 3901 quod

150 3939 245 3997 neque
268 3920 408 3980 credibile
427 3925 472 3981 est
489 3922 617 3981 Bouillis
635 3922 655 3979 i.
675 3939 699 3979 a.
722 3920 749 3979 X
768 3939 806 3978 m.
824 3938 853 3994 p.
877 3918 916 3978 ab
938 3916 1010 3976 urbe
1033 3916 1154 3993 poetam
1171 3931 1297 3991 pausam

150 4009 253 4070 fecisse
274 4010 392 4071 itineris
414 4029 510 4088 neque
533 4010 725 4070 Bouillanum
750 4006 898 4085 quendam
920 4005 1118 4085 gladiatorem
1141 4003 1190 4063 uel
1216 4020 1296 4063 scur-

149 4118 214 4158 ram
245 4099 306 4159 alio
338 4100 455 4160 uenisse
487 4100 539 4177 qui
571 4098 714 4159 conuiciis
746 4098 881 4158 certaret.
935 4095 1030 4155 Immo
1063 4090 1184 4170 Oapuae
1216 4093 1296 4170 apud

149 4188 297 4264 hospitem
323 4189 401 4247 hauc
428 4207 560 4267 pugnam
587 4187 787 4266 gladiatorum
815 4203 878 4245 esse
905 4185 1005 4244 actam
1031 4183 1127 4243 multo
1155 4184 1200 4244 est
1227 4182 1297 4243 ueri

150 4278 277 4337 similius
300 4280 331 4337 at
355 4277 474 4337 uidetur
495 4279 589 4338 latere
611 4278 644 4336 in
661 4278 745 4336 nouit
762 4276 850 4333 lanus
870 4272 1014 4350 Campani
1032 4273 1162 4334 nominis
1180 4271 1296 4333 Nouius

151 4358 344 4445 (0111571
370 4365 436 4425 Liu.
454 4367 497 4427 IX
518 4367 568 4440 26,
589 4358 622 4445 7)
657 4365 814 4445 genetiuus
848 4380 934 4422 casus
968 4363 1014 4423 ita
1049 4364 1085 4422 ut
1120 4362 1296 4442 gladiatoris

150 4457 319 4516 nominetur
336 4456 474 4517 dominus
489 4455 657 4532 Campanus
676 4453 764 4517 sicuti
779 4451 843 4511 fieri
857 4451 992 4514 uidemus
1007 4454 1040 4513 iu
1053 4451 1296 4528 inscriptionibus
