3036 5004
233 356 301 423 292
640 351 746 422 ,xm
762 370 792 414 u.
811 357 961 417 ist-⁴8⁶4.

236 523 479 586 antecedentibus
502 526 567 583 erat
589 524 776 584 nominatum
799 522 906 582 autin
931 519 1131 598 sequentibus.
1177 520 1308 583 Albinus
1328 521 1391 581 iste

235 619 281 677 est
304 617 381 676 certe
404 613 574 681 Postumius
597 612 733 690 quidam,
760 631 856 690 neque
883 614 984 672 tamen
1012 610 1091 672 idem
1118 610 1238 670 uidetur
1260 627 1324 671 esse
1349 610 1392 670 ad

236 724 324 783 quem
352 704 424 781 quid
451 703 492 764 sit
518 704 615 763 utrius
641 704 745 780 postea
773 703 909 779 exposuit
931 700 1065 762 Lucilius
1095 720 1132 761 ea
1158 702 1274 775 satura,
1301 702 1390 759 cuius

235 798 319 855 extat
341 794 543 872 fragmentum
565 794 669 852 incert.
688 812 716 851 u.
739 792 822 852 1336
842 809 924 868 seqq.
961 789 1121 851 Consulem
1144 783 1387 870 anni603s151

236 883 471 947 apodemium
489 881 673 957 historicum,
691 882 744 958 qni
762 880 921 941 admodum
940 899 1027 941 senex
1046 883 1125 941 esset
1142 897 1221 939 anno
1236 873 1391 958 ertheo,
1472 875 1477 885 '

236 975 284 1034 uel
322 971 402 1050 quod
440 973 536 1050 magis
569 972 669 1048 placet
699 971 850 1032 consulem
882 972 955 1030 anni
988 964 1136 1049 cossus
1170 968 1221 1046 Sp.
1244 967 1389 1028 Albinum

235 1065 385 1134 oratorem
403 1053 650 1144 (cicuratas)
669 1060 725 1120 hoc
743 1059 808 1123 loco
826 1063 916 1137 poeta
933 1058 1053 1119 uidetur
1066 1058 1227 1136 appellare.
1264 1057 1390 1117 Vtrum-

234 1171 294 1229 que
317 1152 460 1222 Albinum
488 1151 597 1211 infesto
625 1150 724 1210 animo
748 1149 883 1227 appellat
904 1150 935 1209 11.
950 1167 987 1212 ss.
1006 1148 1140 1209 Lucilius
1163 1167 1258 1225 neque
1281 1147 1392 1207 fauent

234 1241 476 1312 huistamiliae
509 1240 657 1318 Scipionis
694 1239 783 1299 amici
802 1241 845 1303 ,in
877 1238 985 1316 quibus
1023 1240 1068 1298 est
1099 1237 1242 1315 Polybius
1274 1229 1342 1319 (XL
1370 1238 1389 1295 6

231 1325 376 1411 [XXXIX
397 1322 476 1411 12]).
513 1328 697 1392 Postumiam
711 1329 791 1406 quod
805 1328 919 1393 dimisit
932 1347 1022 1406 gener
1035 1327 1087 1388 ille
1103 1327 1215 1404 Albim,
1228 1327 1391 1405 suspiceris

237 1422 349 1480 iactum
372 1439 435 1481 csse
457 1418 589 1481 moribus
612 1419 746 1479 mulieris
769 1417 870 1494 prauis
893 1421 923 1478 et
947 1419 1108 1494 corruptis:
1134 1416 1270 1478 bibosam
1294 1435 1390 1492 quau·

233 1510 306 1581 ‚dam
328 1502 752 1578 Postumiam'commemorat
776 1506 912 1567 Catullus
934 1507 1049 1567 XXVII
1068 1509 1102 1567 3:
1130 1507 1199 1567 uide
1222 1506 1259 1565 ed
1283 1507 1391 1586 incert.

796 1742 824 1800 3.

252 1921 260 1937 ,η
282 1933 293 1935 ,,
320 1858 410 1927 851.
429 1865 545 1927 Nonius
564 1887 591 1944 p.
604 1866 678 1942 338,
694 1869 731 1924 11
748 1860 935 1925 Ἃᾶῖθιιᾱοτθ
950 1868 996 1925 est
1011 1863 1172 1926 intendere.
1197 1863 1393 1924 Lucilius

238 1957 289 2016 lib.
304 1955 449 2023 XXVIIH
473 1951 652 2032 “praeterea
673 1957 708 2015 ut
729 1960 864 2017 nestros.
881 2003 887 2015 .
904 2002 909 2014 .
929 1954 1089 2018 adtendere
1116 1954 1152 2013 de
1174 1972 1206 2012 re
1228 1953 1317 2014 dietis
1338 2000 1392 2013 ...

238 2040 358 2108 uelis'’.’
401 2046 486 2106 dere
504 2048 572 2122 post
594 2045 745 2105 attondere
764 2044 875 2104 deleuit
893 2044 964 2105 edit.
983 2046 1086 2120 princ,
1108 2043 1392 2103 neumnensium.

241 2169 281 2177 -
305 2137 429 2204 mamos-
442 2133 568 2211 pluralis
590 2133 805 2201 memorabilis:
829 2135 936 2208 templa
953 2137 1030 2210 freis
1049 2134 1152 2193 limine
1171 2133 1245 2193 alibi
1263 2132 1393 2210 legitur:

236 2223 276 2295 σὺ
291 2220 335 2293 di
361 2232 454 2295 seme
481 2222 552 2303 μετὰ
579 2222 665 2304 φρεσὶ
691 2222 796 2302 βάλλεο
824 2230 912 2308 σῇσιν
939 2226 970 2282 et
997 2223 1108 2283 similia
1140 2221 1246 2282 Graeci
1273 2225 1392 2298 poetae.

239 2313 328 2374 Color
363 2331 467 2374 uernis
503 2312 582 2374 idem
619 2317 664 2373 est
700 2316 791 2390 atque
827 2311 878 2372 lib.
902 2312 1024 2371 XXVII
1040 2332 1068 2371 u.
1089 2313 1152 2371 693
1188 2311 1241 2371 ubi
1277 2312 1395 2388 legitur

239 2405 378 2474 animum.
390 2403 541 2473 aeneus,
575 2402 830 2477 addiderantque
844 2402 980 2462 adhibere
992 2400 1206 2477 hendiadyoin:
1227 2396 1394 2461 ‘enimuero

231 2495 296 2563 hnc
319 2512 405 2561 aures
427 2494 524 2574 magis
547 2496 617 2554 sunt
639 2491 824 2552 adhibendae
847 2486 932 2550 mihi’
952 2491 1048 2551 Plant.
1068 2489 1134 2551 (Ias.
1155 2490 1246 2551 475..
1373 2544 1374 2547 ,

287 2578 293 2608 ”
329 2574 552 2655 853.,Νοιιίιιε
583 2599 612 2659 p.
633 2583 711 2655 383,
736 2583 777 2642 13
812 2576 952 2656 ‘Bepara
988 2580 1153 2641 motituere.
1256 2579 1394 2639 Lucilius

240 2673 289 2734 lib.
301 2672 437 2734 XXVII
449 2667 630 2733 “consilinm
646 2717 687 2731 ...
701 2675 840 2746 propretor·
854 2663 985 2752 (reputer
999 2661 1240 2751 Geneuensis)”.'
1273 2668 1395 2730 Nonius

240 2766 266 2824 si
293 2761 454 2827 secundum
481 2761 615 2822 ordinem
644 2780 731 2837 quem
759 2761 835 2821 solet
862 2778 981 2820 seruare
1008 2760 1086 2819 hunc
1114 2770 1234 2819 uersum
1264 2760 1397 2836 protulit

240 2871 300 2914 non
336 2853 437 2930 potest
472 2869 535 2912 esse
571 2849 641 2911 libri
664 2847 778 2909 XXVII
815 2852 864 2909 cui
899 2868 976 2910 unus
1008 2848 1148 2908 attribuit
1179 2848 1395 2910 Baehreusius:

240 2941 430 3002 Antecedunt
456 2939 526 3000 libri
544 2939 643 3000 XXVI
665 2959 714 2998 nu.
731 2940 803 2999 684.
829 2939 906 3013 685,
931 2941 1076 2999 secuntur
1098 2938 1168 3000 libri
1191 2938 1288 2998 XXIX
1311 2938 1393 3017 frag·

240 3033 341 3102 menta
363 3030 422 3090 duo
445 3049 494 3089 uu.
515 3029 691 3090 sss-850
714 3032 745 3087 et
768 3029 841 3088 846.
866 3028 939 3087 847.
985 3028 1091 3105 ltaque
1118 3027 1394 3104 probabilissimum

241 3122 298 3190 erit
329 3120 485 3179 restituere
516 3118 587 3179 libri
618 3137 773 3177 numerum
796 3117 901 3176 XXIX.
936 3118 1067 3196 thtur
1093 3118 1130 3177 de
1160 3118 1227 3177 uiro
1254 3117 1394 3194 princeps

241 3210 377 3269 ciuitatis
395 3209 447 3284 qui
465 3207 568 3267 inerit:
588 3206 646 3267 (lic.
667 3207 703 3267 de
721 3211 795 3267 orat.
815 3207 862 3269 HI
882 3208 922 3266 63
944 3203 991 3266 ‘ea
1009 3207 1199 3284 philosophia
1218 3253 1224 3264 .
1241 3253 1246 3265 .
1262 3253 1268 3265 .
1287 3207 1393 3283 procul

243 3298 328 3358 abest
359 3302 460 3357 tamen
492 3297 529 3357 ab
562 3315 595 3356 eo
628 3297 708 3371 uiro,
741 3315 829 3374 quem
861 3295 1031 3373 quaerimus
1063 3301 1094 3355 et
1126 3316 1214 3373 quem
1242 3298 1395 3355 auctorem

241 3386 354 3464 publici
382 3387 498 3447 consilii
525 3389 556 3445 et
583 3386 729 3464 regendae
757 3387 890 3446 ciuitatis
919 3385 1022 3445 ducem
1050 3390 1080 3446 et
1108 3387 1273 3446 sententiae
1300 3387 1394 3461 atque

238 3476 429 3553 eloquentiae
456 3477 621 3552 principem
649 3477 680 3535 in
709 3479 827 3551 senatu,
860 3478 892 3534 'm
919 3476 1044 3552 populo,
1076 3477 1107 3534 in
1136 3476 1234 3536 causis
1264 3473 1394 3551 publicis

240 3583 306 3636 esee
325 3559 488 3640 uolumus’3
506 3565 598 3624 1211
622 3560 711 3626 ‘hune
729 3564 910 3642 reipublicae
928 3569 1073 3625 rectorem
1092 3567 1123 3624 et
1145 3565 1262 3637 consilii
1280 3563 1394 3641 publici

242 3659 393 3716 auctorem
416 3672 479 3713 esse
501 3652 671 3713 habendum
699 3654 960 3731 praedicaremque
984 3654 1015 3714 P.
1036 3653 1197 3714 Lentulum
1227 3655 1394 3732 principem

242 3745 327 3804 illum
418 3745 448 3802 et
470 3743 501 3804 P.
517 3743 692 3803 Africanum
715 3747 746 3802 et
768 3742 799 3803 (I.
814 3739 961 3803 Laelium’
982 3764 1006 3803 e.
1022 3764 1049 3820 q.
1064 3763 1087 3803 s.
1128 3745 1176 3803 Ad
1199 3745 1277 3804 huuc
1301 3743 1393 3803 talem

238 3834 341 3904 uirum
360 3836 449 3911 poeta
467 3833 544 3892 hanc
562 3836 695 3893 saturam
713 3835 809 3894 misit:
828 3832 918 3902 sicuti
936 3854 971 3893 er
990 3833 1126 3896 uersibus
1142 3834 1194 3911 qui
1213 3832 1395 3894 auoecedunt

242 3923 452 3999 intelleximus,
470 3923 547 3983 hunc
566 3921 669 3985 eodem
687 3923 775 3984 modo
794 3923 929 4000 appellat
946 3942 1005 3999 quo
1021 3923 1190 4000 Scipionem
1204 3923 1255 3983 lib.
1269 3920 1393 3982 XXVII.

238 4079 242 4086 ,
333 4004 416 4075 854.
438 4013 554 4074 Nonius
574 4033 601 4090 p.
618 4013 670 4089 36,
685 4014 726 4073 25
748 4009 877 4073 ‘Collare
896 4015 942 4072 est
959 4013 1074 4072 uinculi
1088 4030 1189 4090 genus,
1208 4031 1268 4090 quo
1282 4011 1395 4073 collum

243 4102 450 4180 ambiugitur.
508 4102 641 4163 Lucilius
676 4102 727 4163 lib.
751 4101 897 4162 XXVIIII
935 4097 1025 4162 “cum
1143 4103 1304 4177 sollersque

243 4186 443 4267 deportem’'.’
490 4190 602 4252 Paulus
625 4191 704 4253 Fest.
723 4193 794 4269 epit.
813 4212 842 4268 p.
858 4193 900 4251 45
916 4192 947 4252 Μ
971 4187 1108 4252 ‘Catulus
1127 4210 1224 4270 ‚genus
1244 4189 1394 4268 quoddam

243 4280 365 4355 uinculi
384 4283 437 4356 qui
456 4281 603 4340 interdum
623 4284 703 4341 cenis
723 4276 904 4359 appellatur’
920 4271 1033 4361 (Plaut.
1050 4280 1115 4342 (las.
1132 4282 1195 4341 389
1212 4277 1258 4340 ‘ut
1271 4279 1395 4357 quidem

244 4374 279 4428 tu
302 4369 389 4441 hodie
413 4389 515 4429 canem
534 4374 565 4429 et
583 4371 697 4433 furcam
719 4362 834 4452 feras’).
876 4369 994 4435 souare
1015 4374 1198 4431 memoratur
1212 4373 1247 4430 in
1265 4369 1396 4430 uinculis

240 4456 341 4532 Plaut.
363 4457 447 4534 (lapt.
468 4459 546 4532 357,
582 4458 655 4518 nibil
673 4460 747 4525 huc
775 4461 906 4536 pertinet
938 4460 1047 4520 collare
1079 4460 1174 4521 Musei
1206 4459 1397 4519 Kircberiani
