3000 5002
546 388 643 444 incert.
663 387 721 442 sed.
740 404 766 442 ιι.
789 392 971 442 lete-1277.
1271 386 1337 451 403

187 561 219 617 in
247 556 460 618 commentario
488 555 527 616 ad
552 559 601 616 12.
648 557 740 615 bouus
767 560 802 615 ut
828 557 879 615 lib.
899 556 980 614 XXX
999 576 1027 615 u.
1048 557 1111 614 972
1142 550 1212 636 ‘non
1242 555 1336 615 bonus

188 643 288 722 bello’,
315 664 415 723 asper,
442 648 478 704 ut
499 644 588 724 Verg.
607 646 680 705 Aen.
700 645 743 703 XI
762 646 826 704 664
856 641 957 721 ‘quem
983 645 1045 704 telo
1073 646 1217 720 primum,
1249 663 1336 719 quem

188 739 379 813 postremum,
399 753 505 811 aspera
522 735 618 814 uirgo,
636 729 759 794 deicist’
779 734 851 793 114
872 730 1048 810 ‘studiisque
1068 733 1231 811 asperrima
1245 729 1338 806 belli’,

188 825 365 885 uocabulum
388 823 509 884 uidetur
532 842 594 884 esse
613 826 772 885 castrensis
795 825 946 883 sermonis.
988 822 1090 883 Verba
1111 823 1253 882 uidentur
1276 841 1338 881 esse

186 914 359 975 Pacideiani
377 906 497 996 (liblV
511 933 539 972 u.
557 914 619 973 153
630 905 726 994 seqq.)
746 916 798 990 qui
816 914 964 992 gloriatur
983 912 1071 972 facile
1090 930 1121 972 se
1140 913 1336 972 Aeserninum

187 1007 352 1078 uicturum,
384 1002 463 1079 quod
490 1004 628 1080 quamuis
655 1004 749 1063 bonus
777 1005 840 1080 ipse
869 1002 987 1062 Samnis
1017 1005 1058 1061 sit
1085 1003 1115 1061 et
1142 1003 1171 1060 iu
1201 1001 1271 1061 ludo
1304 1020 1338 1059 ac

188 1093 312 1153 rudibus
336 1093 431 1153 cuiuis
454 1095 528 1153 satis
552 1112 647 1169 asper,
669 1094 702 1152 in
722 1112 825 1170 pugna
843 1095 910 1169 ipsa
928 1092 984 1152 sibi
1003 1091 1101 1168 impar
1120 1090 1270 1151 habendus
1290 1093 1339 1167 sit,

188 1185 317 1262 ignauus
340 1186 372 1242 et
394 1182 485 1259 rudis,
507 1181 636 1242 bellator
657 1182 850 1241 umbraticus.

279 1263 386 1333 12⁷5.
409 1270 506 1331 Varro
539 1271 575 1331 de
606 1272 710 1351 lingua
742 1271 852 1330 Latina
883 1270 960 1331 libro
984 1269 1043 1328 VH
1064 1271 1126 1331 103
1161 1265 1269 1329 ‘Multa
1301 1269 1338 1327 ab

189 1361 365 1422 animalium
388 1360 510 1422 uocibus
533 1360 646 1420 tralata
669 1362 701 1420 in
724 1360 871 1434 homines3
899 1362 1010 1437 partim
1034 1379 1110 1436 quae
1133 1362 1203 1418 suut
1226 1362 1338 1435 aperta,

187 1451 300 1528 partim
322 1449 455 1510 obscura.
500 1452 657 1528 perspicua
680 1452 715 1508 ut
735 1495 741 1508 .
758 1498 763 1509 .
780 1496 786 1508 .
806 1449 938 1510 ciusdem
961 1443 1131 1525 “quantum
1152 1494 1203 1508 ...
1223 1448 1339 1526 equita·

188 1534 298 1600 tum”.'
341 1535 500 1616 ‘quantum
519 1539 677 1598 Hiunitum
697 1542 789 1615 atque
808 1534 996 1615 quiritatum’
1016 1537 1185 1598 Muellerus.
1226 1539 1339 1597 Tamen

188 1632 310 1689 minime
338 1648 455 1690 necesse
484 1632 528 1688 est
555 1628 613 1688 duo
644 1628 754 1688 adferri
777 1628 923 1688 uocabula
946 1627 1054 1705 quibus
1078 1632 1233 1687 enarretur
1254 1645 1339 1704 prae·

189 1722 316 1796 ceptum.
362 1718 465 1779 Potest
487 1719 622 1797 intellegi
645 1721 789 1793 equitatus
811 1722 966 1794 tamquam
989 1719 1124 1791 equitatio
1152 1717 1189 1776 de
1211 1720 1340 1794 strepitu

189 1827 332 1886 equorum
357 1810 552 1885 equitumque
575 1809 798 1868 incurrentium.

281 1890 387 1959 1276.
425 1897 530 1958 Festus
567 1917 595 1974 p.
618 1899 757 1973 322AE
783 1892 920 1973 ‘Sargus‚
956 1896 1045 1972 piscis
1082 1914 1188 1974 geum,
1224 1894 1276 1971 qui
1308 1895 1340 1953 in

188 1988 339 2065 Aegyptio
376 1987 452 2046 marl
488 1986 550 2046 fere
582 1987 722 2047 nascitur.
781 1985 916 2045 Lucilius
949 1979 1062 2062 “quem
1162 1978 1341 2044 mauebit'’.'

189 2078 234 2136 De
243 2076 349 2152 helope
358 2076 466 2136 Athen.
476 2075 536 2134 VII
545 2075 680 2152 paean
698 2076 792 2136 tradit
801 2075 1012 2153 Epicharmum
1022 2075 1116 2134 Musis
1126 2067 1181 2155 (⁷1
1195 2066 1339 2155 Kaibelii)

189 2165 284 2246 egisse
315 2165 371 2224 hoe
393 2163 490 2225 'uersu
522 2163 625 2225 τόντε
653 2165 851 2243 πολυτίματον
878 2162 969 2224 ἔλοπα
995 2168 1070 2241 κτλ,
1097 2163 1133 2222 de
1161 2164 1287 2223 raritate
1310 2165 1340 2221 et

189 2254 287 2331 pretio
314 2254 402 2313 huius
434 2254 525 2331 piscis
551 2254 667 2314 Aelian.
692 2254 760 2314 hist.
779 2254 869 2313 anim.
888 2253 964 2312 VIII
985 2254 1035 2313 28.
1086 2252 1173 2332 Sergi
1201 2257 1340 2313 naturam

190 2344 313 2422 exponit
333 2344 441 2402 Athen.
461 2342 521 2401 VH
539 2364 567 2420 p.
584 2345 644 2403 321
658 2342 697 2418 B,
720 2347 876 2420 capturam
900 2344 1015 2402 Aelian.
1034 2342 1102 2402 hist.
1122 2344 1212 2402 anim.
1231 2341 1339 2400 XII12

190 2451 281 2509 quam
305 2431 394 2492 Cares
421 2451 554 2492 exercere
582 2436 702 2507 narrat,·
726 2451 794 2492 eum
821 2432 924 2508 helops
950 2434 984 2491 in
1006 2431 1184 2508 Pamphylia
1211 2431 1278 2507 capi
1301 2432 1342 2490 sit

190 2523 296 2582 solitus
332 2522 435 2581 eodem
467 2523 587 2582 auctore
610 2521 685 2580 VIII
705 2522 760 2580 28:
792 2520 933 2582 Puteolos
964 2539 1024 2597 qua
1055 2524 1176 2599 regione
1208 2519 1341 2580 Lucilius

190 2630 278 2671 senex
315 2610 554 2671 commorabatur
594 2609 767 2670 deferebant
802 2611 897 2688 pisces
938 2610 1014 2669 tales
1051 2614 1160 2669 nautae
1197 2609 1342 2686 Aegyptii

190 2693 306 2782 (Senec.
330 2702 415 2777 epist.
438 2702 492 2776 77,
517 2694 560 2783 1).
614 2700 660 2759 Ι)ο
692 2700 822 2775 Aegypto
855 2698 988 2759 ablatiuo
1020 2700 1089 2759 uide
1121 2698 1159 2758 ad
1191 2697 1242 2758 lib.
1267 2696 1341 2756 XIII

190 2810 218 2851 u.
234 2791 314 2866 446,
344 2788 510 2870 Αἰγύπτιος
542 2788 723 2869 μιαρώτατος
754 2797 813 2849 τῶν
845 2787 961 2867 ἰχθύων
992 2787 1124 2865 κάπηλος
1159 2791 1342 2872 memoratur

191 2880 229 2939 ab
252 2880 405 2956 Archippo
427 2877 512 2939 GAF
531 2879 546 2937 I
564 2898 593 2955 p.
609 2879 683 2953 684,
703 2880 759 2938 25:
779 2879 850 2939 conf
869 2878 970 2937 quen.
989 2877 1034 2937 IV
1054 2879 1104 2938 33.
1141 2878 1274 2946 moucbt,
1292 2877 1340 2936 cui

191 2970 319 3029 saliuam
342 2968 487 3028 mouebit:
511 2968 548 3028 de
570 2968 663 3028 uerbo
684 2987 804 3029 mouere
822 2967 891 3027 uide
910 2967 1079 3027 Bentleium
1102 2967 1142 3027 ad
1164 2967 1235 3026 Hor.
1255 2985 1341 3026 serm.

190 3058 282 3133 110,
302 3059 352 3118 78.
404 3057 558 3118 Sententia
585 3058 692 3118 similis
720 3062 786 3117 erat
813 3060 905 3134 atque
934 3056 1005 3116 Hor.
1030 3057 1114 3134 epod.
1137 3056 1168 3115 Il
1192 3058 1233 3116 49
1244 3074 1341 3132 seqq:

190 3148 267 3209 tales
286 3147 394 3207 herbae
413 3148 438 3207 si
457 3150 505 3208 cui
524 3148 679 3226 appositae
698 3150 794 3223 erunt,
812 3166 900 3224 quem
915 3145 1047 3206 monebit
1062 3165 1167 3224 sargus
1180 3142 1342 3221 helopsue?

191 3236 281 3297 Libro
300 3236 343 3297 IV
367 3236 474 3297 tribuit
496 3237 703 3311 Baehrensius,
725 3237 822 3314 possis
844 3236 975 3296 tribuere
998 3236 1090 3296 etiarn
1109 3235 1144 3294 V.

283 3319 389 3389 12⁷7.
408 3327 521 3386 Paulus
540 3347 569 3404 p.
585 3328 658 3401 256,
675 3329 713 3386 11
736 3322 949 3403 ‘Querqueram
970 3325 1111 3404 frigidam
1130 3343 1196 3384 cum
1214 3326 1342 3384 tremore

192 3415 346 3477 aGraeco
369 3415 501 3496 κάρκαρα
525 3421 638 3477 certum
661 3418 707 3476 est
729 3415 802 3490 dici,
829 3415 909 3475 unde
932 3420 962 3475 et
984 3434 1092 3476 carcer.
1138 3415 1341 3476 Lucilius...

192 3504 309 3587 (incert
332 3527 362 3565 ιι.
387 3498 487 3587 1194)
529 3511 560 3566 et
601 3501 720 3566 alibi‘
725 3502 902 3583 ‘querquera
943 3506 1135 3581 consequitur
1177 3506 1342 3581 capitisque

191 3589 353 3656 dolores”.’
390 3594 543 3672 Festusp
559 3597 632 3671 257,
643 3590 740 3656 33‘..
752 3599 808 3655 ,et
825 3595 898 3654 alibi
919 3590 1074 3671 “querque
1088 3588 1178 3654 —''.'
1215 3592 1343 3651 Videtur

191 3706 220 3744 u
238 3687 387 3762 pertinere
409 3685 448 3745 ad
471 3684 523 3744 lib
542 3685 569 3741 V
594 3641 680 3768 (obnf
699 3706 727 3744 u
746 3679 823 3766 189)
848 3703 907 3761 quo
929 3683 1063 3744 Lucilius
1091 3683 1127 3742 de
1151 3702 1204 3742 sua
1226 3683 1342 3741 ualetu-

192 3773 260 3833 dine
289 3777 500 3850 conqueratur.
533 3777 687 3835 enumerat
718 3773 813 3834 morbi
841 3773 889 3833 sui
915 3793 1003 3850 quem
1031 3774 1149 3850 saepius
1176 3773 1343 3848 perpetitur

192 3862 328 3941 singulos
353 3863 464 3943 gradus
492 3866 523 3923 et
551 3864 670 3942 singula
700 3865 896 3923 incrementa.
928 3863 999 3922 conf
1025 3861 1226 3921 cels.11110
1254 3855 1342 3920 ‘Oen-

186 3951 382 4035 siderandum
415 3953 505 4012 etiam
538 3955 596 4028 est,
622 3952 756 4013 febresne
788 3952 868 4011 solae
896 3953 970 4026 sint,
1002 3970 1041 4011 an
1068 3951 1128 4010 alia
1157 3968 1274 4025 quoque
1296 3948 1343 4008 his

183 4040 275 4102 mala
304 4040 456 4117 accedant,
486 4041 518 4101 id
550 4044 608 4117 est,
640 4060 710 4100 num
744 4043 835 4117 caput
861 4039 975 4116 doleat,
1002 4058 1074 4098 num
1100 4039 1206 4119 lingua
1229 4056 1343 4115 aspera,

193 4150 264 4190 num
283 4130 457 4233 praecordia
474 4133 591 4192 intenta
611 4132 679 4192 sint
726 4129 759 4190 Si
782 4129 891 4205 capitis
914 4086 1030 4189 dolbres
1053 4131 1132 4204 sunt,
1154 4146 1252 4188 rosam
1275 4138 1343 4186 cum

194 4224 277 4281 aceto
309 4221 431 4280 miscere
463 4215 603 4298 oportet'.
639 4251 684 4261 -
715 4220 911 4293 caecatur,
943 4221 978 4277 ut
1008 4216 1067 4277 (lic.
1091 4217 1127 4278 de
1160 4219 1233 4276 orat.
1257 4216 1341 4275 ΙΠ6

194 4306 343 4386 ‘Namque
361 4311 426 4368 tum
444 4310 524 4370 latus
543 4311 571 4370 ei
590 4309 701 4369 dicenti
719 4306 906 4369 condoluisse
924 4306 1119 4384 sudoremque
1133 4307 1261 4366 multum
1275 4325 1343 4365 con·

192 4403 326 4461 secutum
353 4417 416 4459 esse
445 4399 651 4475 audiebamus,
679 4418 714 4459 ex
742 4416 816 4475 quo,
843 4416 911 4458 cum
938 4396 1150 4472 cohorruisset,
1177 4414 1244 4455 cum
1266 4394 1344 4454 febri

192 4489 313 4549 domum
334 4488 426 4548 rediit
448 4490 555 4567 dieque
573 4491 701 4566 septimo
720 4492 766 4548 est
782 4487 887 4548 lateris
905 4486 1006 4547 dolore
1024 4478 1059 4568 (i.
1073 4505 1098 4546 e.
1116 4485 1251 4562 pleuriti:
1275 4484 1344 4543 uide

1077 4584 1131 4640 28'
