3000 5002
487 368 585 428 incert.
606 369 663 427 sed.
682 388 709 426 u.
730 372 914 428 ures-1201.
1215 368 1279 438 381

133 538 276 624 ἀργύριον
297 534 428 604 Ἀττικόν
451 535 689 625 (Dittenbergsri
708 542 781 620 Syll.
801 542 838 601 ed
855 541 887 600 Π
906 543 979 618 588,
1000 533 1088 621 190),
1113 542 1227 618 ellipsis
1250 543 1281 601 in

131 653 164 693 re
183 635 351 693 nummaria
369 633 611 709 frequentissima
629 633 718 694 sicuti
737 633 768 691 in
785 625 913 691 Ἀττικαί
928 650 983 707 pro
1004 630 1152 696 drachmis
1170 632 1281 691 Atticis

134 723 214 798 quod
241 726 376 799 ponitur,
403 726 540 782 mutuum
567 741 696 798 sumere,
725 721 901 797 Philippeus
928 719 959 778 id
987 740 1079 798 genus
1103 721 1178 780 aliis.
1225 722 1281 780 Em

134 813 234 888 accipe
254 831 399 886 nummos,
421 812 492 872 lecti
515 814 585 871 sunt
607 830 718 886 omnes,
740 812 796 870 hoc
820 813 865 870 est
886 809 1022 869 Atticum
1045 813 1212 888 argentum.

224 893 330 962 1200.
355 900 468 962 Gellius
486 901 517 959 Π
537 902 588 975 24,
609 903 626 959 7
652 895 725 960 ‘Lex
745 898 851 960 deiude
869 898 986 959 Licinia
1003 902 1109 977 rogsta
1127 902 1181 974 est,
1204 920 1281 976 quae

133 1011 201 1051 cum
219 992 307 1051 certis
326 991 438 1064 diebus,
456 990 546 1050 sicuti
559 991 684 1064 Fannia,
702 993 841 1049 centenos
859 990 937 1049 aeris
954 988 1076 1064 inpendi
1090 990 1281 1065 permisisset,

132 1081 248 1159 nuptiis
271 1081 398 1140 ducenos
421 1079 547 1139 indulsit
574 1080 738 1155 ceterisque
766 1079 870 1138 diebm
893 1079 1009 1137 statuit
1035 1079 1112 1138 aeris
1138 1078 1280 1138 tricenos:

133 1189 200 1229 cum
223 1173 255 1229 et
277 1170 374 1230 carnis
398 1170 499 1229 aridae
522 1172 553 1227 et
573 1169 748 1229 salsamenti
765 1171 847 1228 certa
864 1166 997 1246 pondera
1015 1168 1046 1225 iu
1065 1168 1199 1245 singulos
1217 1167 1280 1228 dies

133 1260 345 1334 constituisset,
369 1258 516 1336 quidquid
539 1263 616 1319 esset
637 1261 739 1318 tamen
758 1261 881 1330 eterra,
904 1258 976 1329 uite,
999 1256 1114 1331 arbore,
1135 1259 1281 1333 promisce

134 1352 225 1425 atque
247 1347 400 1408 indefinite
424 1349 535 1426 largita
558 1352 610 1408 est.
656 1347 755 1406 Huius
777 1347 852 1424 legis
875 1345 1004 1405 Laeuius
1032 1349 1121 1421 poeta
1145 1347 1282 1406 meminit

134 1436 336 1498 ...Lucilius
364 1455 482 1513 quoque
509 1437 586 1515 legis
612 1438 700 1496 istius
727 1435 864 1495 meminit
890 1435 922 1494 in
949 1435 997 1494 his
1027 1435 1127 1496 uerbis
1161 1431 1281 1514 “legem

133 1527 262 1587 uitemus
279 1521 423 1586 Licini’'.'
462 1525 539 1586 (Ioni
553 1525 683 1586 Macrob.
703 1524 822 1585 Saturn.
840 1524 888 1583 III
908 1527 959 1598 17,
980 1527 1089 1602 7οοοο.
1113 1525 1197 1585 etde
1215 1526 1281 1602 lege

132 1615 266 1676 Liciniae
288 1619 423 1692 tempore
450 1615 488 1674 ad
511 1615 621 1675 Lucilii
642 1615 694 1676 lib.
713 1615 741 1672 V
760 1635 787 1674 ιι.
809 1617 872 1674 193
896 1614 971 1673 XIII
989 1634 1017 1674 u.
1037 1616 1102 1675 440
1125 1615 1228 1674 incert.
1252 1636 1280 1675 ιι.

136 1708 230 1764 1172.
252 1707 336 1765 1153
357 1704 425 1764 dub.
444 1726 472 1764 u.
495 1706 588 1765 1353.
620 1705 712 1764 Libro
730 1704 775 1764 IV
794 1704 953 1780 adscripsit
971 1704 1138 1764 Muellerus.
1170 1704 1280 1779 Loqui-

102 1827 104 1832 ·
133 1798 184 1854 tur
210 1795 310 1854 helluo
338 1795 423 1855 uafer
451 1791 615 1854 ‘uideamus
643 1813 703 1871 qua
730 1796 846 1854 ratione
877 1793 975 1871 legem
1006 1795 1135 1853 uitemus
1161 1789 1280 1852 Liciui'.

133 1882 287 1953 Quomodo
310 1881 460 1943 Ciceronis
483 1886 616 1960 tempore
639 1885 736 1962 legem
759 1884 977 1960 sumptuariam
1000 1882 1154 1957 euItarint,
1179 1881 1281 1942 Cicero

133 1979 237 2033 narrat
259 1975 345 2050 epist.
364 1973 424 2032 VH
444 1975 533 2049 26,9
561 1970 651 2033 ‘Nam
678 1973 749 2032 dum
777 1973 883 2032 uolunt
909 1974 962 2034 isti
989 1972 1065 2031 lauti
1092 1976 1172 2032 terra
1199 1977 1281 2046 natu,

134 2082 210 2138 quae
234 2065 299 2142 lege
323 2066 445 2139 excepte
468 2066 551 2135 sunt,
573 2064 769 2122 inhonorem
792 2061 951 2136 adducere,
978 2062 1100 2140 fungos,
1127 2061 1281 2139 heluellas,

133 2152 239 2212 herbas
258 2154 354 2212 omnis
372 2155 416 2211 ita
434 2152 585 2228 condiunt,
604 2154 639 2211 ut
656 2152 732 2211 nihil
750 2152 846 2229 possit
864 2170 926 2212 esse
944 2147 1087 2211 suauius'.
1119 2151 1280 2230 Fragmen-

133 2245 198 2300 tum
220 2241 341 2300 uidetur
364 2260 427 2301 esse
449 2240 500 2300 lib.
520 2241 587 2300 XX:
609 2242 678 2301 uide
702 2241 740 2300 ad
762 2241 814 2300 lib.
833 2239 861 2296 V
879 2260 907 2299 u.
930 2242 1001 2300 193.

225 2321 331 2390 1201.
355 2328 469 2389 Gellius
488 2329 541 2387 XX
561 2331 630 2405 8,4
659 2326 747 2389 ‘Cum
775 2348 983 2419 quaereremus
1011 2349 1087 2405 quae
1115 2329 1176 2389 alis
1207 2331 1279 2389 item

133 2422 302 2480 senescente
320 2419 392 2477 luna
410 2417 604 2493 tabescerent,
627 2437 724 2478 nonne
747 2418 905 2493 Lucilium,
927 2420 1035 2494 inquit,
1058 2421 1192 2478 nostium
1220 2438 1280 2477 me-

134 2510 263 2569 ministis
281 2508 378 2569 dicere
398 2503 493 2566 “luna
515 2508 571 2567 alit
588 2511 687 2567 ostrea
704 2508 803 2581 espec
822 2512 848 2566 ei
865 2499 911 2589 (et
924 2524 971 2566 σοι
985 2501 1024 2587 Q)
1043 2508 1172 2581 echinos,
1190 2511 1281 2567 muri-

134 2597 188 2655 bus
206 2597 296 2657 fibras
315 2600 345 2656 et
358 2615 435 2671 pecu
456 2590 515 2676 (ita
533 2598 624 2656 ZIIN
640 2615 732 2673 peecu
751 2597 776 2672 Q
793 2615 864 2656 recu
884 2597 916 2655 X
933 2599 1018 2673 (pecu
1032 2616 1069 2654 ιιι.
1085 2588 1130 2676 9))
1150 2593 1279 2656 eddit’'.'

134 2685 160 2745 et
186 2688 285 2762 implet
311 2686 430 2745 Aldina.
477 2686 588 2746 Locum
616 2687 787 2746 emendauit
814 2683 886 2745 Otto
905 2685 1039 2745 Kellerus
1068 2685 1237 2745 zeitschrift
1260 2687 1280 2745 f.

134 2776 161 2835 d.
185 2779 305 2836 oesterr.
325 2775 432 2852 Gymn.
452 2776 535 2835 XXX
555 2777 639 2835 1879
663 2797 692 2854 p.
713 2777 754 2835 23
764 2794 825 2852 seq.
857 2793 971 2834 memor
1001 2774 1060 2834 loci
1085 2773 1186 2851 Antig.
1210 2775 1279 2835 hist.

133 2865 237 2924 mirab.
257 2864 379 2924 CXXIV
399 2867 461 2925 136
481 2857 563 2945 (Rer.
578 2867 675 2925 natur.
689 2867 790 2941 script.
805 2863 855 2923 Gr.
874 2865 945 2923 min.
963 2864 980 2923 I
998 2884 1025 2940 p.
1042 2866 1081 2923 31
1103 2861 1137 2923 0.
1152 2858 1279 2945 Kelleri)

133 2952 182 3015 sci
205 2952 240 3015 τὰ
263 2959 298 3040 τῇ
320 2953 429 3039 σελήνῃ
452 2953 695 3032 σοναυξανόμενά
717 2975 747 3014 τε
769 2950 820 3013 καλ
837 2952 1050 3032 σομφθίνοντά
1067 2949 1148 3032 <tou
1166 2951 1281 3033 πολλὰ>

133 3036 199 3104 οἷον
226 3041 261 3104 τὰ
287 3051 347 3103 τῶν
373 3051 459 3122 μυῶν
487 3038 571 3123 [ητα]
599 3042 708 3121 ἥπατα·
736 3040 847 3123 λέγεται
868 3041 924 3122 γὰρ
951 3040 1002 3102 καλ
1028 3045 1279 3124 συμπληροῦσθαι

133 3131 183 3193 καὶ
211 3133 396 3211 σομφθίνειν
422 3130 472 3193 καλ
498 3132 700 3205 συναύξεσθαι
726 3137 766 3216 τῷ
790 3132 875 3210 μηνί·
904 3131 950 3193 διὸ
977 3129 1028 3192 sci
1054 3130 1134 3212 παρὰ
1161 3135 1281 3206 πολλοῖς

133 3220 166 3282 ἕν
193 3222 351 3303 παροιμίας
377 3221 517 3302 εἰρῆσθαι
544 3219 623 3303 μέρει
650 3219 698 3283 trel
728 3229 787 3282 τῶν
814 3225 997 3299 θαυμαστῶν
1023 3220 1162 3302 τεράτων·
1196 3229 1281 3299 μνῶν

134 3310 244 3389 ἥπατα·
275 3313 336 3371 137
360 3308 410 3372 καὶ
437 3310 473 3371 τὰ
495 3320 554 3372 τῶν
577 3311 744 3372 θαλαττίων
771 3307 804 3371 δὲ
831 3308 937 3390 ἐχίνων
963 3305 1008 3393 ᾠὰ
1035 3308 1122 3371 ταύτὸ
1150 3310 1280 3390 πάσχειν.

133 3400 269 3461 Adnotat
291 3401 388 3461 editor
410 3422 438 3479 p.
459 3402 585 3461 XXXVI
607 3401 731 3462 eundem
753 3401 920 3461 doctrinam
943 3401 1072 3461 inueniri
1098 3420 1144 3478 ap.
1163 3399 1280 3461 helian.

134 3490 170 3550 de
184 3495 246 3550 nat.
261 3509 308 3549 an.
322 3491 353 3550 11
369 3491 409 3550 56
425 3490 502 3551 Plin.
517 3494 577 3551 nst.
592 3491 660 3551 hist.
675 3491 718 3550 XI
734 3492 795 3550 196
812 3483 926 3571 (Ηοιιιι.
941 3489 1040 3550 XXVI
1056 3491 1139 3550 1891
1156 3510 1185 3567 p.
1202 3483 1281 3572 559)

133 3579 283 3640 Ρ1ιι1ιιιο1ι.
307 3584 420 3656 quaest.
442 3599 525 3641 conu.
545 3581 588 3640 IV
604 3583 667 3656 5,9
692 3602 720 3657 p.
740 3581 840 3639 6703
860 3581 943 3640 alios.
983 3580 1029 3640 De
1054 3580 1143 3638 lunae
1166 3580 1281 3640 uiribus

134 3667 193 3728 Cic.
214 3670 250 3729 de
264 3669 357 3729 diuin.
371 3669 403 3729 H
418 3672 459 3730 33
482 3666 564 3729 ‘nam
582 3674 613 3729 et
631 3671 833 3731 musculorum
850 3671 999 3730 iecuscula
1016 3669 1122 3728 bruma
1141 3668 1282 3728 dicuntum

134 3760 238 3837 augeri
253 3806 259 3818 .
275 3804 281 3816 .
298 3804 303 3817 .
318 3761 482 3836 ostreisque
501 3763 532 3819 et
549 3760 712 3836 conchyliis
731 3759 868 3819 omnibus
887 3762 1057 3837 contingere
1076 3761 1110 3817 ut
1128 3777 1196 3818 cum
1208 3760 1281 3817 luna

133 3849 248 3923 pariter
269 3851 403 3908 crescant
425 3851 596 3926 pariterque
619 3845 799 3908 decreseaut’
824 3849 926 3907 Manil.
944 3849 976 3907 Π
996 3849 1036 3907 93
1066 3843 1104 3906 ‘si
1128 3847 1281 3907 submersa

133 3936 228 4012 fretis,
251 3936 431 3996 concharum
454 3941 485 3997 et
506 3956 621 3997 carcere
644 3939 746 3997 clausa
769 3937 807 3997 ad
830 3938 918 3997 lunae
941 3940 1056 3997 motum
1078 3936 1199 3995 nunaut
1218 3939 1281 3995 ani·

134 4025 226 4085 mulia
253 4022 370 4102 eorpus'
397 4026 473 4086 Plin.
492 4031 554 4085 nat.
572 4027 642 4085 hist
660 4026 692 4085 Π
711 4029 772 4085 221
809 4022 888 4085 ‘ideo
914 4046 983 4087 eum
1008 4026 1190 4085 incremento
1218 4027 1281 4086 eius

133 4116 238 4194 augeri
267 4112 434 4192 conchylia'
463 4115 534 4175 Hor.
553 4134 638 4176 serm.
657 4115 689 4174 ΙΙ
708 4118 738 4189 4,
757 4117 799 4176 30
829 4110 955 4175 ‘lubrica
982 4118 1136 4175 nascentes
1162 4116 1283 4189 tepent

134 4205 290 4280 conchylis
311 4200 411 4265 lunse’
436 4224 524 4281 quem
546 4205 647 4265 locum
670 4204 775 4264 attulit
793 4203 895 4264 Dousa
918 4222 985 4263 cum
1005 4203 1154 4264 Ciceronis
1172 4205 1192 4266 l.
1206 4223 1228 4265 s.
1244 4225 1280 4266 s:

133 4294 213 4353 idem
235 4294 397 4372 Augustin.
416 4293 452 4352 de
472 4295 527 4354 ciu.
547 4293 596 4353 dei
613 4292 642 4349 V
660 4312 724 4369 cap.
744 4294 762 4352 6
788 4289 954 4353 ‘lunaribus
974 4295 1163 4354 incrementis
1190 4298 1281 4371 atque

133 4382 319 4443 detrimentis
342 4386 447 4463 augeri
469 4387 500 4443 et
522 4385 617 4443 minui
640 4382 787 4459 quaedam
810 4401 919 4461 genera
936 4402 1044 4459 rerum,
1066 4384 1144 4443 sicut
1162 4385 1280 4446 echinos

132 4476 164 4534 et
185 4469 332 4534 conchas’.
