3000 5002
504 365 601 424 insert.
621 365 679 423 sed.
697 385 725 421 n.
746 370 932 431 1267-,1266
1231 368 1297 436 399

243 528 350 599 1267.
374 536 487 598 Gellius
505 537 548 596 lx
569 539 620 612 14,
640 539 680 597 22
706 532 751 596 ‘ln
777 556 847 598 casu
870 540 971 597 autem
994 537 1098 612 dandi,
1126 539 1179 614 qui
1203 541 1301 615 puris·

151 630 224 687 sime
242 626 336 686 locuti
359 630 442 702 sunt,
469 646 529 688 non
548 628 649 703 faciei,
672 629 719 687 uti
737 646 815 686 nunc
833 626 956 699 dicitur,
978 627 1030 687 sed
1058 628 1135 687 facie
1153 627 1301 689 dixerunt.

150 715 282 776 Lucilius
301 716 333 775 in
356 718 466 776 saturis
490 712 644 794 “primum
666 717 766 794 inquit
788 717 863 775 facie
881 716 961 794 quod
981 718 1095 776 6666666
1113 720 1202 777 tantu
1220 736 1300 778 aoce-

153 801 243 866 dit''.'
290 805 380 865 Libro
400 806 458 865 VH
490 806 632 866 attribuit
661 806 822 867 Muellerus
854 807 905 882 qui
938 800 1091 866 ‘honestae
1127 810 1159 865 et
1195 804 1299 867 aetati'

151 897 279 971 scripsit,
302 895 500 955 Baehrensius
525 891 678 956 ‘honestae
700 902 731 955 et
753 891 861 955 annis’:
885 915 939 974 ego
963 899 1085 972 expecto
1112 900 1193 956 oclus
1224 916 1299 974 quae

150 985 246 1045 soleat
268 1004 328 1045 una
351 985 469 1045 laudari
491 1003 558 1044 cum
581 986 691 1045 forma:
715 985 833 1045 Terent.
852 986 944 1043 Andr.
965 985 1027 1044 286
1054 981 1154 1045 ‘huius
1172 987 1300 1046 formam

151 1077 242 1150 atque
269 1077 400 1134 aetatem
430 1069 525 1134 uides'
552 1077 593 1134 72
622 1068 755 1152 ‘egregia
787 1075 883 1134 forma
915 1077 1007 1151 atque
1039 1077 1137 1135 aetate
1168 1071 1300 1155 integra’

152 1164 228 1223 1166.
253 1165 317 1223 473
342 1158 444 1240 ‘quam
467 1163 585 1223 liberali
608 1163 693 1237 16616,
716 1183 808 1240 quam
831 1166 929 1224 aetate
951 1161 1081 1243 integra’
1101 1165 1205 1224 Afran.
1221 1166 1300 1225 6316

151 1247 245 1313 ‘aetas
272 1253 391 1332 integra
418 1256 476 1327 est,
505 1254 619 1313 formae
646 1248 732 1314 salis'
762 1253 836 1313 rhet.
856 1253 894 1312 ad
913 1248 983 1312 He‘r.
1001 1253 1044 1311 IV
1065 1256 1115 1330 64,
1135 1256 1203 1315 676
1229 1250 1299 1325 ‘Qui

150 1345 210 1402 ista
239 1343 335 1402 forma
362 1346 392 1402 et
419 1345 518 1403 aetate
545 1361 641 1419 nuper
668 1344 783 1402 alienae
806 1342 954 1402 domi-
977 1343 1046 1402 uolo
1074 1344 1163 1421 plura
1190 1341 1298 1404 dicere'

153 1431 211 1491 616.
230 1433 262 1492 in
280 1431 365 1491 Verr.
383 1432 412 1489 V
432 1435 483 1506 26,
502 1433 544 1490 64
575 1426 640 1508 ‘qui
667 1431 781 1508 aliquid
808 1432 935 1506 formae,
967 1435 1090 1507 aetatis,
1123 1432 1299 1511 artificiique

152 1520 311 1597 habebant,
334 1520 456 1581 abducit
478 1515 595 1580 omnis’.
640 1522 732 1594 socies
752 1522 871 1581 6666666
900 1521 980 1580 idem
1004 1521 1121 1582 Terent.
1141 1523 1216 1582 Eun.
1235 1526 1299 1584 230

152 1607 272 1688 ‘papaet
304 1612 381 1671 facie
406 1606 543 1670 honesta'
573 1611 637 1670 682
667 1606 729 1669 ‘ille
757 1614 823 1670 erat
849 1610 974 1670 honeste
1002 1612 1078 1671 16616
1105 1615 1136 1671 66
1160 1607 1298 1672 liberali’.

150 1700 258 1777 Itaque
282 1701 436 1777 suppleas:
459 1699 553 1759 tantis
576 1699 690 1760 accedit
713 1704 838 1760 naturae
860 1699 979 1760 dotibus
1003 1704 1094 1761 aetas.

243 1782 349 1851 1269.
373 1789 540 1850 Scholiasta
559 1789 715 1850 Bohiensis
733 1790 773 1849 ad
795 1789 990 1849 Plancianum
1016 1789 1297 1867 1611116.264,16

151 1877 244 1938 Orelli
269 1874 442 1940 ‘Ihsculani
463 1880 629 1956 plurimum
651 1879 756 1940 liuoris
780 1878 957 1939 naturaliter
980 1882 1072 1940 etIam
1097 1881 1176 1939 circa
1203 1881 1298 1939 muni·

150 1971 230 2046 cipes
256 1987 325 2029 suos
348 1968 486 2029 habuisse
513 1969 661 2029 uidentur.
677 1969 741 2029 ‘sic
769 1966 955 2029 66110666
983 1969 1035 2029 ille
1059 1968 1215 2030 Censorius
1242 1990 1297 2047 pro

150 2060 283 2136 maligno
315 2060 346 2118 et
376 2059 480 2118 iuuido
511 2058 631 2118 habitus
663 2063 716 2118 est.
768 2077 821 2118 nec
853 2058 941 2118 aliter
975 2061 1067 2118 etiam
1098 2059 1230 2120 Lucilius
1262 2059 1299 2119 de

151 2147 311 2207 eorundem
336 2148 467 2208 moribus
495 2149 599 2220 sentit,
626 2147 682 2220 hoc
709 2148 809 2208 dicens
838 2142 960 2225 “prima
982 2147 1105 2225 Paphia
1132 2153 1164 2209 la
1190 2150 1298 2209 solido·

150 2232 262 2296 rum”.'
310 2237 395 2296 addit
416 2236 513 2296 Maius
538 2233 692 2314 ‘Sequitur
714 2241 815 2296 autem
837 2237 1002 2297 uersiculus
1025 2236 1156 2298 Graecus
1179 2239 1298 2299 oblitte-

150 2320 255 2385 ratus'.
292 2325 374 2385 Idem
397 2328 523 2385 coniecit
543 2326 780 2394 Tumidum,
807 2327 1028 2386 Ihsoolidamm
1046 2326 1173 2387 scribere
1191 2328 1299 2387 maluit

150 2414 328 2474 Wunderus.
365 2415 481 2475 Reuera
499 2414 525 2474 si
543 2434 646 2476 uersus
664 2413 793 2474 Graecus
812 2414 1004 2475 oblitteratas
1022 2416 1150 2493 scriptus
1168 2417 1299 2491 extabat,

151 2504 254 2564 eodem
276 2504 365 2563 modo
411 2505 539 2564 insertus
566 2507 632 2565 erat
658 2524 718 2586 quo
740 2504 791 2564 lib.
810 2503 880 2563 XIV
900 2525 928 2563 u.
948 2505 1012 2563 468
1036 2509 1067 2565 66
1094 2504 1166 2565 item
1192 2504 1298 2581 proba·

150 2593 251 2653 biliter
274 2593 458 2655 Homericus.
504 2592 550 2653 De
572 2593 748 2654 Tusculanis
772 2611 845 2670 quos
868 2595 957 2654 metri
979 2612 1069 2654 66666
1091 2593 1168 2654 dixit
1189 2595 1297 2654 116666-

151 2684 228 2743 lidos
250 2688 286 2743 ut
307 2685 372 2761 1666
394 2682 544 2758 Apulidaa
566 2685 717 2743 1666166.
739 2684 838 2758 1109,
865 2683 1041 2744 Romulidas
1068 2683 1121 2742 alii
1152 2683 1298 2761 dlxerunt,

150 2773 220 2833 uide
243 2773 458 2833 Mommsenum
481 2773 517 2833 de
540 2773 603 2832 iure
626 2772 746 2850 6661166
764 2793 793 2849 6.
808 2771 842 2832 R.
857 2771 903 2832 III
922 2765 1007 2855 (edit.
1025 2765 1124 2854 1887)
1139 2794 1167 2852 p.
1185 2776 1297 2849 177,1.

143 2861 288 2923 ,Liuorem
316 2862 444 2922 Romani
476 2863 583 2923 uicinis
612 2864 673 2922 suis
704 2862 801 2923 166666
832 2863 994 2938 plurimum
1024 2863 1180 2922 iactabant
1206 2865 1295 2924 616661

151 2952 346 3013 Athenienses
365 2952 588 3031 Megarensibus
611 2951 722 3012 similia
740 2951 817 3010 uitia
835 2951 1066 3029 exprobrabant:
1089 2954 1161 3013 6661
1176 2953 1299 3031 Berglrii

151 3042 219 3101 hist.
238 3043 298 3102 litt.
318 3040 419 3102 Graec.
439 3041 483 3099 IV
500 3062 529 3118 p.
551 3044 579 3115 6,
601 3045 649 3101 11.
690 3040 857 3117 Scripserat
878 3041 1011 3102 Lucilius
1038 3042 1134 3102 ueluti
1162 3038 1299 3103 ‘multost

150 3131 270 3191 Inuidia
292 3149 371 3190 nunc
393 3131 491 3208 prima
513 3130 636 3207 Papiria
659 3127 910 3191 Tusculidarum'.

243 3213 350 3282 1260.
373 3221 478 3281 Festus
497 3241 525 3298 p.
547 3223 620 3295 194,
638 3221 657 3279 6
683 3216 875 3281 Ὃ616661666
898 3220 994 3281 tribus
1016 3222 1104 3281 initio
1127 3239 1218 3281 causa
1238 3222 1299 3281 fuit

151 3331 258 3371 nomen
282 3309 412 3370 fluminis
435 3309 557 3384 Oufens‚
581 3310 661 3387 quod
684 3314 730 3370 est
751 3311 783 3370 in
811 3329 883 3390 agro
907 3311 1081 3371 Priuernate
1108 3329 1190 3370 mam
1217 3312 1298 3370 intra

152 3392 255 3482 (inter)
279 3404 310 3461 et
336 3400 522 3461 Taracinam.
568 3401 724 3461 Lametius
752 3395 919 3460 “Priuerno
946 3402 1107 3474 oasmdlno
1134 3403 1218 3461 uenit
1244 3401 1298 3460 tlu-

151 3491 260 3567 uioque
292 3485 458 3550 oufente’'.’
513 3487 629 3550 Luoilio
665 3489 773 3550 tribuit
807 3488 949 3569 Scaliger.
1003 3488 1166 3551 Oufentina
1202 3490 1298 3551 tn'bus

151 3580 294 3640 Priuerno
317 3582 403 3639 uenit
424 3581 456 3651 16
479 3578 581 3639 urbem
605 3583 639 3639 ut
661 3580 838 3658 suffragium
860 3580 951 3640 ferat:
977 3579 1100 3657 Dionys.
1124 3580 1204 3640 arch.
1222 3579 1297 3640 VIII

154 3672 204 3744 72,
224 3671 243 3729 4
266 3669 466 3729 Mommsenus
489 3668 525 3728 de
547 3671 611 3729 iure
635 3669 754 3745 publico
777 3690 807 3746 6.
826 3669 860 3729 R.
879 3669 925 3728 III
944 3662 1029 3752 (edit.
1051 3661 1149 3750 1887)
1173 3691 1202 3747 p.
1222 3671 1295 3729 644.

152 3757 358 3835 Spondeiaaon
379 3758 550 3819 simillimus
573 3761 618 3818 est
640 3758 722 3817 illius
745 3758 796 3818 lih.
813 3758 861 3817 III
879 3779 907 3819 6.
929 3760 1001 3818 126.

245 3839 349 3908 1261.
372 3845 513 3907 Ordinem
535 3846 681 3907 librorum
703 3852 821 3908 secutus
844 3867 907 3908 esse
929 3849 1049 3907 indetur
1068 3852 1158 3925 poeta
1175 3850 1207 3907 16
1226 3867 1296 3907 666-

151 3934 302 3996 merandis
327 3934 438 3995 Lucilii
464 3938 607 3997 inimiuis:
634 3935 711 3998 libro
730 3936 745 3996 I
767 3935 899 4014 Lupum,
930 3937 1008 3997 libro
1025 3937 1056 3996 Π
1083 3937 1214 3997 Mucium
1244 3938 1296 3997 1116

151 4028 298 4085 secuerat:
325 4025 456 4084 Mucium
483 4028 638 4102 praeterea
664 4025 741 4086 libro
760 4026 801 4085 V:
828 4027 896 4086 uide
925 4026 963 4085 ad
987 4026 1039 4085 lib.
1057 4025 1089 4086 Π
1106 4046 1135 4085 6.
1157 4028 1198 4087 74
1220 4025 1248 4083 V
1266 4046 1296 4088 u.

152 4116 215 4177 203
227 4133 307 4191 seqq.
325 4115 429 4174 insert.
448 4135 477 4173 6.
497 4116 591 4175 1236.

244 4195 350 4265 1262.
376 4196 483 4266 1266.
505 4203 563 4263 Vix
587 4206 632 4265 est
654 4204 733 4281 quod
755 4204 932 4264 scholiastae
951 4203 987 4264 de
1006 4203 1142 4266 omnibus
1160 4205 1296 4267 tiibubus

152 4293 190 4353 ad
213 4312 303 4354 unam
327 4312 346 4352 a
368 4292 484 4354 Lucilio
507 4295 646 4353 laceratis
672 4294 815 4352 referenti
841 4293 956 4353 credas:
983 4293 1053 4353 uide
1080 4294 1119 4354 ad
1145 4297 1248 4355 insert
1267 4316 1295 4355 u.

154 4386 249 4444 1100.
294 4383 462 4444 Nonnullae
489 4385 592 4443 666166
619 4403 687 4443 eum
714 4385 858 4460 carpsisse
884 4385 1034 4443 testantur
1061 4402 1163 4443 uersus
1192 4386 1295 4444 insert.

154 4474 361 4550 12621260,
380 4472 433 4534 661
450 4472 583 4534 tribuum
601 4473 741 4551 Papiriae
759 4475 791 4533 et
808 4471 987 4534 0666661666
1005 4475 1176 4534 etiamnunc
1194 4477 1298 4535 extant
