3036 5004
567 356 643 410 xxx
661 374 687 410 u.
710 360 892 410 rear-10³⁶.
917 439 922 449 Ι
1254 355 1316 420 331

169 518 228 607 (115
241 526 266 585 L
281 547 319 585 m.
336 530 369 585 1:
383 527 495 586 aiacem
508 524 532 584 L
546 546 585 584 m.
601 527 619 584 2
635 518 721 607 G)''.'
759 526 884 602 Myeoon
898 545 1004 585 nomen
1020 525 1114 585 Siculi
1128 544 1175 601 ap.
1186 524 1318 602 Thucyd.

171 614 244 675 VIII
259 617 311 689 85,
326 617 346 675 3
360 615 493 691 Xenopb
507 614 616 675 Η511.Ι
633 620 660 689 1,
676 617 726 675 29.
759 613 929 675 Lectionem
944 615 1068 675 eandem
1088 633 1180 690 quam
1195 613 1320 691 praebet

169 705 285 765 Nonius
307 705 461 764 Musconis
482 703 605 764 Verrius
632 704 824 782 praebuerat,
856 705 935 780 quod
965 707 1094 766 testatur
1126 704 1319 781 apographon

170 794 312 854 Politiani
331 796 407 854 teste
425 794 583 855 Huelseno.
612 792 740 853 Versum
758 813 821 872 esse
840 797 925 871 patet
942 793 1108 855 aduersarii
1126 793 1320 854 detractantis

170 884 273 961 poesin
300 883 500 943 Lucilianam:
529 877 614 959 ‘quid
646 880 810 962 magnum'‚
841 884 953 959 inquit,
994 880 1157 943 ‘furunculi
1198 903 1319 943 manum

170 975 324 1033 sinistram
342 972 523 1050 perscribere
536 992 624 1050 posse
638 969 805 1033 uorsibusf'
825 974 931 1033 Horat.
946 993 1031 1034 serm.
1045 973 1077 1033 11
1093 977 1121 1046 1,
1136 976 1176 1032 21
1195 968 1320 1049 ‘quanto

170 1063 280 1123 rectius
321 1063 377 1123 hoc
419 1082 510 1138 quam
550 1063 632 1122 tristi
668 1063 784 1122 laedere
820 1082 909 1123 uersu
949 1062 1149 1124 Pantolabum
1188 1081 1320 1122 scurram

169 1152 450 1227 Nomentanumque
472 1147 632 1228 nepotem'.
678 1153 804 1212 Muscon
826 1172 933 1213 nomen
956 1152 1033 1212 furis
1056 1153 1148 1231 uulgo
1170 1151 1236 1211 uoti
1262 1152 1321 1211 fuit
1401 1189 1408 1202 ⁹

171 1242 261 1302 sicuti
284 1239 424 1313 Μύελλος
448 1243 479 1300 51
503 1241 701 1314 Παταικίσκος
723 1261 771 1318 ap.
789 1242 919 1302 Herond.
937 1241 981 1301 IV
1002 1244 1052 1302 63.

263 1322 369 1391 1032.
401 1330 518 1390 Nonius
548 1350 577 1406 p.
597 1333 714 1407 240,3
748 1327 917 1408 ‘Accipere‚
953 1331 1065 1392 audire.
1094 1376 1132 1390 ..
1157 1376 1164 1390 .
1186 1330 1320 1389 Lucilius

172 1420 223 1481 lib.
241 1419 323 1478 XXX
347 1413 427 1480 “boc
446 1414 623 1480 ...rem'’.’
1068 1499 1070 1501 Ι

264 1501 370 1570 1033.
393 1510 509 1568 Nonius
531 1530 561 1587 p.
582 1511 655 1585 350,
676 1513 716 1569 12
746 1504 890 1584 ‘Macula,
920 1510 1083 1588 turpitudo.
1108 1508 1321 1570 ...Lucilius

171 1599 222 1658 lib.
242 1598 324 1658 XXX
348 1593 460 1674 “quem
480 1594 742 1676 ..notasque''.'
783 1600 865 1659 Idem
888 1620 917 1676 p.
937 1602 1011 1675 351,
1031 1602 1073 1660 20
1097 1593 1189 1660 ‘Nota
1212 1599 1322 1658 dicitur

171 1689 322 1766 probrum.
354 1687 486 1748 Lucilius
505 1689 556 1748 lib.
571 1688 653 1748 XXX
672 1683 786 1765 “quem
806 1734 856 1747 ...
876 1684 1065 1765 notusque'’.'
1098 1690 1143 1748 De
1161 1688 1321 1748 iteratione

172 1778 257 1838 uerbi
279 1780 352 1838 scire
375 1778 447 1838 conf
467 1778 505 1837 ad
528 1777 579 1837 lib.
597 1778 614 1838 I
632 1799 659 1837 u.
680 1780 731 1839 33.
777 1779 906 1839 Horrero
928 1781 958 1838 te
983 1781 1110 1856 apparet
1137 1798 1205 1839 eum
1233 1797 1321 1854 quem

138 1865 142 1874 '
171 1869 228 1929 seis
252 1868 326 1927 scire
348 1869 426 1927 uitia
448 1871 503 1926 tua
526 1871 557 1927 et
579 1869 706 1928 crimina
729 1868 826 1944 qualis
850 1871 895 1930 eat
917 1870 1008 1945 poeta
1030 1872 1157 1928 satirae.

264 1948 508 2018 1031115111
535 1978 563 2034 p.
584 1959 658 2031 335,
678 1960 721 2019 30
749 1951 902 2018 ‘Lustrare
930 1958 1056 2018 dicimus
1084 1959 1115 2017 et
1137 1957 1276 2032 scortari,
1304 1976 1322 2015 a

171 2047 283 2106 lustris.
308 2045 511 2120 ...Lucilius
530 2047 581 2106 lib.
600 2047 682 2106 XXX
707 2042 820 2124 “quem
842 2053 961 2122 sumpta
983 2049 1057 2108 facis
1079 2049 1112 2107 iu
1130 2048 1243 2121 lustris,
1266 2047 1322 2106 cir·

172 2157 238 2195 cum
262 2135 375 2213 oppida
397 2130 574 2196 lustraus’'.'
610 2137 678 2195 Non
702 2140 749 2210 est
771 2137 849 2214 quod
872 2137 960 2197 fidem
979 2138 1077 2197 Nonio
1095 2137 1128 2196 in
1147 2136 1321 2214 explicando

171 2225 228 2284 hoc
249 2242 339 2287 uersu
353 2225 548 2303 denegemus.
585 2226 698 2304 Tangit
719 2227 871 2286 hominem
893 2228 945 2303 qui
964 2246 1028 2286 rem
1046 2227 1225 2287 familiarem
1243 2227 1322 2285 malo

171 2313 316 2391 perdebat
338 2316 370 2373 in
388 2314 583 2391 lupanaribus
602 2333 677 2391 quae
696 2317 791 2375 lustra
808 2316 943 2375 nominat
961 2315 1104 2375 Lucilius.
1141 2315 1199 2376 Sed
1217 2314 1322 2375 dubito

173 2423 244 2462 num
275 2403 478 2480 intellegenda
509 2405 571 2463 sint
602 2404 694 2463 uerba
727 2399 848 2465 ‘circam
883 2404 992 2479 oppida
1027 2400 1169 2464 lactares'
1206 2406 1252 2464 ita
1288 2408 1323 2463 ut

172 2493 303 2553 bertraus
330 2495 461 2568 positum
488 2495 529 2552 sit
555 2512 610 2570 pro
637 2494 791 2553 scortando
818 2494 885 2553 ideo
913 2494 992 2571 quod
1020 2513 1108 2572 aegre
1135 2493 1323 2573 intellegitur

173 2581 247 2658 quid
269 2583 310 2641 sit
333 2584 441 2641 51555
463 2582 573 2658 oppida
594 2585 726 2643 scortari.
768 2583 873 2660 ltaque
896 2584 992 2644 lustra
1018 2582 1226 2644 tantummodo
1249 2583 1321 2659 quid

173 2674 214 2731 sit
232 2674 353 2731 enarrat
370 2672 495 2746 Nonius,
517 2673 649 2733 lustrans
667 2672 782 2731 dictum
800 2692 862 2733 esse
881 2673 970 2734 515511
989 2674 1067 2732 utria
1085 2674 1192 2732 bearat
1208 2670 1321 2750 Vergil.

174 2762 246 2819 Aen.
265 2761 296 2819 Π
316 2762 380 2820 528
399 2761 458 2820 XII
477 2763 541 2820 474
565 2765 796 2823 consentaneum
824 2765 881 2837 est,
910 2781 1092 2841 quamquam
1119 2781 1156 2821 ne
1183 2764 1230 2821 115
1257 2763 1321 2837 qui·

173 2850 241 2909 dem
264 2853 390 2928 apparet
412 2851 486 2926 quid
508 2852 567 2911 sibi
589 2852 664 2911 uelit
687 2852 824 2912 decoctor
846 2854 898 2929 qui
921 2852 1095 2930 oppidatim
1111 2871 1171 2911 non
1198 2852 1321 2911 uicatim

173 2942 323 2999 scortatur
340 2941 404 3000 siue
426 2941 621 3020 περιπολίζων
644 2940 709 3000 5111
730 2942 896 3018 lupanaria.
934 2940 1031 3011 Quare
1054 2943 1161 3001 clroam
1184 2940 1321 3001 fallacem

173 3029 260 3088 Illum
282 3029 425 3108 intellego
449 3049 538 3107 quem
556 3029 690 3108 appellat
707 3018 851 3091 Horatiiis
870 3050 955 3092 serm.
966 3031 990 3091 »Ι
1009 3032 1038 3105 6,
1058 3033 1121 3091 113
1142 3026 1193 3091 ‘ad
1210 3032 1322 3090 circum

173 3120 269 3180 iussas
291 3121 427 3197 prostare
450 3115 577 3196 puellas'
602 3120 753 3180 quenalis
772 3124 919 3181 memorat
936 3120 983 3180 III
1003 3122 1043 3180 65
1063 3120 1116 3180 ubi
1133 3119 1202 3180 uide
1219 3117 1321 3191 Fried-

173 3209 306 3269 laenderi
342 3209 442 3269 adnot
479 3209 589 3285 oppido
625 3229 755 3271 carceres
793 3213 875 3270 sunt:
916 3212 1066 3271 Naeuium
1102 3203 1201 3292 (GRF
1220 3209 1256 3267 ed
1275 3208 1322 3267 III

172 3319 202 3375 p.
223 3300 264 3358 28
283 3291 365 3381 IIR)
388 3300 528 3375 oppidum
549 3300 659 3361 dixisse
683 3318 815 3360 carceres
838 3302 910 3360 circi
928 3299 1025 3361 Varro
1048 3302 1171 3378 exponit
1193 3299 1229 3359 de
1249 3299 1321 3378 ling.

174 3387 239 3447 Lat.
258 3389 287 3445 V
307 3390 379 3448 153.

266 3469 373 3540 1035.
395 3479 512 3539 Nonius
535 3500 564 3557 p.
585 3481 658 3554 125,
678 3481 696 3539 6
727 3475 865 3540 ‘Incilare
893 3482 939 3539 est
964 3481 1118 3557 increpare
1145 3480 1194 3539 uel
1222 3480 1321 3555 inpro-

174 3566 253 3626 bare.
278 3567 481 3629 ...Lucilius
495 3569 642 3629 liam
662 3564 1031 3631 “uuno...uioissim’'.’
1065 3568 1321 3630 Glossasadhu

175 3658 357 3733 pertinentes
385 3657 508 3737 collegit
534 3657 674 3720 Goetzius
703 3661 736 3718 iu
768 3660 935 3738 glossarum
966 3659 1152 3720 thesauros.
1176 3657 1322 3716 5155115.

173 3745 274 3805 Verba
296 3748 367 3806 sunt
389 3747 555 3807 aduersarii
577 3750 630 3826 qui
648 3748 796 3808 Lucilium
821 3749 999 3826 alloquatur.
1036 3748 1128 3808 laedis
1149 3748 1268 3824 proprie
1287 3745 1323 3804 de

174 3837 294 3894 saturae
325 3838 409 3912 poesi
440 3836 552 3896 dictum
585 3840 620 3897 ut
652 3838 756 3899 Horat.
776 3858 861 3899 serm.
880 3839 895 3897 I
915 3840 944 3912 4,
965 3839 1005 3896 78
1039 3833 1167 3897 ‘laedere
1199 3829 1321 3914 gaudes'

174 3924 253 3998 111,
274 3927 312 3983 21
345 3919 438 3985 ‘tristi
469 3925 585 3986 laedere
618 3947 706 3988 uersu
737 3924 948 3988 Pantolabum'
974 3928 1015 3986 67
1048 3926 1084 3985 de
1111 3925 1228 3985 Lucilio
1259 3919 1324 3982 ‘aut

174 4014 255 4072 laeso
288 4013 409 4073 doluere
435 4013 556 4076 Metello
588 4016 770 4094 famosisque
800 4016 885 4094 Lupo
918 4019 1056 4093 cooperto
1088 4008 1255 4075 uersibus'l'
1280 4044 1323 4054 —

175 4103 315 4170 incitatas,
346 4099 546 4181 ἐναλλόμενος.
595 4105 631 4164 In
654 4106 799 4177 Varronis
825 4106 992 4182 Menippeis
1020 4104 1125 4163 Marce
1152 4104 1323 4163 uocatiuum

175 4191 421 4269 deprehendimus
442 4195 586 4264 60175.
607 4196 670 4255 505
681 4196 716 4269 Β,
739 4194 792 4254 ubi
810 4194 998 4254 aduenarius
1017 4194 1182 4269 essoquitur
1199 4194 1324 4268 scripto-

175 4300 251 4356 rem,
284 4282 389 4356 Quinto
415 4281 524 4343 blande
551 4284 706 4362 appellant
737 4284 853 4344 sodales
881 4283 1042 4342 Horatium
1068 4281 1253 4356 sarnus,
1274 4282 1325 4355 37,

176 4371 308 4450 gaudent
325 4373 518 4447 praenomine
536 4373 641 4434 molles
660 4374 820 4433 auriculae.
835 4405 878 4414 -
892 4389 980 4440 nanc,
997 4374 1136 4447 quoniam
1153 4373 1185 4431 in
1204 4370 1324 4431 exordio

176 4479 279 4521 uersus
297 4460 390 4520 babet
407 4460 541 4538 Propert.
560 4462 591 4522 H
611 4465 640 4538 0,
655 4464 706 4522 37.
743 4461 871 4524 Versum
888 4461 1029 4522 coniunxi
1047 4480 1114 4521 oum
1131 4482 1160 4521 u.
1179 4460 1326 4538 sequenti,
