3060 5010
212 333 275 399 184
649 331 701 387 xv
717 350 744 386 u.
764 337 913 387 τοο-ιιι.

213 503 359 577 scheiden,
387 521 420 560 er
441 501 533 575 weit,
561 520 622 562 was
649 502 714 562 Hut
741 504 782 562 ist
809 502 869 562 und
897 521 958 562 was
990 502 1103 561 Haube.
1149 501 1215 561 Hoc
1241 501 1361 578 qnidam

210 591 608 761 gozgrpctf.K·Senmntiam
631 591 786 670 intelleges
809 593 835 652 si
859 593 1077 668 comparaueris
1096 589 1211 652 Alexid.
1232 590 1317 652 GAF
1330 591 1361 650 H

233 729 238 740 .
321 726 329 756 ,
412 725 420 740 .

414 794 520 877 Λέγεις
542 795 609 876 περὶ
632 787 675 857 ὧν
698 794 755 857 οὐκ
777 789 878 871 οἶσθα,
902 805 1050 877 συγγενῶς
1072 793 1180 875 τρέχων

417 885 557 948 Πλάτωνι
580 883 630 946 καλ
651 885 757 966 γνώσει
780 885 878 964 λίτρον
900 883 949 945 καλ
973 884 1134 966 κρόμμυον.

213 1040 306 1100 Ludit
328 1038 422 1118 igitur
444 1037 637 1118 philosophos
659 1036 794 1097 Lucilius
822 1037 959 1115 inprimis
983 1037 1167 1098 Platonicos:
1195 1039 1266 1099 conf
1287 1057 1362 1114 quae

213 1130 248 1189 de
280 1129 417 1189 Platonis
448 1128 569 1204 placitis
601 1126 696 1187 tradit
727 1126 814 1205 Diog.
838 1125 936 1186 Laert.
960 1127 1008 1186 ΙΠ
1031 1129 1073 1186 84
1109 1129 1169 1206 Τῆς
1200 1124 1362 1204 ἐπιστήμης

213 1217 278 1297 εἴδη
302 1215 361 1279 tart
384 1216 463 1296 τρία.
486 1215 518 1278 τὸ
541 1212 595 1295 μὲν
617 1215 673 1296 γάρ
696 1213 755 1276 έστι
778 1214 949 1296 πρακτικόν,
971 1214 1004 1277 τδ
1027 1211 1059 1276 δέ
1082 1215 1252 1296 ποιητικόν,
1275 1214 1308 1277 τὸ
1331 1213 1362 1276 δὲ

213 1305 406 1387 θεωρητικόν.
448 1298 490 1366 Ἡ
509 1301 563 1385 μέν
585 1303 641 1386 γὰρ
661 1303 835 1384 ολκοδομιπὴ
855 1302 904 1365 καὶ
923 1305 1092 1386 ναυπηγικὴ
1110 1305 1264 1385 ποιητικαί
1280 1304 1362 1366 εἰσιν.

206 1392 289 1458 ’Ἐστι
313 1395 368 1477 γὰρ
392 1394 490 1457 αὐτῶν
509 1392 688 1475 ι’δεῐν-έργον
707 1391 920 1472 πεποιημένον·
945 1393 1079 1473 πολιτικὴ
1099 1391 1131 1456 δέ
1152 1393 1202 1456 καλ
1220 1393 1363 1474 αὐλητικὴ

211 1484 261 1548 καὶ
293 1482 481 1564 κιθαριστικὴ
514 1482 563 1546 καί
595 1484 630 1544 αί
654 1492 786 1545 τοιαῦται
815 1483 985 1564 πρακτικαί·
1018 1483 1065 1547 οδ
1081 1485 1137 1565 γάρ
1169 1483 1248 1546 έστιν
1275 1481 1364 1545 οὐδέν

215 1575 289 1636 idcio
317 1572 428 1636 θεατὸν
455 1572 554 1635 αὐτῶν
582 1570 793 1653 πεποιημένον,
816 1570 889 1634 ἀλλὰ
911 1573 1073 1654 πράττουσί
1093 1596 1121 1634 τι
1139 1620 1146 1634 .
1162 1621 1191 1635 ..
1217 1577 1284 1635 Τῶν
1307 1570 1364 1653 cipe

212 1662 383 1743 ἐπιστημῶν
406 1663 440 1723 αἱ
460 1660 514 1742 μέν
533 1661 589 1724 εἰσι
608 1662 798 1743 θεωρητικαί,
820 1662 854 1723 αἴ
870 1657 901 1723 δέ
920 1664 1088 1742 πρακτικαί,
1105 1664 1140 1724 αἱ
1155 1660 1187 1725 δέ
1205 1663 1364 1741 ποιητικαί.

212 1754 327 1815 Eadem
346 1753 420 1814 dicit
438 1752 545 1813 Latine
560 1753 685 1823 Quintil.
699 1753 731 1812 H
747 1755 830 1828 1e,1
853 1748 940 1813 ‘Cum
959 1753 1019 1813 sint
1037 1755 1138 1814 autem
1157 1756 1268 1814 artium
1287 1754 1365 1814 aliae

212 1843 328 1922 positae
357 1844 388 1902 in
415 1844 599 1919 inspectione
698 1843 775 1902 aliae
803 1844 835 1902 in
864 1842 979 1922 agendo
1079 1843 1156 1903 aliae
1189 1845 1221 1904 in
1249 1844 1364 1920 ellectu,

214 1953 290 2011 quae
313 1933 421 2013 operis,
440 1932 520 2010 qnod
539 1931 632 1993 oculis
651 1931 806 2010 subicitur,
826 1934 1079 1993 consummatione
1098 1933 1186 1994 finem
1205 1933 1365 2011 accipiunt,

214 2042 304 2101 quam
333 2020 492 2103 ποιητικὴν
514 2017 713 2100 appellamus’
733 2041 799 2098 eq.
816 2041 837 2082 s.
884 2020 964 2082 (lons
991 2025 1146 2100 praeterea
1172 2023 1249 2083 Plat.
1274 2020 1364 2100 Soph.

215 2134 242 2190 p.
260 2115 322 2173 τεο
335 2111 398 2173 no
420 2112 520 2171 scen
539 2111 663 2172 amnt.
684 2111 720 2171 ce
738 2114 815 2188 pue.
836 2112 925 2171 anim.
945 2135 964 2171 a
982 2133 1011 2191 p.
1032 2113 1116 2172 ceo·
1135 2114 1175 2172 τι
1190 2103 1315 2190 ὀμιτς
1333 2108 1364 2172 οε

216 2199 263 2263 καί
288 2198 336 2262 int
360 2209 418 2262 τῶν
440 2197 613 2279 αὐτομάτως
635 2200 807 2262 δοκούντων
830 2199 982 2282 γίνεσθαι,
1005 2200 1142 2282 καθάπερ
1164 2199 1214 2261 καλ
1236 2198 1284 2262 έπλ
1306 2209 1365 2261 τῶν

217 2298 387 2372 τεχναστῶν.
428 2285 516 2350 Ἔνια
538 2289 594 2371 γὰρ
617 2287 667 2351 καλ
690 2286 749 2350 ἀπὸ
772 2287 957 2368 ταύτομάτου
979 2291 1090 2370 γίνεται
1112 2288 1204 2352 ταύτὰ
1226 2294 1289 2364 τοῖς
1307 2287 1366 2351 διπδ

216 2377 318 2460 τέχνης
341 2371 406 2440 οίον
428 2377 532 2460 ὑγίεια.
576 2383 642 2440 Τῶν
665 2375 720 2458 μέν
743 2370 799 2440 οὖν
822 2377 1004 2460 προδπάρχει
1025 2378 1057 2441 τὸ
1076 2379 1232 2458 ποιητικὸν
1251 2377 1366 2457 ὅμοιον,

166 2466 170 2474 ’
215 2462 281 2530 οἷον
308 2466 620 2548 ἀνδριαντοποιητική·
648 2466 685 2530 οὐ
713 2466 768 2549 γὰρ
795 2468 905 2550 γίνεται
935 2467 1107 2548 αὐτόματον.
1154 2469 1266 2549 Magna
1291 2489 1365 2530 mor.

215 2583 234 2619 α
262 2581 290 2637 p.
317 2560 422 2620 1197·
447 2561 465 2619 3
493 2554 596 2620 Ἔστιν
629 2556 668 2637 δὴ
699 2566 758 2619 τῶν
789 2555 979 2637 ποιουμένων
1009 2557 1059 2619 καλ
1090 2556 1297 2640 πραττομένων
1329 2557 1366 2619 οδ

216 2646 304 2709 ταύτὸ
326 2646 358 2709 τδ
382 2646 538 2727 ποιητικὸν
561 2646 611 2710 καὶ
633 2645 806 2727 πρακτικόν·
835 2656 895 2708 τῶν
918 2644 972 2727 μέν
994 2646 1049 2730 γδιρ
1072 2657 1235 2728 ποιητικῶν
1257 2645 1319 2709 ἐστι’
1340 2671 1367 2708 τι

214 2736 293 2819 παρὰ
324 2734 378 2815 τὴν
405 2738 527 2816 ποίησιν
555 2734 625 2799 ἄλλο
648 2735 743 2816 τέλος,
772 2729 837 2798 οἷον
860 2735 940 2817 παρὰ
962 2735 1018 2816 τὴν
1041 2735 1242 2817 οδκοδομικήν,
1265 2735 1366 2817 ἐπειδή

215 2825 273 2888 ἔστι
305 2824 442 2906 ποιητικὴ
478 2826 589 2906 ολκίας,
626 2825 705 2887 οἰκία
743 2823 836 2906 αὐτῆς
868 2824 900 2887 τδ
930 2823 1010 2901 τίλας
1041 2825 1121 2905 παρὰ
1152 2825 1207 2906 τὴν
1237 2826 1366 2906 ποίησιν.

213 2908 338 2994 Ὁμοίως
370 2913 418 2976 έπλ
448 2925 616 2996 τεκτονικῆς
648 2913 695 2976 καί
725 2924 784 2976 τῶν
816 2912 912 2977 ἄλλων
944 2925 1003 2977 τῶν
1041 2924 1209 2996 ποιητικῶν.
1260 2918 1370 2994 Τορ.ζ

215 3028 243 3088 p.
261 3006 345 3065 145·
364 3007 404 3065 13
433 3005 564 3084 Metaph.
584 3026 597 3066 ε
617 3026 644 3082 p.
662 2996 768 3066 1025*
789 3007 838 3065 25.
889 3007 1039 3067 Ρσειίίοοιι
1066 3008 1162 3085 igitur
1188 3006 1264 3067 illud
1292 3008 1367 3067 rele-

215 3097 300 3156 ratur
323 3112 439 3156 necesse
463 3099 508 3154 est
531 3095 569 3155 ad
587 3094 664 3155 hanc
682 3095 718 3154 de
741 3096 855 3156 artibus
874 3096 1049 3171 doctrinam,
1073 3115 1162 3173 quam
1181 3096 1260 3157 ludit
1278 3100 1367 3173 poeta

216 3205 283 3244 cnm
307 3184 381 3244 dicit
398 3184 435 3243 de
453 3184 630 3261 philosopho
650 3180 785 3245 ‘textoris
804 3185 953 3263 pectinem
971 3185 1119 3245 aduncum
1138 3186 1196 3246 soit
1212 3186 1367 3264 poeeticon

216 3292 288 3349 esse,
312 3273 396 3333 uidet
418 3272 520 3333 tunica
543 3277 574 3334 et
595 3277 668 3353 toga
692 3273 763 3350 quid
786 3269 846 3335 sit’.
893 3274 1035 3354 Inprimis
1059 3276 1117 3335 huc
1138 3275 1213 3336 lacit
1236 3275 1367 3336 eiusdem

218 3362 389 3421 Aristotelis
421 3362 503 3424 loeus
535 3363 622 3424 Polit.
647 3386 666 3422 α
689 3382 752 3443 cap.
777 3365 796 3423 4
825 3356 981 3444 p.1253¹‘
1006 3366 1061 3424 33:
1093 3363 1121 3424 εἰ
1151 3363 1206 3446 γὰρ
1236 3361 1368 3444 ἠδύνατο

217 3448 339 3512 ἕκαστον
371 3459 430 3511 τῶν
462 3447 598 3532 ὀργάνων
629 3447 789 3514 κελευσθέν
898 3449 1049 3514 ἀποτελεῖν
1077 3453 1114 3527 ιτὸ
1146 3451 1239 3515 αὑτοῦ
1270 3450 1369 3535 ἔργον,

102 3582 108 3586 -
218 3539 314 3620 ὥσπερ
346 3538 381 3600 τὰ
413 3540 565 3603 Δαιδάλου
597 3539 690 3619 φασὶν
722 3537 742 3622 ἢ
774 3539 844 3615 τοὺς
875 3550 928 3602 τοῦ
956 3536 1123 3622 Ἡφαίστου
1155 3542 1368 3624 τρίποδας...

218 3624 311 3704 οὕτως
349 3629 384 3690 αλ
415 3630 544 3712 κερκίδες
583 3628 730 3710 ἐκέρκιζον
761 3629 848 3693 αδταλ
880 3629 930 3693 καλ
961 3629 996 3693 τδι
1028 3636 1160 3713 πλῆκτρα
1190 3630 1368 3713 ἐκιθάριζεν,

218 3715 306 3780 οὐδέν
328 3714 367 3780 διν
389 3717 450 3781 ἔδει
474 3717 540 3781 οὔτε
563 3725 625 3793 τοῖς
647 3718 845 3801 ἀρχιτέκτοσιν
867 3718 1022 3802 ὑπηρετῶν
1045 3719 1110 3783 οὔτε
1133 3725 1195 3796 τοῖς
1215 3721 1369 3795 δεσπόταις

218 3808 342 3870 δούλων.
385 3807 420 3869 τὰ
443 3805 497 3889 μέν
520 3800 575 3871 οὖν
598 3809 738 3890 λεγόμενα
762 3806 873 3890 ὄργανα
896 3809 1035 3890 ποιητικά
1058 3808 1170 3892 ὄργανά
1193 3808 1263 3890 έστι,
1285 3806 1369 3873 τὸδὲ

216 3906 312 3978 κτῆμα
344 3897 512 3979 πρακτικόν.
555 3895 614 3961 οἰπδ
647 3895 701 3978 μέν
732 3898 788 3979 γὰρ
820 3908 873 3979 τῆς
905 3900 1039 3980 κερκίδος
1072 3898 1171 3980 ἕτερόν
1202 3923 1230 3961 τι
1258 3901 1369 3981 γίνεται

217 3985 297 4068 παρὰ
329 3986 384 4066 τὴν
415 3997 519 4069 χρῆσιν
547 3986 652 4067 αὐτῆς,
684 3985 743 4050 ἀπὸ
776 3985 808 4049 δέ
835 3997 889 4069 τῆς
916 3986 1042 4069 ἐσθῆτος
1073 3988 1124 4051 καλ
1147 3999 1200 4069 τῆς
1223 3990 1326 4070 κλίνης
1349 3986 1369 4069 ἡ

217 4085 320 4158 χρῆσις
338 4075 439 4156 μόνον,
478 4078 623 4139 Similiter
640 4077 810 4139 Platonicos
829 4078 908 4139 ludit
925 4079 1081 4159 Epicrates
1100 4081 1229 4142 comicus
1249 4078 1325 4140 OAF
1338 4080 1369 4139 Π

218 4188 246 4244 p.
263 4168 341 4242 287,
362 4170 400 4226 11
413 4166 448 4225 Κ.
502 4168 641 4229 Auctoris
677 4170 796 4228 nomine
832 4168 984 4229 subtracto
1021 4170 1130 4248 probat
1164 4171 1242 4231 hanc
1277 4171 1369 4230 inter·

218 4257 416 4332 pretationem
440 4256 599 4317 Muellerus
623 4256 661 4316 ad
684 4257 760 4317 Non.
779 4258 799 4316 l.
818 4277 841 4319 s.
861 4277 882 4318 s.

307 4335 390 4406 496.
419 4343 570 4408 charisius
590 4345 640 4406 GL
659 4346 674 4405 I
692 4366 721 4423 p.
742 4348 797 4422 96,
817 4347 872 4407 9Κ
904 4341 1034 4406 ‘Alicam
1065 4348 1130 4408 sine
1162 4348 1367 4425 adspiratione

217 4432 329 4495 dictam
343 4433 466 4496 Verrius
480 4436 582 4511 tradit,
601 4439 631 4496 et
649 4435 691 4497 sic
705 4437 793 4497 multi
806 4436 957 4514 dixerunt,
975 4431 1154 4518 (quamuis)
1167 4437 1301 4500 Lucilius
1311 4437 1366 4500 XV
