3060 5010
613 379 663 433 xv
682 398 709 434 u.
729 385 878 436 rae-rae.
958 445 962 453 .
1258 382 1317 447 1¹81

169 542 410 630 (δπιδιατιθὲναι,
432 545 650 610 ἕπιδιάκοισθαι
673 550 779 610 Pollux
801 549 845 609 IX
865 543 922 631 96)
945 553 974 610 at
1004 552 1148 612 hocloco
1171 552 1321 632 siguificat

170 636 213 699 ‘in
236 641 336 700 fructu
354 640 436 701 uitae
462 639 627 699 arbitratur
649 641 749 700 omnia
772 634 847 700 essa’
867 632 954 720 (conf
968 640 1007 700 ad
1025 641 1076 700 lib.
1094 641 1194 703 XXVI
1212 662 1240 700 u.
1256 643 1320 702 614

169 729 255 790 XVII
274 750 302 788 ιι.
318 730 383 790 550
406 729 450 788 VI
469 749 496 787 u.
513 722 600 810 245).
648 727 706 790 Cic.
726 729 763 789 de
786 729 835 788 fin.
853 729 885 788 Π
909 731 939 805 8,
959 732 1000 790 24
1025 724 1090 806 ‘qui
1113 732 1145 790 in
1164 731 1319 808 uoluptate

168 819 243 879 nihil
261 837 383 896 ponens,
402 821 492 898 negat
511 839 578 879 eum
596 817 671 878 bene
688 838 793 880 cenare
807 820 859 896 qui
874 818 975 880 omnia
988 823 1081 897 ponat
1096 821 1127 880 in
1143 816 1319 898 uoluptate'.

167 928 222 985 pro
241 907 356 969 cluent.
378 910 428 983 70,
444 910 509 969 200
529 903 588 968 ‘cui
602 910 701 985 posita
720 908 834 968 suntin
854 908 938 970 uobis
952 904 1074 969 omnia'.
1088 942 1133 951 -
1148 911 1222 971 486.
1230 913 1320 984 poen·

167 999 297 1072 infantes
323 996 428 1070 παῖδες
453 996 558 1076 νήπιοι
586 1002 621 1059 ut
648 998 699 1057 lib.
713 998 783 1058 XIX
802 1018 830 1056 u.
846 999 910 1058 566
941 998 979 1058 ad
1003 999 1130 1058 llarann.
1150 1000 1182 1059 Π
1202 1001 1258 1075 25,
1278 1000 1319 1060 39

168 1089 269 1149 initio:
287 1087 387 1150 inians
407 1090 476 1147 ante
495 1087 644 1148 Lucilium
661 1088 718 1148 hae
736 1087 953 1166 significatione
972 1090 1103 1165 positum
1122 1108 1182 1150 non
1200 1089 1321 1150 uidetur

168 1176 306 1239 inueniri.
339 1209 381 1219 —
416 1178 488 1237 487.
521 1179 636 1238 somnio
673 1179 743 1251 ficte
770 1184 849 1238 recte
880 1176 1103 1239 Lachmannus:
1135 1181 1235 1241 οικαιὶο
1266 1198 1320 1256 pro

167 1269 283 1328 somnia
301 1265 440 1326 mendose
459 1265 598 1343 praebuit
616 1267 823 1327 Palatinorum
842 1267 1020 1344 archetypus
1040 1267 1136 1328 Plaut.
1156 1268 1231 1328 Rud.
1247 1270 1321 1342 594,

167 1351 312 1433 ipsi'sibi
341 1355 457 1416 somnia
486 1356 603 1435 fingunt
626 1356 715 1435 Verg.
730 1357 822 1434 eclog.
841 1356 916 1416 VH]
937 1357 1008 1418 108.
1035 1389 1072 1398 -
1100 1359 1173 1417 488.
1202 1377 1253 1417 cor
1275 1359 1319 1418 in·

168 1466 231 1508 esse
254 1447 284 1505 in
309 1440 406 1524 aenis]
430 1445 539 1506 mirum
569 1446 717 1523 estquod
739 1445 948 1507 tantummodo
971 1446 1007 1506 de
1030 1447 1112 1507 aenis
1136 1449 1238 1525 signis,
1261 1467 1320 1506 non

167 1536 288 1596 omnino
320 1535 356 1596 de
389 1536 483 1615 signis
514 1536 570 1597 hoc
601 1536 667 1596 loco
700 1536 833 1612 loquitur
864 1540 962 1612 poeta.
1019 1533 1109 1597 Cuius
1140 1536 1320 1597 locutionem

167 1645 275 1703 param
306 1625 473 1704 elegantem
500 1624 528 1682 h.
542 1625 562 1683 l.
586 1628 665 1686 recte
698 1628 784 1686 notat
815 1625 847 1685 Il.
862 1624 965 1686 Dousa
989 1626 1041 1702 qui
1071 1644 1159 1704 aegre
1187 1627 1248 1686 fert
1274 1630 1321 1687 ter

169 1715 306 1793 deinceps
329 1716 429 1776 omnio
451 1715 582 1793 positum
607 1733 678 1775 esse.
705 1747 742 1756 -
770 1716 843 1775 489.
867 1715 994 1775 Versum
1017 1715 1166 1791 quomodo
1184 1714 1320 1795 intellegi

169 1806 320 1865 noluerint
336 1806 428 1864 tacite
447 1803 619 1864 indicarunt
637 1804 764 1865 editores
783 1803 883 1864 uerbis
901 1806 933 1863 in
952 1805 1012 1865 tria
1030 1803 1096 1865 cola
1114 1806 1159 1866 ita
1177 1804 1321 1880 dissectis,

168 1899 203 1954 ut
225 1893 325 1954 omnia
352 1913 430 1971 quae
462 1893 704 1955 antecedentibus
726 1892 862 1954 uerebar
885 1893 1053 1970 culpauerit
1075 1896 1164 1971 poeta
1187 1895 1321 1956 clamitet

168 2003 231 2045 esse
258 1983 360 2043 omnia
386 1984 469 2059 ficta,
499 1985 564 2043 ueri
592 1984 681 2059 nihil,
711 1984 836 2063 pergula
858 1984 1019 2061 pictorum,
1042 1984 1061 2042 i
1081 2003 1104 2043 a.
1128 1985 1319 2064 ζωγραφεῖον.

169 2073 227 2133 Sed
254 2075 402 2149 pictorum
430 2074 613 2135 mentionem
640 2073 706 2134 fieri
732 2072 890 2150 probaram
918 2074 944 2133 si
972 2076 1061 2132 antea
1084 2073 1121 2133 de
1144 2073 1320 2136 Acherontis

170 2162 307 2224 fabulose
329 2163 449 2242 regione
469 2165 616 2242 ageretur,
634 2163 719 2223 uelut
737 2161 818 2239 apud
840 2161 927 2222 Lucr.
941 2162 988 2221 HI
1008 2164 1087 2223 627ι
1113 2164 1198 2239 atqui
1220 2163 1251 2223 in
1270 2181 1320 2223 eos

168 2255 295 2330 apparet
316 2253 419 2311 inuehi
441 2254 625 2328 scriptorem,
648 2255 702 2330 qui
724 2252 932 2328 superstitiosa
953 2253 1145 2313 ueneratione
1167 2253 1320 2331 signorum

167 2341 289 2404 ridiculi
321 2344 399 2401 sunt.
449 2342 557 2418 Itaque
589 2342 664 2410 nihil
694 2342 857 2421 Polygnoti
889 2341 928 2400 ad
959 2343 1096 2401 nostrum
1126 2342 1238 2418 locum,
1268 2339 1320 2404 sed

169 2430 317 2508 Polycleti
340 2429 464 2490 Phidiae
488 2432 550 2506 alii,
581 2450 675 2508 neque
698 2431 942 2513 terriculamenta
964 2432 1024 2490 ista
1046 2432 1320 2508 superstitiosorum

169 2541 205 2580 ne
229 2521 338 2581 omisso
362 2520 483 2598 quidem
501 2519 645 2580 uocabulo
665 2522 747 2581 οοκὶο
766 2519 825 2580 dici
848 2523 974 2596 possunt
996 2538 1070 2597 opus
1097 2521 1249 2599 pictorum
1268 2520 1320 2581 sed

169 2613 316 2683 [δαδοιυικι
329 2612 413 2683 fictor
426 2610 512 2669 audit
526 2609 647 2671 Phidias
661 2610 751 2687 Apul.
766 2609 802 2669 de
816 2608 916 2669 mund.
932 2610 984 2670 32.
1021 2609 1099 2669 Plut.
1114 2609 1150 2669 de
1164 2611 1318 2686 superati

168 2720 196 2776 p.
214 2699 315 2759 1671)
344 2691 419 2759 Εἶτα
446 2699 640 2779 χαλκοτύποις
667 2695 720 2778 μὲν
753 2692 800 2781 (οἱ
823 2690 1052 2780 δεισιδαίμονες)
1083 2698 1239 2759 πείθονται
1262 2696 1321 2758 καὶ

168 2787 319 2862 λιθοξόοις
355 2786 404 2850 καὶ
441 2787 657 2869 κηροπλάσταις
693 2785 942 2870 ἀνθρωπόμορφα
979 2795 1036 2848 τῶν
1075 2792 1158 2848 θεῶν
1189 2785 1225 2848 τὰ
1255 2787 1320 2867 εἴδη

169 2885 288 2940 ποιοῦσι
311 2875 362 2938 καὶ
383 2886 504 2940 τοιαῦτα
527 2877 684 2939 πλάττουσι
707 2876 756 2940 καὶ
775 2875 1023 2949 κατασκευάζουσι
1040 2874 1091 2937 καὶ
1109 2885 1319 2957 προσκυνοῦσι·

170 2966 346 3045 φιλοσόφων
369 2964 401 3028 δὲ
424 2965 474 3029 καὶ
497 2970 655 3028 πολιτικῶν
678 2964 796 3048 ἀνδρῶν
819 2974 1059 3047 καταφρονοῦσιν
1077 2970 1150 3027 eth:
1173 2966 1209 3028 de
1227 2967 1319 3030 Stoic.

168 3078 292 3136 repugn.
309 3058 327 3116 6
347 3078 376 3134 p.
394 3058 515 3120 1034Β
535 3055 630 3138 δόγμα
644 3055 787 3135 Ζήνωνός
809 3054 887 3118 ἐστιν
906 3053 968 3135 ἱερά
987 3060 1069 3118 θεῶν
1085 3053 1126 3134 μὴ
1141 3055 1319 3136 οἰκοδομεῖν·

170 3146 249 3226 ἱερὸν
271 3144 327 3227 γὰρ
346 3145 386 3226 μὴ
405 3150 517 3208 πολλοῦ
537 3143 621 3220 άξιον
640 3144 690 3208 καὶ
708 3145 794 3228 άγιον
812 3143 868 3207 οὐκ
886 3142 978 3206 ἔστιν·
1001 3143 1169 3224 οἰκοδόμων
1188 3139 1217 3209 δ’
1233 3145 1321 3227 ἔργον

169 3233 219 3297 καὶ
241 3235 401 3315 βαναύσων
425 3232 514 3298 οὐδέν
536 3234 597 3297 ἔστι
618 3239 731 3297 πολλοῦ
752 3232 846 3309 άξιον.
892 3234 971 3295 Huio
989 3240 1183 3312 correcturae,
1206 3236 1320 3314 quain

170 3327 318 3403 epitomae
346 3326 446 3387 codice
474 3327 664 3402 Taurinensi,
693 3326 744 3403 qui
771 3325 915 3403 praebeat
941 3327 1041 3385 omnia
1057 3328 1154 3400 picto,
1176 3326 1223 3386 bis
1246 3345 1320 3405 opus

170 3419 224 3490 est,
247 3415 446 3495 coniungatur
463 3419 582 3493 oportet
601 3416 661 3476 alia
679 3417 772 3477 tetius
792 3434 894 3477 uersus
911 3416 1130 3493 interpretatio.
1171 3416 1321 3477 Nimirum

170 3505 291 3567 minime
310 3504 463 3582 probabile
482 3508 528 3566 est
546 3506 706 3566 simulacre
725 3505 848 3565 deorum
867 3522 954 3583 posse
972 3504 1032 3565 dici
1045 3506 1172 3582 perpete
1184 3505 1320 3567 fictorum

170 3595 256 3656 uelut
283 3596 309 3656 si
336 3594 475 3654 dicantur
501 3613 574 3669 opas
601 3595 751 3656 fictorum:
778 3614 849 3656 nam
876 3594 1002 3675 pergula
1024 3613 1094 3672 pare
1121 3594 1249 3656 aedificii
1271 3595 1320 3654 uel

169 3683 294 3743 taberna
318 3682 372 3758 est,
394 3686 427 3744 in
446 3703 507 3759 qua
525 3685 652 3746 artifices
672 3704 746 3763 opus
765 3684 916 3745 iaciebant
933 3687 964 3744 at
978 3685 1088 3751 uenale
1105 3683 1320 3762 proponebant,

171 3771 304 3833 doctores
336 3771 495 3833 docebant:
528 3766 656 3855 (Apellis
684 3774 808 3854 pergula
835 3773 913 3834 Plin.
937 3776 999 3837 nat
1022 3773 1090 3833 hist.
1114 3772 1224 3832 XXXV
1248 3755 1320 3852 Mb:

171 3860 284 3937 templa
315 3861 436 3938 quidem
466 3864 534 3940 ipsa
565 3866 639 3940 puto
671 3865 772 3924 uocari
810 3882 895 3941 posse
932 3862 970 3922 ab
1007 3862 1125 3921 homine
1161 3861 1320 3921 simulacra

171 3950 293 4010 deorum
311 3952 477 4012 insectante
495 3953 635 4031 pergulas
653 3952 801 4030 opificum,
824 3956 911 4033 signa
932 3954 1000 4029 ipsa
1017 3970 1076 4011 non
1095 3951 1175 4011 item.
1213 3951 1321 4027 Itaque

171 4039 358 4104 scribendum
377 4035 514 4118 ‘pergula
526 4043 668 4115 lictorum
683 4044 748 4103 ueri
761 4043 846 4119 nihil,
860 4042 961 4101 omnia
974 4035 1064 4101 ficta'.
1102 4038 1320 4117 supplendum:

170 4131 267 4199 babet,
298 4131 428 4191 continet
483 4129 583 4190 Verba
615 4131 715 4191 ecdem
747 4130 834 4190 modo
866 4133 899 4189 in
935 4130 1099 4190 enuntiatis
1136 4148 1212 4206 quae
1247 4131 1321 4191 ιιιἸιίί

170 4218 348 4278 uocabulum
380 4218 491 4280 habent
529 4221 640 4281 omissa
676 4222 746 4280 sunt
776 4220 865 4298 Verg.
888 4217 962 4279 Aen.
984 4218 1016 4279 H
1039 4218 1102 4278 287
1137 4214 1200 4278 ‘ille
1233 4216 1319 4280 nihil’

171 4301 273 4390 (Ouid.
291 4311 361 4370 met.
380 4308 408 4366 V
427 4302 485 4390 30)
512 4309 629 4370 Terent.
648 4309 766 4369 Phorm
786 4310 829 4371 80
858 4303 970 4369 ‘noster
998 4309 1071 4368 mali
1093 4307 1137 4367 nil
1161 4310 1321 4385 quicquam

172 4395 290 4476 pn'mo’.
332 4397 391 4459 Gic
410 4417 465 4476 pro
488 4399 550 4459 Mil.
571 4400 612 4458 36
638 4394 725 4459 ‘nihil
748 4419 801 4476 per
823 4397 886 4459 uim
908 4417 1050 4475 umquam
1069 4397 1199 4474 Clodius,
1221 4401 1322 4461 omnia

173 4506 227 4568 per
252 4490 316 4551 uim
343 4484 429 4553 Milo’
458 4489 589 4570 Philipp.
608 4489 683 4553 vm
703 4491 736 4566 6,
761 4493 800 4552 19
831 4485 916 4551 ‘satie
947 4489 1043 4552 multa
1072 4507 1139 4552 cum
1170 4488 1255 4550 Fufio
1286 4508 1322 4552 ac
