3036 5004
226 363 291 427 272
631 361 746 417 XXVIII
764 380 792 417 u.
813 367 962 416 761--771,

225 538 264 592 τῶ
288 535 411 616 Κυνικῷ
433 577 483 591 ...
503 529 597 592 ἰδόντι
620 531 771 613 μειράκιον
794 531 937 592 πλούσιον
956 528 1135 591 ἀπαίδευτον
1154 527 1254 602 ἔδοξεν
1274 528 1378 590 εἰπεῖν

225 595 311 694 οἷτός
334 619 393 682 ἐστι
416 621 511 702 ῥύπος
533 619 817 702 περιηργυρωμένος.

317 705 398 772 766.
426 712 542 770 Nonius
574 731 603 787 p.
625 714 678 787 74,
705 714 745 771 13
780 707 960 770 ‘Armillum
1009 710 1144 769 Lucilius
1176 708 1227 768 lib.
1246 708 1380 768 XXVIII

226 797 319 861 “hino
410 795 606 860 armillum”.’
654 800 783 860 OGLV
802 802 877 878 pa,
897 803 947 860 13.
973 801 1028 874 48,
1053 801 1092 859 21
1120 795 1298 873 earmillum,
1322 818 1379 859 uas

83 966 87 975 ι
224 890 383 966 uinarium,
411 891 489 950 unde
518 886 617 949 “anes
645 883 739 972 (antis
767 884 853 972 codd)
886 890 925 949 ad
953 884 1149 948 armillum''.’
1202 886 1379 948 Obsoletum

160 1056 162 1058 q
225 983 306 1040 uasis
338 1000 445 1040 nomen
477 981 611 1040 seruauit
641 980 909 1057 homoeoprophori
941 979 1074 1039 studium
1105 980 1137 1036 in
1169 977 1327 1054 prouerbio
1360 997 1379 1037 a

225 1069 346 1130 Graecis
369 1090 429 1129 non
451 1071 560 1146 petito:
583 1070 620 1128 de
642 1088 700 1128 anu
719 1070 825 1129 uinosa
843 1071 875 1127 in
895 1069 1047 1128 comoedia
1065 1068 1133 1127 uide
1153 1087 1229 1143 quae
1248 1067 1379 1127 diximus

225 1160 264 1218 ad
287 1158 337 1219 lib.
352 1159 427 1218 VIH
445 1179 472 1218 u.
490 1161 562 1219 302.
609 1158 708 1219 Verba
730 1161 947 1235 interpretatur
970 1157 1167 1217 Buechelerus
1190 1156 1264 1215 Mus.
1283 1157 1378 1216 Rhen.

225 1248 324 1308 XLIII
344 1250 429 1308 1888
453 1269 482 1325 p.
498 1250 560 1307 292
586 1249 640 1308 hoc
663 1249 750 1308 modo
775 1249 916 1309 distincta
940 1244 1021 1307 ‘hinc
1045 1247 1083 1307 ad
1105 1266 1162 1321 me,
1184 1246 1253 1305 hino
1276 1237 1378 1329 (licet)

225 1357 300 1398 anus
322 1357 441 1398 rursum
464 1339 503 1397 ad
522 1333 698 1397 armillum':
723 1334 812 1397 ‘ridet
834 1340 860 1397 is
884 1338 935 1413 qui
959 1338 1092 1413 loquitur
1115 1337 1266 1395 hominem
1288 1335 1326 1395 ad
1346 1355 1379 1397 se

224 1432 380 1504 tamquam
404 1447 495 1488 anum
518 1427 556 1486 ad
580 1427 731 1486 armillum
755 1430 873 1486 euntem
898 1446 932 1487 ac
954 1427 1135 1500 redeuntem,
1158 1427 1291 1485 intericit
1313 1426 1380 1485 licet

224 1521 260 1577 ut
282 1518 326 1577 nil
349 1519 460 1577 morari
483 1535 514 1577 se
543 1536 595 1576 nec
619 1517 783 1577 detrectare
811 1517 924 1577 reditus
954 1519 1027 1575 istos
1051 1515 1259 1592 exemplarque
1282 1517 1378 1592 turpi·

225 1608 333 1682 culum,
366 1609 458 1666 imm0
491 1606 635 1666 adsentiri
663 1609 693 1666 st
721 1607 822 1667 cedere
850 1606 993 1684 declaret,
1021 1624 1102 1665 more
1129 1604 1260 1684 uolgari,
1288 1623 1379 1680 quem

227 1697 388 1756 ostendunt
410 1696 579 1756 comoediae
612 1688 717 1777 (germ.
739 1688 971 1777 sedecimam?
1025 1696 1090 1773 Ilgo
1122 1695 1154 1752 in
1186 1694 1379 1754 distinctione

225 1784 449 1846 L‘achmannum
487 1788 604 1845 secutus
641 1805 715 1845 sum.
776 1784 895 1844 Clamat
934 1787 1024 1861 poeta
1060 1783 1267 1861 philosophus,
1308 1802 1380 1843 cum

225 1875 375 1934 hominem
394 1875 478 1934 uidet
491 1875 646 1952 indulgere
659 1874 778 1935 libidini
792 1875 881 1935 sicuti
896 1875 1097 1950 Damasippus
1111 1894 1158 1950 ap.
1170 1873 1240 1933 Hor.
1250 1892 1336 1932 serm.
1347 1874 1380 1932 Π

227 1968 256 2038 3,
275 1965 318 2023 80
352 1960 420 2025 ‘huc
438 1965 561 2041 propius
588 1984 635 2022 me
726 1959 828 2039 adite',
860 1967 905 2023 ita
931 1965 993 2023 hic:
1027 1959 1107 2023 ‘hinc
1139 1964 1177 2022 ad
1206 1982 1268 2036 me,
1299 1963 1380 2038 hinc,

225 2049 322 2113 licet':
347 2053 404 2113 Sed
428 2055 556 2113 frustra:
579 2053 667 2113 homo
686 2057 787 2112 tamen
806 2072 907 2115 rursus
929 2051 966 2113 ad
985 2055 1117 2112 ueterem
1135 2051 1380 2112 consuetudinem

226 2143 384 2203 delabitur.
436 2143 597 2202 Pr0uerbio
626 2144 728 2203 eodem
756 2146 852 2203 utitur
879 2143 969 2221 Apul.
992 2145 1111 2203 metam.
1135 2142 1179 2200 VI
1198 2144 1238 2201 22
1263 2141 1306 2200 IX
1326 2144 1378 2202 29.

228 2227 313 2292 ‘anus
337 2232 389 2403 ,ad
425 2228 610 2309 amphoram’
649 2233 824 2293 inscribitur
861 2233 988 2292 Phaedri
1021 2232 1124 2291 fabula
1155 2232 1200 2290 III
1225 2235 1240 2290 1
1272 2224 1314 2312 (p.
1336 2234 1377 2292 49

226 2321 359 2381 Hauet..

319 2404 401 2472 768.
424 2412 540 2472 Nonius
563 2433 591 2489 p.
608 2413 686 2485 496,
707 2414 747 2471 19
773 2407 947 2472 ‘Genetiuus
971 2429 1058 2470 casus
1080 2411 1196 2487 positus
1219 2429 1272 2486 pro
1292 2429 1379 2469 accu-

227 2502 333 2560 satiuo.
358 2548 409 2560 ...
428 2499 561 2562 Lucilius
580 2501 631 2559 lib.
645 2501 775 2560 XXVIII
794 2497 865 2560 “cui
886 2549 936 2560 ...
955 2495 1079 2560 diem’'.'
1123 2498 1258 2559 Contulit
1276 2499 1380 2560 Dousa

225 2589 344 2650 Petron.
371 2592 433 2650 105
457 2591 533 2650 med.
571 2586 685 2666 ‘itaque
722 2594 758 2649 ut
793 2592 890 2650 tutela
926 2593 1011 2649 nauis
1044 2590 1227 2666 expiaretur,
1263 2589 1381 2666 placuit

226 2680 432 2759 quadragenas
462 2682 586 2757 utrique
609 2680 715 2759 plagas
738 2675 873 2757 imponi’.
899 2713 939 2721 -
964 2680 1046 2739 mille
1069 2680 1223 2738 hominum
1245 2679 1380 2740 Lucilius

226 2769 276 2829 lib.
295 2770 338 2828 IX
361 2789 389 2828 u.
414 2771 493 2844 358,
526 2770 608 2828 mille
640 2770 747 2829 cadum
770 2770 872 2828 XVIII
895 2790 923 2828 u.
947 2771 1024 2829 556:
1057 2769 1139 2828 mille
1171 2770 1277 2847 plagas
1307 2773 1379 2829 ante

227 2859 376 2919 Ciceronis
404 2861 521 2935 ternpus
552 2879 612 2918 non
634 2858 777 2918 uidentur
799 2861 908 2919 dixisse
930 2859 1041 2918 Latini.
1069 2891 1107 2900 —
1132 2858 1204 2917 Hor.
1224 2877 1313 2918 carm.
1331 2858 1381 2917 HI

228 2951 279 3025 29,
299 2951 338 3007 41
366 2944 429 3008 ‘ille
452 2952 557 3024 potens
580 2950 626 3009 sui
648 2950 805 3025 laetusque
833 2949 922 3028 deget
951 2948 1000 3008 cui
1022 2949 1094 3008 licet
1115 2951 1148 3007 ire
1170 2949 1246 3007 diem
1269 2947 1380 3008 dixisse

228 3033 359 3096 “uixi’iu’

318 3119 400 3186 769.
432 3126 548 3185 Nonius
584 3147 613 3203 p.
638 3129 716 3202 330,
743 3130 784 3188 30
823 3123 1016 3204 ‘interficere,
1058 3146 1242 3201 consumere,
1283 3125 1378 3187 finire.

226 3215 359 3276 Lucilius
395 3214 445 3274 lib.
472 3215 602 3275 XXVIII
638 3212 787 3294 “piscium
819 3236 958 3293 magnam
994 3209 1051 3297 (sic
1086 3215 1252 3291 Leidensis,
1286 3234 1379 3292 geom

227 3297 491 3387 Guelferbytanus)
511 3351 518 3364 .
535 3353 562 3365 ..
582 3311 614 3364 eet
634 3302 756 3384 nego”.’
799 3310 832 3367 at
854 3326 929 3385 nego
952 3308 1124 3367 Muellerus.
1170 3305 1297 3368 Videtur
1314 3324 1379 3366 esse

226 3395 408 3471 colloquium
431 3394 545 3454 domini
568 3415 633 3455 cum
657 3415 751 3456 seruo.
778 3429 816 3437 -
842 3395 1007 3456 interficere
1024 3416 1079 3472 pro
1098 3395 1251 3457 comedere
1269 3394 1379 3455 Lucilii

226 3486 394 3561 proprium:
417 3486 488 3544 conf
507 3487 768 3545 111111111158.
814 3487 867 3544 Nil
894 3486 953 3546 huo
980 3488 1111 3562 pertinet
1132 3485 1237 3545 Horet.
1257 3486 1343 3561 epist.
1363 3486 1379 3544 Ι

229 3576 284 3649 12,
309 3576 359 3632 21,
411 3574 455 3633 De
482 3575 640 3635 uerborum
672 3575 867 3635 collocatione
894 3575 963 3633 uide
990 3575 1029 3634 ad
1056 3576 1107 3635 lib.
1130 3575 1227 3633 XXIX
1250 3595 1278 3633 u.
1303 3575 1378 3633 825.

227 3663 365 3724 Senarios
388 3664 530 3723 constitui
555 3683 621 3724 curn
644 3664 850 3725 Lachmanno:
873 3664 944 3723 uide
967 3665 1100 3744 prolegg.
1119 3685 1147 3741 p.
1164 3662 1238 3724 GXI.

319 3744 401 3814 771.
424 3753 540 3814 Nonius
559 3774 587 3830 p.
599 3755 672 3828 414,
685 3756 702 3813 7
723 3750 841 3834 ‘Terga
859 3752 955 3814 dorsa.
981 3801 1021 3813 ...
1036 3754 1169 3814 Lucilius
1183 3753 1234 3813 lib.
1246 3751 1379 3812 XXVIII

228 3839 417 3902 “orationem
526 3849 609 3916 poles
647 3835 758 3925 (postes
795 3844 947 3905 Leidensis
979 3865 1017 3904 m.
1043 3848 1076 3903 1:
1111 3847 1194 3919 potes
1230 3845 1379 3903 corrector

226 3932 389 4008 Leidensis,
408 3936 501 4006 potest
524 3926 788 4014 Guelferbytanus)
816 3935 895 3993 11111
922 3925 1012 4014 (solui
1033 3933 1138 3994 Iunius
1162 3936 1192 3993 et
1214 3925 1378 4014 Mercerus)

228 4022 296 4080 dum
320 4023 404 4081 10110
428 4015 525 4103 (seluo
548 4024 580 4080 io
603 4022 626 4080 L
646 4043 684 4081 m.
701 4025 719 4080 2
736 4015 775 4104 G)
798 4026 883 4102 tergo
906 4026 937 4083 et
955 4016 996 4104 (et
1013 4026 1046 4083 ia
1065 4016 1105 4106 G)
1124 4025 1241 4100 tergino
1260 4018 1377 4081 lieet'’.'

226 4110 379 4171 Leidensis
402 4111 511 4171 codicis
534 4111 653 4172 bonitas
676 4114 767 4171 etiam
790 4113 845 4172 hoc
868 4113 933 4172 loeo
957 4117 1003 4173 est
1026 4112 1193 4190 conspicua.
1223 4112 1379 4172 'Plautina

227 4200 354 4261 lectione
377 4201 509 4260 imbutus
531 4201 603 4261 11111
627 4204 747 4279 scripsit
765 4205 867 4278 poeta:
890 4202 988 4261 Plaut.
1008 4202 1135 4263 Mostell.
1156 4203 1198 4261 60
1220 4197 1378 4261 ‘orationis

228 4308 348 4365 operam
377 4290 532 4366 compendi
560 4291 637 4367 face,
670 4293 728 4350 nisi
760 4293 790 4350 te
817 4293 898 4351 mala
929 4311 961 4350 re
988 4310 1099 4369 magna
1125 4292 1252 4352 mactari
1280 4287 1377 4368 cupis’

227 4379 316 4437 Poen.
341 4379 403 4437 351
430 4375 468 4438 ‘si
495 4382 607 4455 sapias,
636 4399 737 4439 curam
764 4380 841 4440 lianc
869 4382 966 4440 facere
994 4380 1149 4459 compendi
1176 4375 1271 4457 potes’
1302 4399 1379 4457 quos

227 4468 307 4526 locos
327 4468 431 4525 suunt
449 4467 622 4528 Gerlachius
641 4472 673 4529 in
692 4469 898 4529 adnotatione:
918 4471 989 4530 conf
1003 4469 1113 4529 Pacuu.
1132 4470 1234 4530 175st
1253 4465 1379 4530 ‘larnen-
