3000 5002
505 344 604 399 incus
623 344 681 400 seu.
700 361 728 399 u.
749 348 934 399 ιιιι-ιιιι.
1232 344 1298 411 393

149 512 225 572 Rud.
245 515 308 573 373
334 509 483 591 ‘quamuis
506 514 680 576 fastidiosus
698 513 803 574 aedilis
827 516 885 574 est:
907 516 935 575 si
957 533 1035 591 quae
1057 514 1211 591 improbae
1229 517 1300 576 sunt

150 621 269 679 meroes,
286 606 381 664 iactat
398 599 515 666 omnis'.
557 603 652 664 Lurco
670 604 722 664 ille
741 624 789 681 sp.
808 603 1005 681 Pomponium
1026 603 1126 664 1696
1141 601 1298 682 ‘lapatium

150 694 265 752 nullum
301 694 454 770 utebatur,
490 694 608 754 lardum
643 693 781 754 lurcsbat
816 689 941 753 lubens'.
981 725 1019 734 —
1058 697 1172 768 ecesse
1214 695 1299 770 codd,

150 783 290 843 similiter
311 785 343 842 in
361 783 454 843 Nonii
471 784 546 845 codd
559 783 644 859 psolo
662 783 713 842 lib.
728 783 803 842 VHI
821 803 849 842 ιι.
865 784 939 857 304,
961 784 993 843 in
1012 783 1093 843 Festi
1111 782 1167 844 cod
1184 787 1300 860 usqum

150 872 243 932 Lucil.
261 874 365 933 incort.
384 893 412 933 u.
434 876 533 949 1297,
559 871 639 933 idem
666 873 736 932 sulti
762 873 838 932 Eun.
857 872 956 932 annal.
977 871 1079 932 sssv
1107 865 1241 953 (Lachm.
1261 873 1299 933 ad

149 955 405 1044 Lucret1186):
432 963 501 1023 uide
527 962 616 1023 indic.
635 982 759 1041 gramm.
778 982 800 1023 s.
819 981 849 1021 u.
872 980 887 1022 s
913 962 1029 1037 littera3
1060 963 1143 1021 ιιιιιιιι
1169 963 1301 1023 traditm

149 1051 247 1111 Plant
262 1051 348 1111 Troe.
364 1053 438 1112 678.
452 1085 496 1094 -
511 1047 574 1113 ‘nec
592 1070 621 1112 es
639 1054 713 1112 sotis
729 1054 844 1127 moritu
857 1054 908 1126 qui
920 1047 984 1127 sis',
1002 1053 1140 1112 similiter
1152 1051 1300 1114 Hesiodus

150 1141 187 1200 dc
218 1140 317 1202 herbis
347 1160 471 1219 operum
499 1162 528 1201 ιι.
548 1144 591 1202 40
618 1139 736 1219 νήπιοι,
765 1136 835 1201 οὐδὲ
865 1139 964 1201 ἴσασιν
1061 1133 1129 1202 osid’
1163 1139 1236 1202 ὅσον
1267 1140 1300 1203 ἐν

151 1229 265 1315 μαλάχῃ
288 1251 317 1291 τε
340 1228 390 1291 sol
412 1228 567 1315 ἀσφοδέλῳ
591 1222 650 1311 μέγ’
675 1227 782 1309 ὄνειαρ.
805 1263 850 1272 -
875 1232 969 1290 1236.
992 1231 1096 1304 coptos
1119 1230 1182 1290 ille:
1203 1250 1299 1309 neque

150 1322 251 1381 tamen
274 1321 394 1382 uidetur
415 1340 521 1381 reuera
542 1322 599 1380 boc
621 1319 796 1399 cognomine
815 1319 934 1381 Laelius
956 1321 1048 1381 fuisse
1069 1321 1223 1397 praeditus
1241 1341 1300 1398 quo

151 1411 275 1470 ornatus
298 1414 364 1470 erat
384 1414 471 1470 uetus
494 1411 545 1470 ille
568 1410 599 1469 P.
615 1409 806 1488 Sempronius
830 1428 880 1470 cos
904 1404 1053 1489 450l304
1081 1410 1133 1471 ssd
1155 1408 1301 1472 Graecum

150 1499 328 1560 uocabulum
355 1501 417 1559 iam
444 1499 553 1560 Lucilii
579 1500 678 1560 aetate
705 1501 811 1559 tritum
838 1500 930 1560 furissc
958 1500 990 1559 in
1012 1519 1147 1559 sermone
1169 1502 1301 1580 uiilgsri:

152 1607 210 1664 quo
233 1592 360 1648 utuntur
381 1609 441 1649 non
468 1591 564 1650 solum
591 1588 746 1649 Phaedrus
763 1589 807 1648 IV
827 1591 877 1665 18,
897 1590 917 1648 8
942 1582 985 1670 (p.
1007 1590 1046 1648 75
1066 1581 1158 1670 Hau.)
1183 1585 1300 1668 ‘guber-

150 1681 239 1737 nator
260 1673 381 1755 sophos'
401 1679 531 1739 Martiol.
550 1678 610 1738 VII
630 1680 682 1754 32,
700 1681 720 1737 4
744 1673 786 1738 ‘te
806 1678 913 1756 sophos
932 1679 1028 1739 omnis
1047 1674 1150 1755 smot’,
1175 1678 1302 1756 denique

151 1770 323 1845 saepissime
345 1769 497 1830 Ausonius
524 1769 608 1829 cuius
635 1769 715 1829 locos
743 1767 884 1845 Peiperus
914 1769 1038 1846 collegit
1060 1786 1082 1828 s.
1096 1789 1125 1828 ιι.
1143 1770 1247 1842 sophos
1268 1770 1301 1828 in

151 1858 257 1933 indice,
289 1859 341 1918 sed
369 1858 461 1919 etiam
493 1861 598 1919 auctor
629 1858 769 1919 carminis
801 1877 848 1936 ap.
876 1857 1089 1918 Buechelerum
1123 1855 1206 1916 cns
1234 1860 1300 1918 434

152 1940 181 2028 (Ι
204 1968 232 2023 p.
249 1950 322 2022 203,
342 1941 376 2030 5)
402 1944 556 2028 ‘dogmata
578 1948 767 2026 Pythagorae
794 1949 874 2008 sensi
900 1946 1090 2024 studiumque
1118 1944 1300 2024 sophorum’.

150 2037 284 2098 Lucilius
303 2037 449 2098 uocabulo
468 2037 581 2098 Graeco
600 2036 805 2115 philosophiae
824 2035 954 2097 Graecae
972 2038 1147 2112 studiosum,
1164 2038 1302 2114 inprimis

152 2126 286 2186 Stoicum
300 2127 414 2187 iudicat
426 2126 572 2201 Laelium,
586 2128 640 2204 qui
653 2128 743 2186 sicuti
758 2125 860 2187 (licero
873 2127 894 2186 l.
904 2145 926 2187 s.
941 2126 1036 2186 tradit
1043 2127 1111 2187 ideo
1121 2125 1247 2204 Sapiens
1256 2129 1302 2187 ost

151 2214 259 2289 didus,
281 2215 353 2292 quia
370 2217 541 2294 uoluptatos
559 2218 646 2293 parui
665 2216 786 2276 duceret
804 2215 947 2294 Diogenis
965 2219 996 2275 et
1013 2215 1151 2276 Panaetii
1169 2216 1301 2276 auditor:

152 2304 241 2364 aliter
267 2304 402 2364 historici
429 2304 465 2365 de
491 2303 589 2364 Laelii
615 2307 789 2383 cognomine
813 2304 907 2364 ueluti
935 2305 1012 2364 Plut.
1031 2306 1076 2364 li.
1095 2303 1217 2365 Graccb.
1236 2324 1301 2382 cap.

153 2395 182 2467 6,
203 2395 231 2453 3.
254 2425 299 2436 -
324 2396 418 2455 1237.
441 2393 609 2470 Decursis
626 2395 772 2455 uccebulo
795 2393 864 2453 uide
883 2393 921 2452 ad
938 2393 989 2453 lib.
1004 2394 1085 2452 XXX
1103 2395 1301 2455 ιι.1066.-

154 2483 250 2542 1238.
285 2501 302 2542 o
336 2501 441 2559 purges
481 2483 616 2544 Galloni:
651 2486 806 2561 tamquam
842 2502 1005 2561 cognomen
1038 2501 1144 2558 purges
1181 2483 1302 2543 additur

153 2571 291 2633 Gallonio
319 2573 399 2650 quod
425 2575 579 2650 proprium
603 2576 668 2633 orat
691 2573 723 2642 Q.
738 2572 832 2632 Fabio
855 2591 905 2633 cos
924 2566 1082 2649 scissus.
1129 2571 1302 2633 Gallonium

153 2665 299 2722 memorat
327 2662 385 2723 (lic.
404 2682 458 2740 pro
486 2663 603 2732 Quinct.
624 2664 666 2722 94
691 2658 737 2721 ‘ut
762 2664 795 2721 in
822 2663 921 2738 cspito
943 2661 1130 2737 fortunisque
1147 2662 1301 2721 hominum

152 2750 428 2812 honestissimorum
464 2752 654 2812 dominentur
690 2753 727 2827 ii,
764 2753 816 2828 qui
846 2752 954 2811 relicta
988 2753 1121 2811 uirorum
1157 2751 1302 2811 bonorum

153 2840 311 2917 disciplina
334 2845 364 2901 et
384 2845 541 2918 quaestum
564 2845 594 2901 et
612 2844 765 2918 sumptum
783 2839 903 2901 Galloni
922 2840 1005 2917 ecqui
1023 2840 1194 2900 maluerunt
1210 2844 1302 2917 atque

152 2929 253 3005 etism,
277 2930 356 3006 quod
378 2933 410 2990 iu
438 2931 491 2991 illo
518 2949 578 2991 non
606 2932 678 3005 fuit,
705 2950 772 2990 cum
799 2930 924 2990 audacis
947 2929 1130 3007 perfidiaque
1152 2924 1302 2991 uixeruut’

153 3020 189 3078 de
217 3018 266 3078 tin.
284 3020 316 3079 Π
336 3021 378 3080 90
410 3015 474 3080 ‘sed
504 3022 557 3097 qui
588 3021 626 3081 ad
658 3021 845 3098 uoluptatem
877 3021 978 3079 omnia
1004 3019 1134 3080 referens
1161 3020 1241 3079 uiuit
1268 3024 1303 3080 ut

153 3104 320 3169 Gallonius'
343 3108 438 3170 Lucil.
456 3112 561 3170 insert.
580 3131 609 3169 u.
627 3111 721 3171 1134.
747 3142 784 3150 -
813 3111 907 3170 1239.
931 3103 1044 3170 ‘omnia
1066 3110 1097 3168 in
1120 3111 1181 3170 ista
1208 3100 1301 3190 (uita)

152 3200 302 3259 consumis
324 3200 436 3277 squilla
462 3203 553 3276 atquc
576 3218 755 3276 acupensere
773 3218 840 3259 cum
862 3193 1028 3259 decimano'
1051 3200 1303 3276 praepositionem

153 3308 219 3350 cum
241 3285 304 3349 ἀπὸ
327 3297 433 3350 κοινοῦ
459 3292 629 3366 postposuit
655 3293 690 3349 ut
716 3288 767 3347 lib.
781 3289 809 3347 X
826 3309 854 3350 u
870 3291 943 3349 390.
967 3321 1011 3329 -
1034 3289 1192 3361 doumque,
1214 3308 1302 3349 uoca-

153 3379 257 3438 bulum
289 3398 352 3440 csse
384 3381 526 3439 sermonis
554 3380 712 3439 castrensis
740 3381 770 3438 et
797 3377 903 3438 Lucilii
932 3377 1086 3455 proprium
1113 3378 1302 3455 exposuimus

154 3467 192 3526 ad
218 3470 322 3529 inccrt.
341 3489 370 3528 u.
390 3469 485 3529 1152.
519 3500 561 3510 -
593 3469 730 3543 squillam
761 3468 859 3544 priora
890 3468 956 3527 loco
988 3468 1124 3528 nominat
1155 3467 1234 3544 quod
1266 3466 1302 3528 de

152 3557 252 3618 borbis
275 3559 341 3636 ogit
363 3561 394 3618 et
416 3558 527 3634 squilla
548 3557 637 3618 simul
656 3560 688 3618 et
704 3556 827 3617 herbam
845 3556 946 3617 sclito
963 3575 1040 3633 quae
1060 3555 1170 3616 Graece
1192 3557 1303 3617 dicitur

153 3646 304 3726 significat
326 3648 357 3706 et
378 3666 470 3726 genus
493 3648 627 3708 locustae
648 3647 801 3724 pamulae.

246 3728 352 3797 1241.
379 3736 592 3816 Apcpthegma
617 3736 727 3797 Lucilii
758 3739 820 3797 tale
850 3739 882 3796 in
914 3755 965 3796 ore
993 3735 1098 3814 populi
1114 3735 1216 3795 ¹fuisse
1243 3755 1302 3797 non

155 3824 295 3886 credibile
323 3830 369 3886 est
395 3826 447 3886 sed
474 3829 608 3904 spectare
636 3825 775 3887 (lassum
801 3827 898 3887 locum
922 3825 1031 3885 Lucilii
1060 3844 1119 3900 quc
1142 3829 1245 3903 egerat
1266 3824 1303 3884 de

154 3916 282 3975 oratorie
311 3915 459 3994 dignitate
491 3920 522 3974 ot
544 3915 642 3976 officio
666 3935 726 3991 qus
748 3915 785 3975 de
811 3935 843 3975 re
871 3915 1031 3992 scripserat
1057 3912 1153 3973 libX
1177 3933 1204 3972 u.
1229 3914 1302 3988 385,

153 4003 198 4063 VI
215 4024 244 4063 ιι.
265 4004 326 4063 261
352 4004 450 4064 XXIX
468 4026 496 4064 u.
514 4006 587 4065 853.
638 4003 735 4074 Quare
765 4005 844 4064 inter
870 4003 980 4064 Lucilii
1012 4003 1181 4079 fragmenta
1212 4002 1304 4063 uerba

156 4092 305 4153 Ciceronis
334 4094 438 4153 rettuli
470 4113 504 4154 eo
536 4094 633 4172 mogis
665 4094 743 4170 quod
777 4091 835 4153 (lio.
862 4093 898 4152 de
925 4111 966 4152 or.
980 4092 1012 4151 Π
1032 4093 1065 4167 6,
1089 4092 1130 4151 25
1163 4110 1303 4151 uersuum

154 4180 379 4242 Lucilianomm
397 4185 607 4262 argumentum
624 4183 674 4242 lib.
689 4182 789 4242 XXVI
806 4202 834 4241 u.
850 4183 914 4243 592
934 4181 1045 4241 eisdem
1063 4179 1182 4240 induxit
1194 4180 1303 4256 uerbis,

155 4270 240 4348 qussi
255 4272 457 4350 apoptbegma
469 4274 588 4349 poetas:
600 4267 690 4331 ‘Nam
704 4276 740 4332 ut
754 4271 785 4331 0.
796 4271 928 4331 Lucilius
942 4271 1030 4330 bomo
1045 4274 1075 4330 et
1084 4269 1188 4330 doctus
1198 4272 1303 4347 otper-

155 4360 287 4422 urbanus
305 4361 402 4422 dicero
418 4361 542 4439 solebat,
560 4380 595 4422 ea
613 4381 690 4440 quaa
711 4361 853 4423 scriberet
870 4379 966 4436 nequa
982 4378 1013 4418 se
1036 4360 1074 4420 ab
1091 4359 1303 4421 indoctissimis

156 4469 251 4527 noque
274 4470 294 4511 s
311 4450 490 4514 doctissimis
507 4453 568 4531 legi
585 4445 675 4529 uello’
694 4470 719 4511 e.
735 4472 762 4529 q.
777 4469 799 4511 s.
840 4449 909 4510 Nou
927 4443 1103 4510 ‘subiratus'
1121 4449 1220 4510 Mucio
1238 4453 1304 4510 erat
