3060 5010
223 361 287 426 150
667 359 705 413 xl
723 377 750 413 u.
771 330 919 414 aee-'see

220 553 248 609 p.
265 530 328 592 183
349 523 446 612 seqq.)
469 530 567 590 locum
590 531 683 590 istum
705 529 801 590 facete
819 529 938 589 uidetur
956 531 1134 607 expressisse
1152 533 1249 607 poeta.
1291 529 1371 590 Nam

221 624 323 699 aperte
352 621 576 681 altercationem
600 619 749 697 Scipionis
777 622 808 680 01
830 619 926 679 Aselli
952 619 1084 698 produnt
1105 620 1197 680 uerba
1222 618 1372 681 Ciceronis

222 713 311 772 sicuti
334 711 411 771 alter
433 710 516 770 locus
535 709 571 768 10
590 711 665 769 orat.
684 708 716 767 Π
736 710 799 769 258
825 704 964 768 ‘utillud
986 708 1143 786 Scipionis,
1167 730 1234 769 cum
1252 709 1371 770 Asellus

222 803 318 862 omnis
347 819 378 860 se
409 800 580 877 prouincias
608 799 759 876 stipendia
786 801 948 859 merentem
976 818 1151 878 peragrasse
1179 800 1372 880 gloriaretur:

223 887 328 970 “rigas
352 884 501 950 asellum”
526 891 557 948 et
583 883 702 964 cetere’,
725 888 757 948 id
779 892 826 949 est
846 889 928 948 idem
951 888 1032 966 quod
1054 889 1157 949 Febris
1177 889 1232 949 dee
1249 889 1373 950 Herculi

223 980 297 1040 dicit
316 979 396 1056 apud
419 978 561 1039 Senecam
580 978 729 1055 apocoloc.
750 979 768 1036 6
788 975 833 1037 ‘tu
852 982 961 1054 eutem,
980 981 1032 1057 qui
1050 979 1138 1055 plura
1156 980 1222 1039 loca
1240 980 1372 1053 calcasti,
1400 1007 1409 1017 ’

223 1089 313 1147 quam
335 1069 415 1129 ullus
438 1069 531 1128 mulio
555 1069 772 1145 perpetuarius,
797 1071 942 1129 ...scire
966 1067 1054 1128 debes
1076 1069 1173 1128 multa
1192 1070 1277 1128 milia
1295 1072 1374 1128 inter

221 1159 376 1219 Xanthum
403 1161 434 1218 et
460 1157 638 1218 Rhodanum
664 1153 827 1218 interesse’.
879 1157 957 1218 (loni
981 1158 1112 1218 Martial.
1131 1159 1146 1218 I
1167 1161 1207 1219 79
1239 1154 1374 1236 ‘Semper

223 1250 288 1329 agis
316 1266 423 1309 causas
530 1247 563 1307 Si
588 1267 636 1307 res
664 1251 694 1306 et
721 1266 827 1308 causae
855 1248 975 1323 desunt,
1007 1249 1087 1328 agis,
1118 1248 1236 1323 Attale,
1267 1250 1372 1309 mulas.

223 1338 336 1414 1111110,
359 1357 396 1398 ne
420 1338 499 1414 quod
524 1356 605 1416 agas,
629 1337 715 1412 desit,
738 1356 810 1417 agas
834 1333 986 1398 animam'.

313 1420 396 1489 897.
415 1427 531 1487 Nonius
550 1448 578 1504 p.
596 1428 668 1501 181,
684 1428 724 1487 29
747 1424 854 1487 ‘Teuta
873 1427 986 1488 dictum
1004 1447 1059 1505 pro
1078 1429 1208 1488 extensa.
1229 1476 1234 1487 .
1251 1475 1257 1487 .
1274 1427 1374 1488 ,idem

222 1518 274 1578 lib.
293 1516 336 1576 XI
370 1512 442 1577 “hio
466 1564 472 1575 .
493 1564 498 1575 .
519 1563 525 1575 .
549 1518 581 1575 in
617 1518 733 1576 ordines
770 1512 915 1577 tentee”.'
971 1517 1082 1596 Agitur
1118 1517 1154 1577 de
1187 1520 1293 1579 castris
1325 1518 1375 1578 uel

222 1607 436 1667 hibernacuIIe:
479 1605 572 1683 pelles
614 1607 692 1665 enim
733 1608 804 1666 sunt
844 1609 974 1666 tentoria
1009 1607 1148 1667 militum.
1208 1606 1374 1669 Consedere

223 1696 402 1756 uocabulum
420 1695 552 1754 militare
570 1697 629 1755 est:
648 1695 720 1755 conf
734 1696 800 1756 Liu.
818 1695 961 1756 XXXVII
980 1698 1032 1772 39,
1052 1699 1070 1756 2
1092 1693 1215 1757 ‘instare
1233 1699 1374 1774 hiemem3

225 1788 277 1846 eut
296 1785 350 1845 sub
369 1785 498 1862 pellibus
516 1784 668 1845 habendos
687 1786 890 1861 111111011010,
909 1789 962 1846 eut
980 1788 1006 1846 si
1025 1786 1183 1847 concedere
1205 1789 1237 1846 in
1250 1787 1375 1848 hiberna

224 1875 328 1950 uellet,
356 1874 551 1934 differendum
579 1893 642 1934 esse
669 1875 701 1934 in
729 1878 875 1936 aestatem
901 1871 1035 1936 bellum’.
1085 1875 1185 1936 XXVI
1205 1879 1298 1953 20,6
1331 1873 1373 1936 ‘in

223 1964 349 2025 hiberna
372 1964 483 2024 diuersi
506 1960 723 2025 concesserant'
743 1965 771 2022 V
791 1968 820 2041 2,
841 1970 856 2025 1
884 1961 1088 2026 ‘hibernacula
1107 1967 1207 2042 etiem,
1229 1986 1277 2027 res
1296 1986 1375 2027 noua

224 2054 317 2114 militi
343 2054 491 2130 Romano,
525 2053 675 2114 aedificari
707 2051 822 2132 coepta’
853 2056 871 2113 6
902 2050 1024 2133 ‘quippe
1055 2056 1125 2116 illos
1160 2058 1288 2117 hiemem
1320 2057 1374 2117 sub

224 2146 312 2204 tectis
346 2145 407 2204 suis
441 2162 542 2220 agere,
570 2144 782 2204 ...militem
813 2145 981 2205 Romanum
1012 2147 1045 2205 in
1077 2164 1165 2222 opere
1198 2165 1233 2207 ao
1263 2146 1375 2221 labore,

225 2233 345 2293 niuibus
373 2234 548 2310 pruinisque
577 2233 717 2293 obrutum
745 2234 799 2295 sub
827 2234 956 2311 pellibus
984 2230 1103 2295 durere'
1132 2235 1233 2296 XXIII
1254 2238 1308 2312 18,
1334 2236 1373 2295 15

229 2318 310 2383 ‘nam
334 2325 364 2382 01
386 2323 539 2383 1011011111
560 2323 695 2402 plerique
719 2326 825 2384 scortis
848 2325 992 2401 inpliciti,
1019 2326 1066 2400 et,
1093 2324 1145 2384 ubi
1167 2327 1297 2403 primum
1321 2326 1375 2386 sub

225 2412 353 2490 pellibus
380 2412 485 2472 haberi
511 2415 610 2490 coepti
637 2416 720 2488 sunt,
747 2416 857 2491 uiaque
885 2417 916 2474 et
945 2415 1022 2474 alius
1054 2415 1196 2475 militaris
1220 2414 1305 2476 labor
1327 2435 1375 2476 ex·

226 2504 314 2580 cepit,
351 2503 483 2563 tironum
520 2503 607 2563 modo
644 2504 817 2580 corporibus
855 2505 1022 2582 animisque
1058 2501 1255 2565 deficiebant’.
1321 2506 1376 2565 Vbi

226 2609 390 2654 conoessum
417 2594 436 2651 1.
452 2611 475 2651 e.
504 2592 556 2652 ubi
586 2593 698 2653 milites
725 2595 757 2653 in
784 2613 877 2653 unum
904 2595 1002 2654 locum
1025 2597 1134 2655 coacti:
1161 2595 1284 2655 uerbum
1308 2595 1376 2656 sub-

226 2684 392 2743 stantiuum
423 2681 470 2742 bis
502 2683 643 2743 omissum
675 2685 728 2743 011.
779 2682 883 2744 Ρο1011
919 2685 1067 2760 pertinere
1099 2685 1301 2764 fragmentum
1337 2686 1376 2745 ed

226 2772 338 2832 bellum
360 2772 566 2848 Hispanicum.

316 2853 400 2922 898.
423 2860 539 2922 Nouius
572 2880 608 2920 ex
639 2864 834 2940 grammatico
866 2883 894 2939 p.
916 2864 993 2940 394,
1018 2865 1058 2923 22
1093 2858 1251 2940 ‘Spurcum
1284 2866 1376 2924 etiam

226 2951 361 3010 fetidum.
387 2950 588 3012 ...Lucilius
616 2951 666 3010 lib.
682 2952 724 3010 XI
752 2947 898 3028 “praetor
918 3000 923 3010 .
940 2999 967 3010 ..
988 2973 1078 3030 quam
1104 2971 1229 3027 spurcus
1255 2973 1305 3013 ore

227 3035 364 3099 unum’'.'
409 3037 538 3115 spurcos
560 3059 610 3100 ore
631 3042 651 3099 i.
667 3061 691 3100 e.
711 3040 852 3113 δυσώδεις
879 3038 980 3119 (Plato
1004 3041 1088 3102 OAF
1107 3042 1122 3102 Ι
1142 3035 1257 3124 ebrii)
1281 3042 1376 3103 Lach-

227 3147 367 3188 mannus:
398 3147 518 3203 spurcos
549 3147 598 3190 ore
630 3131 734 3208 quales
766 3132 828 3191 sint
860 3131 989 3208 explicat
1018 3131 1076 3192 (lic.
1099 3134 1132 3191 in
1159 3131 1243 3193 Verr.
1262 3133 1310 3192 111
1335 3135 1375 3193 23

229 3214 392 3295 ‘Apronius
420 3218 485 3292 ille,
514 3220 578 3296 qui,
605 3223 640 3279 ut
665 3221 730 3297 ipse
758 3240 817 3281 non
845 3220 942 3281 solum
965 3223 1043 3296 uita,
1067 3222 1118 3282 sed
1141 3241 1263 3299 corpore
1286 3224 1376 3299 atque

227 3326 276 3366 ore
308 3307 471 3385 significat,
501 3309 647 3369 immensa
678 3310 780 3387 aliqua
811 3328 925 3388 uorago
957 3314 1003 3371 011
1034 3314 1064 3370 01
1096 3331 1204 3391 gurges
1234 3312 1377 3372 uitiorum

326 3399 477 3473 postremo
514 3401 549 3457 ut
585 3397 658 3458 odor
693 3399 809 3476 Aproni
846 3402 1035 3460 taeterrimus
1072 3402 1132 3461 0111
1170 3403 1200 3460 01
1236 3402 1377 3478 corporis,

230 3505 327 3562 quem,
355 3488 389 3544 ut
416 3487 502 3546 aiunt
524 3507 560 3546 ne
583 3486 696 3548 bestiae
720 3489 841 3566 quidem
864 3490 941 3549 ferre
965 3492 1099 3567 possent,
1125 3492 1179 3550 uni
1201 3491 1254 3551 isti
1276 3492 1377 3552 suauis

228 3578 259 3633 01
299 3575 444 3635 iucundus
481 3572 652 3636 uideretur'.
707 3580 739 3636 in
772 3578 869 3639 Pison.
896 3580 936 3639 13
970 3575 1050 3639 ‘cum
1090 3581 1149 3640 isto
1191 3599 1241 3640 ore
1283 3580 1377 3640 fetido

228 3666 431 3724 taeterrimam
449 3666 534 3726 nobie
553 3667 694 3744 popinam
712 3664 900 3729 inhalasses’.
939 3669 982 3728 At
999 3669 1132 3730 Lucilius
1151 3689 1211 3730 non
1229 3689 1377 3747 ganeones

228 3757 259 3813 et
280 3755 444 3829 helluones,
467 3756 519 3816 sed
540 3756 675 3817 homines
698 3757 835 3835 pathicos
859 3761 975 3836 spectat
998 3762 1029 3818 et
1047 3762 1146 3820 scorta
1170 3760 1286 3819 uirilia:
1309 3761 1381 3820 conf

227 3844 358 3904 Martial.
382 3845 424 3904 XI
449 3846 491 3905 30
524 3841 568 3906 ‘os
600 3847 677 3907 male
710 3848 867 3910 causidicis
900 3853 931 3909 et
963 3850 1036 3909 dicis
1069 3837 1149 3908 olere
1181 3850 1289 3926 poetis:
1326 3849 1379 3909 sed

228 3935 361 3995 fellatori
385 3934 466 3994 Zoile
489 3936 574 4011 peius
598 3932 670 3996 olet’
689 3937 842 3998 Petronii
868 3934 1034 3999 ‘muliebris
1052 3940 1217 4015 patientiae
1237 3941 1378 4015 scortum,

229 4026 312 4084 cuius
344 4044 382 4083 ne
415 4026 538 4101 spiritus
570 4025 691 4103 quidem
722 4046 814 4103 purus
846 4023 902 4088 eet'
933 4031 972 4089 21
1006 4023 1158 4089 ‘cinaedus
1183 4047 1306 4088 ...nos
1326 4075 1332 4086 .
1349 4075 1377 4087 ..

228 4113 321 4174 basiis
352 4113 525 4176 olidissimis
552 4111 744 4193 inquinuuit'.
790 4116 924 4194 Appiani
946 4120 1044 4178 locum
1067 4118 1143 4176 Iber.
1164 4118 1205 4177 85
1230 4113 1378 4177 11111111

229 4194 260 4282 (1
288 4202 424 4263 Σκιπίων
460 4200 508 4263 ἐπὶ
540 4197 729 4287 Νομαντίαν)
762 4201 908 4286 ἐμπόρους
945 4229 973 4268 τε
1005 4206 1118 4279 πάντας
1156 4203 1296 4285 ἐξήλαυνε
1329 4204 1379 4266 nui

228 4287 344 4370 ἑταίρας
371 4289 421 4351 sol
449 4292 567 4371 μάντεις
594 4292 643 4354 καὶ
670 4293 766 4365 θύτας
794 4298 903 4356 cursim
933 4316 999 4357 cum
1022 4297 1069 4357 his
1093 4296 1227 4357 uersibus
1251 4296 1380 4357 contulit

229 4379 263 4438 R.
285 4381 510 4441 Bouterwelrius
547 4382 583 4442 de
615 4382 646 4441 C.
667 4383 784 4443 Lucilio
821 4386 941 4446 satirico
974 4386 1146 4466 llereeburg
1180 4386 1262 4446 1871
1297 4407 1326 4464 p.
1349 4387 1378 4445 6.

229 4469 340 4549 Agitur
367 4474 469 4549 aperte
497 4471 532 4531 de
556 4471 694 4549 Scipione
722 4491 810 4549 quem
832 4474 938 4535 laudat
959 4476 1045 4536 miles
1069 4477 1191 4552 quidam
1214 4495 1283 4536 cum
1306 4474 1380 4537 dicit
