3000 5002
507 345 604 401 moes.
624 347 681 399 seu.
701 364 728 400 u.
749 351 932 401 isis-reis.
1233 347 1299 413 423

152 517 220 576 huie
239 519 405 578 structurae
429 520 592 595 oppugnat.
639 516 729 576 ltecte
753 510 864 595 [Caes]
885 516 952 575 bell.
973 516 1036 575 Alr.
1058 518 1144 590 70,1
1173 511 1215 575 ‘et
1240 536 1298 577 non

152 607 230 666 totos
250 604 273 665 0
291 624 396 682 pessus
414 604 446 664 in
464 604 545 665 horis
564 605 606 663 IV
626 607 703 666 esset
720 600 913 683 progressus':
936 607 1039 682 itaque
1060 607 1216 683 genstiens
1234 609 1300 665 erat

151 694 313 771 ponendus,
335 696 363 754 si
385 694 457 771 quid
480 694 648 771 ponendum
672 697 745 754 erut
776 713 854 754 uuso
874 698 953 754 recte
972 693 1124 754 scribitur:
1147 693 1223 753 nihil
1241 694 1299 754 buo

149 802 273 845 erassum
296 803 342 861 ap.
361 783 460 843 Plnut
480 785 565 844 'irus
586 785 646 843 271
679 786 742 843 siue
769 784 813 842 ibi
839 786 994 843 insuasum
1021 784 1140 861 legatur
1171 787 1297 860 oportet

151 872 336 933 Vocabulum
355 872 464 932 Oscum
487 875 520 932 in
542 891 559 932 c
582 873 661 950 quod
684 876 772 933 erest
791 877 960 949 correptum
978 891 1088 949 ponere
1106 891 1166 932 non
1185 873 1298 933 uen'tus

150 966 196 1023 est
214 964 302 1023 sicuti
320 965 433 1037 scorpio
451 981 505 1039 pro
524 964 651 1036 scorpios
671 962 721 1021 lib.
740 961 822 1021 XXX
841 983 868 1020 u.
891 963 975 1021 1022
989 963 1073 1036 puolo
1094 961 1167 1022 VIII
1180 982 1208 1021 ιι.
1225 963 1298 1021 304.

150 1051 256 1112 Potuit
278 1051 309 1111 id
332 1051 510 1112 uocabulum
533 1051 735 1111 nominatiuus
759 1069 821 1111 esse
845 1051 1005 1129 singularis
1024 1055 1059 1109 ut
1076 1052 1172 1111 tudio
1190 1050 1298 1111 ciuitas

150 1142 197 1200 uel
227 1142 311 1200 molto
338 1141 434 1201 mulin
459 1133 583 1223 (Planta
602 1138 667 1201 Osc.
687 1140 787 1200 Vmbr.
807 1159 930 1217 mmm.
949 1139 965 1199 1
984 1161 1011 1217 p.
1032 1140 1084 1213 80,
1104 1142 1122 1198 2
1142 1139 1173 1199 11
1186 1159 1215 1217 p.
1232 1133 1298 1221 83),

150 1232 259 1291 rectius
277 1231 481 1290 accusatiuum
499 1231 599 1290 neutri
616 1230 732 1308 generis
751 1248 813 1289 esse
828 1231 993 1289 statuemus
1008 1220 1132 1308 (Planta
1145 1228 1176 1288 11
1189 1250 1217 1306 p.
1235 1231 1297 1289 118

151 1319 348 1380 Buechelerus
367 1319 442 1380 blus.
461 1319 554 1379 Rben.
573 1314 702 1378 XXXIII
723 1320 807 1378 1878
826 1338 855 1395 p.
875 1308 940 1397 47).
982 1318 1088 1394 Itaque
1112 1319 1138 1377 si
1160 1318 1199 1377 ad
1222 1337 1297 1391 seusu

150 1409 280 1485 pertinet
303 1409 347 1468 nil
369 1409 470 1485 potuit
491 1409 655 1487 significari
676 1408 734 1467 nisi
758 1426 832 1483 usse
858 1409 976 1485 integro
1003 1408 1052 1467 uel
1078 1406 1188 1468 solidat
1219 1408 1297 1467 Fert.

149 1519 178 1575 p.
200 1500 273 1573 293,
294 1500 334 1559 15
354 1517 376 1557 ο.
396 1518 423 1557 u.
442 1497 623 1558 solitaurilia
648 1492 767 1558 ‘sollum
790 1495 864 1557 Osce
888 1499 985 1556 totum
1009 1498 1039 1556 et
1062 1497 1178 1557 eoldum
1206 1498 1297 1576 signi-

149 1583 239 1648 ficat'.
290 1587 335 1646 De
364 1588 443 1647 unsis
471 1588 586 1646 eoldum
613 1585 723 1646 dicitur
754 1588 917 1664 integrum:
949 1587 1021 1646 ocul
1049 1588 1227 1663 interpretes
1259 1586 1298 1645 ed

149 1677 230 1737 Pers.
249 1676 277 1733 V
297 1679 338 1736 25
364 1672 447 1753 ‘quid
470 1676 596 1736 solidum
623 1670 743 1752 crepet'.
789 1675 869 1734 Hlod
897 1675 1009 1735 dirimit
1036 1677 1208 1752 conuptum
1235 1694 1297 1742 esse

149 1767 245 1826 inulta
267 1769 338 1826 sunt
361 1785 437 1842 quae
460 1764 617 1840 suadeant,
644 1767 705 1824 iam
729 1765 833 1826 Dousu
856 1766 984 1824 coniecit
1008 1764 1194 1824 scribendum
1224 1765 1298 1824 rodi·

149 1859 201 1915 mil
224 1855 307 1916 nulle
330 1855 434 1915 addita
456 1855 716 1931 interpretatione:
741 1873 827 1930 quern
852 1857 930 1914 recte
950 1853 1079 1914 arbitror
1097 1852 1243 1914 iudicasse
1260 1853 1297 1912 de

150 1946 296 2005 uocabulo
318 1948 466 2020 corrupto.
503 1943 601 2004 Homo
624 1943 675 2004 ille
698 1959 857 2020 pauperem
882 1962 984 2003 cenam
1015 1944 1068 2020 qui
1095 1945 1161 2003 erat
1186 1944 1297 2002 iusim·

149 2037 250 2094 cturus
274 2030 357 2116 (uide
377 2033 415 2092 ad
439 2033 489 2093 lib.
504 2033 577 2092 XIII
596 2054 623 2092 u.
644 2027 723 2114 445)
748 2036 846 2092 cetera
868 2032 985 2093 sordide
1009 2031 1240 2092 administrabat
1267 2036 1298 2091 et

149 2141 223 2183 usse
245 2141 363 2200 quoque
386 2122 587 2200 dupundiaria
609 2122 734 2182 redemit
757 2141 851 2199 esque
873 2141 932 2181 non
956 2124 1087 2201 integra:
1113 2121 1297 2200 distinguen-

149 2211 219 2270 dum
247 2216 315 2288 post
341 2228 400 2270 secu
427 2214 505 2271 sollo.
556 2211 640 2281 Quod
668 2210 777 2272 Oscum
803 2213 905 2288 posuit
933 2210 1113 2271 uocabulum
1145 2214 1235 2289 poeta
1266 2208 1297 2270 id

149 2301 284 2360 consulto
308 2302 380 2359 fecit
402 2304 438 2361 ut
464 2301 614 2360 hominem
644 2303 776 2377 opicum,
806 2300 964 2377 figulorum
995 2299 1213 2376 Campanorum
1245 2300 1297 2377 qui

149 2393 254 2449 utetur
276 2408 418 2466 sermone,
442 2388 634 2450 describeret:
653 2389 771 2465 qualem
795 2390 957 2449 insectatus
981 2392 1026 2448 est
1051 2391 1143 2449 etism
1160 2388 1296 2448 Vettium

149 2478 335 2549 Quintiliano
358 2478 561 2551 auctorali,
582 2479 622 2537 56
647 2480 700 2554 qui
722 2476 981 2538 Praenestinorum
1005 2496 1075 2537 usus
1098 2479 1138 2539 sit
1156 2495 1296 2538 sermone.

149 2568 296 2643 Dupuudi
319 2569 476 2646 genetiuus
499 2571 531 2628 et
554 2567 775 2643 dependimus
801 2568 889 2628 notus
917 2584 952 2624 ex
975 2566 1116 2626 Petronio
1139 2559 1206 2645 (58.
1227 2557 1297 2648 74)ι

148 2659 210 2718 ism
233 2657 374 2734 Diphilus
397 2657 513 2717 dixerat
536 2660 564 2717 in
591 2655 692 2717 Siculo
711 2649 802 2736 (CAF
821 2655 852 2715 11
870 2676 898 2732 p.
919 2658 992 2730 564,
1014 2657 1051 2715 71
1065 2648 1106 2735 Κ)
1134 2647 1201 2714 olor
1227 2651 1296 2734 ἀγο-

150 2747 247 2824 ράζειν
269 2745 366 2807 πάντα
390 2742 463 2824 μηδὲ
482 2746 519 2806 iu
542 2740 571 2806 δ’
592 2744 667 2825 ἔχειν
685 2745 713 2807 εἰ
730 2743 770 2823 μὴ
789 2744 942 2818 κικίννους
960 2741 1062 2817 ἀξίους
1080 2743 1192 2822 ilicum
1210 2744 1297 2803 ducis

149 2837 201 2896 ubi
221 2837 355 2896 conferas
373 2839 493 2912 oportet
511 2835 628 2895 Petron.
643 2836 684 2894 58
705 2831 804 2915 ‘longe
823 2833 879 2893 tibi
898 2834 939 2894 sit
958 2834 1077 2894 comula
1095 2834 1154 2893 ista
1167 2828 1296 2894 besalis'.

241 2918 347 2986 1319.
372 2924 493 2985 Seruius
516 2932 623 2985 auct-us
642 2924 680 2984 ad
699 2923 846 2984 Aeneidos
865 2923 924 2983 XII
944 2925 962 2982 5
983 2917 1120 2984 ‘Saucius
1143 2922 1203 2982 ille.
1235 2915 1295 2982 κατ’

149 3012 253 3094 ἐξοχὴν
276 3015 326 3075 ille
350 3015 411 3088 leo,
440 3013 471 3073 id
495 3019 541 3074 est
563 3016 700 3092 princeps
724 3016 862 3073 i‘erurum.
909 3013 957 3072 uel
985 3015 1064 3072 certe
1091 3012 1188 3073 ueteri
1217 3029 1297 3072 ruore

150 3105 188 3164 sd
219 3104 456 3183 magnitudinem
489 3104 631 3181 pertinet,
668 3107 702 3162 ut
734 3098 794 3162 “nc
825 3102 909 3161 uelut
939 3102 992 3179 ille
1024 3119 1131 3162 canum
1163 3097 1296 3162 morsu’d

148 3193 298 3255 interdum
321 3193 509 3253 nobilitatem
532 3192 694 3272 signifieat,
722 3195 758 3252 ut
781 3187 932 3251 “multum
956 3191 1009 3251 ille
1032 3194 1063 3250 ct
1089 3189 1177 3251 terris
1197 3192 1296 3250 „iacte-

149 3279 231 3344 tue''.
269 3286 323 3344 aut
345 3281 472 3344 similem
496 3283 646 3361 designate
669 3281 803 3343 Lucilius
828 3277 936 3341 “uelut
958 3280 1008 3340 olli
1027 3299 1135 3357 auceps
1154 3279 1205 3340 ille
1224 3280 1298 3339 iacit

149 3392 213 3433 cum
241 3372 394 3451 inprouiso
421 3365 642 3448 insidiisque'’.'
693 3372 745 3431 olli
771 3390 825 3447 pro
853 3372 920 3430 cllic
947 3370 1076 3448 positum
1105 3387 1168 3429 esse
1200 3368 1298 3428 uoluit

149 3461 302 3523 Harderns
320 3462 432 3522 erohiu.
452 3461 535 3521 lexic.
555 3459 620 3520 Lat.
640 3460 671 3520 11
691 3461 775 3520 1880
796 3481 824 3538 p.
845 3461 907 3519 317
932 3458 1012 3535 quod
1031 3458 1205 3518 aduerbium
1225 3477 1296 3534 quo

149 3552 237 3611 modo
260 3551 309 3612 hic
331 3550 454 3628 probari
476 3552 572 3627 possit
594 3568 653 3610 non
678 3549 828 3627 intellego.
875 3550 944 3608 clim
970 3551 1050 3608 recte
1073 3547 1190 3621 Dosse,
1218 3547 1296 3624 quod

149 3640 479 3719 intemperatioribus
507 3641 539 3699 in
566 3657 670 3700 uersus
697 3641 780 3699 exitu
811 3637 881 3715 poni
913 3638 1008 3698 solere
1041 3636 1121 3714 apud
1148 3635 1297 3698 Lucilium

149 3734 275 3808 apparet
293 3730 410 3790 collatis
429 3728 480 3788 lib.
498 3728 545 3790 111
563 3750 592 3788 u.
613 3731 677 3789 100
696 3728 755 3788 VH
772 3748 801 3786 u.
822 3730 899 3789 284:
918 3727 997 3787 olls'uu
1011 3725 1180 3787 Muellerus.
1213 3724 1296 3784 Nihil

149 3820 333 3896 probabilius
361 3839 451 3896 quam
480 3837 597 3879 uersum
628 3819 778 3896 integram
809 3819 960 3878 continere
991 3815 1169 3876 sententiani
1202 3833 1296 3890 neque

149 3915 250 3968 tamen
273 3927 339 3968 uem
362 3928 421 3984 quc
444 3909 595 3984 pertineat
617 3910 856 3984 apparatusque
875 3909 963 3983 aptus
982 3922 1084 3966 sensus
1102 3904 1181 3964 inest
1197 3901 1297 3990 uerbis

149 3997 278 4057 truditis.
324 3998 440 4057 insidiis
468 3996 680 4057 aduerbialiter
706 3995 821 4056 dictum
844 3998 879 4055 ut
896 4012 953 4068 per
975 3994 1109 4066 iusidias,
1137 3995 1169 4052 ui
1193 3994 1224 4052 et
1242 4010 1298 4067 per

149 4090 227 4146 uiue:
264 4085 376 4165 Vergil.
401 4086 493 4165 eclog.
516 4084 562 4144 Ill
588 4087 627 4145 17
672 4078 805 4162 ‘caprum
849 4084 982 4159 excipere
1028 4075 1157 4143 insidiis'
1200 4080 1296 4143 Plaut.

150 4176 226 4235 Men.
247 4177 312 4234 570
336 4170 382 4235 ‘cx
405 4173 522 4235 insidiis
549 4169 678 4262 qucupa’
702 4174 786 4234 Asin.
806 4175 867 4233 881
899 4168 1090 4250 ‘aucupemus
1118 4191 1153 4231 ex
1180 4170 1297 4231 insidiis

150 4265 318 4326 clanculum
346 4282 436 4342 quam
464 4283 526 4323 rem
554 4259 680 4342 gerant’.
730 4264 789 4322 Pro
813 4281 882 4344 cum
909 4262 984 4322 clam
1010 4261 1141 4322 srbitror
1169 4260 1296 4321 scriben-

149 4354 234 4414 dum:
257 4354 334 4414 clem
358 4356 454 4413 lacere
477 4354 552 4412 iuris
575 4353 704 4414 consudti
722 4353 818 4412 ueluti
836 4351 904 4429 Dig.
924 4350 1022 4410 XLIII
1042 4353 1094 4424 31,
1114 4354 1142 4425 l,
1163 4353 1178 4409 l
1206 4345 1297 4426 ‘quod

149 4447 182 4504 ui
204 4449 258 4504 eut
280 4445 357 4505 clam
381 4443 494 4502 iactum
517 4436 574 4502 ost'
597 4445 628 4503 st
653 4442 683 4503 in
711 4445 776 4502 toto
804 4440 902 4517 cupite
929 4442 1049 4517 passim.
1091 4435 1297 4518 ὀρνιθοθήοας
