3036 5004
220 330 285 395 306
540 326 656 384 XXVIII
675 331 725 383 ant
742 327 830 383 XXIX
848 347 876 383 u.
896 333 1045 383 928-988.

309 492 393 561 928.
417 499 532 558 Nonius
550 519 579 574 p.
599 500 672 574 463,
693 500 712 557 8
738 494 900 575 ‘Propitius
928 502 958 558 51
984 499 1119 558 homines
1146 497 1282 575 placatos
1311 498 1375 557 diei

220 591 357 648 uetustas
379 587 487 648 uoluit.
512 588 649 646 XXVII
670 583 726 646 “in
748 590 834 647 uouis
854 636 860 646 .
877 635 882 646 .
899 635 905 646 .
924 592 995 648 sunt
1012 590 1045 648 ui
1068 581 1127 668 (ita
1149 588 1316 647 Leidensis:
1340 589 1375 647 di

221 671 385 760 Guelferb.)
409 678 520 737 dtulius
544 679 643 737 eudem
664 697 726 736 une
747 679 973 736 ...sententia
1010 696 1081 736 nam
1099 697 1167 736 cum
1185 677 1375 754 benignitate

219 767 340 828 sollicito
361 762 561 842 propositos’'.
612 767 769 826 Terentius
796 769 828 824 in
857 766 1002 843 Adelphis
1026 759 1099 849 (31)
1129 762 1244 844 “quam
1270 769 1307 825 ut
1336 786 1375 826 ea

221 876 297 933 quae
324 859 462 933 parentes
491 851 659 932 propitii''.'
706 855 816 916 Lucilii
843 875 950 916 nomen
977 859 1057 915 recte
1086 856 1202 915 addunt
1233 855 1374 916 editores,

221 945 429 1022 Septenarium
453 946 573 1022 qualem
596 947 775 1005 constituere
799 941 842 1005 ‘in
864 946 951 1006 bonis
974 965 1063 1023 porro
1087 948 1133 1005 est
1154 945 1228 1004 uiris
1251 947 1277 1005 si
1299 947 1376 1005 irati

221 1055 272 1095 seu
296 1037 346 1094 cui
368 1031 503 1112 propitii'
527 1036 641 1094 malum
664 1054 736 1111 esse,
762 1036 846 1094 cuius
869 1054 1008 1095 caesurae
1031 1035 1183 1094 offendant
1206 1053 1302 1111 aures,
1326 1036 1372 1093 in·

220 1125 336 1184 tellexit
364 1124 585 1199 Lachmannus,
613 1125 664 1201 qui
691 1125 755 1184 iure
783 1126 915 1184 senarios
948 1127 1131 1185 restitueret:
1164 1125 1243 1184 idem
1273 1123 1376 1184 minus

221 1214 294 1271 bene
319 1214 398 1290 quod
421 1214 517 1273 Aldus
537 1232 592 1273 suo
615 1214 680 1273 loco
704 1213 879 1273 restituerat
900 1219 934 1273 ut
956 1214 1081 1274 inseruit
1099 1216 1169 1290 post
1187 1215 1296 1274 cadem.
1328 1213 1376 1273 De

222 1304 321 1363 cadem
348 1321 411 1363 uua
437 1303 537 1362 uerbis
570 1303 659 1362 sicuti
696 1303 746 1361 lib.
766 1304 864 1362 XXIX
883 1324 910 1362 u.
931 1305 993 1362 887
1029 1304 1194 1363 coniunctis
1230 1304 1301 1362 conf
1336 1302 1377 1361 ad

222 1392 272 1451 lib.
291 1392 346 1451 XX
364 1413 392 1450 u.
413 1393 478 1453 570
505 1392 566 1451 Leo
599 1393 637 1451 ad
668 1392 767 1452 Plaut
795 1393 1000 1452 Ρ555.1340.
1055 1392 1155 1451 Verba
1187 1387 1268 1450 ‘nam
1305 1411 1375 1451 eum

222 1481 407 1560 benignitate
435 1482 563 1541 sollicito
590 1477 771 1559 propositos'
800 1483 844 1541 ita
873 1482 1031 1541 constituit
1052 1482 1260 1541 Lachmannus
1291 1477 1376 1540 ‘nam

121 1632 122 1635 ,
223 1591 290 1630 cum
312 1570 499 1649 benignitate
522 1571 612 1631 solita
635 1566 804 1648 propitios’3
827 1571 946 1631 dubitat
968 1575 1069 1632 tamen
1088 1592 1159 1630 num
1177 1570 1285 1630 Lucilii
1305 1573 1377 1630 sint.

222 1660 265 1719 At
292 1659 486 1737 benignitatis
514 1662 626 1720 mentio
654 1660 728 1720 bene
756 1661 894 1739 congruit
921 1680 988 1720 cum
1016 1662 1165 1720 adiectiuo
1188 1662 1311 1735 propitii
1345 1664 1378 1719 et

223 1748 376 1809 exordium
401 1749 509 1808 senarii
532 1768 638 1809 sanum
662 1769 724 1809 esse
747 1749 874 1809 uidetur.
911 1750 977 1809 Viri
1001 1750 1071 1810 boni
1091 1771 1152 1810 non
1170 1749 1306 1809 celeriter
1324 1750 1377 1809 uel

222 1841 299 1898 iram
328 1842 445 1915 ponunt
471 1840 521 1898 uel
548 1839 798 1914 beneuolentiam‚
831 1840 882 1899 sed
910 1839 963 1898 diu
990 1843 1113 1899 manent
1140 1839 1189 1898 uel
1221 1839 1292 1898 irati
1325 1839 1377 1897 uel

224 1928 371 1987 benenoli.
422 1928 500 1987 Nam
528 1947 588 1986 una
616 1947 683 1987 cum
710 1929 894 2007 benignitate
921 1930 1014 1988 insita
1042 1948 1101 2005 qua
1132 1929 1238 1989 fauent
1269 1928 1377 1987 amicis

225 2018 374 2093 propositi
398 2019 467 2076 sunt
490 2017 617 2077 sollicite
639 2022 758 2078 tenaces
776 2020 821 2077 ita
839 2022 874 2078 ut
894 2018 1022 2078 inimicis
1041 2017 1178 2078 dubitent
1196 2019 1255 2077 cito
1273 2036 1378 2077 recon-

225 2107 330 2165 ciliari.
377 2104 489 2183 Scripsi
512 2107 607 2184 igitur
630 2103 673 2166 ‘in
696 2106 782 2167 bonis
805 2128 894 2184 porro
922 2112 968 2168 est
994 2108 1068 2167 uiris
1095 2108 1121 2166 si
1147 2107 1219 2166 irati
1246 2125 1298 2166 seu
1326 2109 1378 2165 cui

227 2195 354 2272 propitii
386 2198 457 2254 sunt
482 2199 516 2255 ut
542 2196 594 2255 din
621 2197 724 2256 eadem
751 2194 808 2275 <dc
838 2193 954 2274 eodem>
983 2217 1045 2256 une
1076 2200 1217 2256 maneant
1247 2199 1279 2255 in
1311 2215 1379 2255 sen-

225 2280 340 2344 tentia'.
378 2285 506 2362 Reliqua
529 2287 650 2345 incerta.
687 2287 810 2346 Diutius
833 2287 1057 2363 comparatiuns
1081 2290 1182 2363 aperte
1206 2289 1237 2345 et
1254 2286 1378 2362 ineptus

225 2378 256 2434 et
278 2377 442 2450 corruptus.
462 2408 505 2414 —
519 2378 642 2450 propitii
665 2375 784 2454 proprie
806 2376 843 2435 de
867 2376 912 2435 dis
936 2377 1046 2435 dicitur
1063 2379 1176 2452 passim
1194 2375 1284 2435 sicuti
1301 2378 1377 2434 irati

224 2463 296 2523 Hor.
315 2482 401 2523 serm.
420 2464 451 2522 H
471 2467 500 2539 3,
520 2468 553 2539 8,
580 2465 636 2525 hoc
658 2465 724 2524 loco
752 2465 788 2524 de
815 2465 984 2525 hominibus
1012 2464 1072 2524 dici
1094 2466 1209 2525 Nonius
1236 2467 1375 2524 testatur.

225 2553 266 2612 Et
287 2552 336 2611 hic
359 2556 390 2612 51
411 2555 514 2612 insert.
534 2574 562 2612 u.
583 2555 668 2613 1233
692 2554 825 2614 Lucilius
855 2555 1016 2614 secundum
1044 2554 1203 2614 cottidiani
1229 2543 1378 2613 sermohis

225 2642 469 2702 consuetudinem
492 2642 612 2720 scripsit
634 2644 726 2703 boreus
748 2646 798 2704 ur'r
820 2663 879 2704 non
902 2647 952 2704 uir
975 2645 1067 2704 bouus
1089 2644 1179 2704 sicuti
1204 2644 1275 2703 fecit
1298 2643 1376 2704 0515

226 2733 280 2791 5111
303 2751 371 2790 eum
398 2752 452 2808 per
477 2736 605 2791 metrum
633 2736 792 2809 utrumque
820 2734 953 2809 potuerit
980 2753 1103 2811 ponere:
1132 2734 1255 2792 candem
1283 2733 1375 2792 collo-

226 2823 373 2881 cationem
396 2821 540 2897 praebent
562 2821 687 2880 Plautus
711 2825 741 2880 et
759 2823 915 2882 Terentius
939 2824 970 2881 in
993 2822 1193 2882 locutionibus
1216 2822 1376 2883 familiaris

226 2912 370 2970 sermonis
389 2911 486 2969 ueluti
505 2905 591 2969 ‘bone
610 2911 659 2970 uir
676 2907 771 2971 salue’
792 2911 877 2988 Capt.
895 2914 958 2971 954
977 2912 1082 2973 Pseud.
1104 2914 1188 2971 1145
1208 2911 1287 2971 Pers.
1309 2913 1376 2972 789

228 2999 292 3058 Cas.
309 3001 371 3058 725
393 2999 556 3061 01115610
575 3000 637 3059 Μ11.
653 3002 716 3060 364
734 3001 874 3060 Bacchid.
892 3004 953 3062 775
969 3002 1061 3060 Andr.
1077 3004 1141 3062 846
1156 3000 1283 3077 Adelph.
1298 3004 1377 3061 476.

228 3090 291 3147 556
316 3089 392 3146 Eun.
413 3090 485 3147 660.

315 3169 400 3239 933.
423 3177 559 3236 Donatus
579 3178 617 3236 ad
635 3179 769 3238 Terentii
786 3180 995 3240 Phormionem
1013 3180 1058 3238 IV
1077 3182 1106 3255 3,
1126 3182 1145 3239 9
1170 3175 1217 3239 ‘Iu
1234 3199 1301 3240 cum
1318 3180 1378 3240 hoc

227 3266 351 3344 agebam
375 3262 581 3326 commodum’.
620 3263 827 3345 ‘commodum
849 3274 969 3329 tantum
992 3265 1093 3346 quod’.
1130 3270 1264 3329 Lucilius
1290 3265 1380 3328 ‘mihi

227 3355 415 3416 commodum
433 3360 475 3416 551
492 3361 544 3415 cut
561 3357 634 3417 dare
651 3361 848 3433 uestimentum
867 3352 1126 3441 (uestimentctum
1142 3351 1180 3440 0)
1198 3355 1379 3432 pesuerum’.

226 3445 275 3504 115
299 3445 382 3520 codd,
405 3445 464 3504 nisi
481 3445 562 3521 quod
579 3446 607 3502 V
625 3446 716 3506 habet
734 3443 792 3507 ‘est
815 3451 868 3507 aut
891 3449 955 3507 nlla
972 3449 1152 3508 uestimenta
1171 3444 1374 3525 reposueram’

228 3554 262 3593 ex
286 3535 403 3593 librarii
426 3535 602 3594 coniectura.
640 3535 779 3597 Senarios
801 3541 881 3596 recte
900 3538 1057 3597 constituit
1074 3537 1283 3597 Lachmannus
1303 3557 1379 3613 que-

227 3644 294 3682 rum
316 3624 348 3683 in
371 3624 470 3700 priore
493 3625 673 3683 courmodum
694 3627 727 3684 in
750 3626 832 3685 exitu
858 3645 962 3686 uersus
989 3629 1122 3703 positum
1152 3627 1240 3687 b1isse
1268 3627 1379 3703 proba·

227 3713 288 3772 bile
311 3716 356 3772 551
379 3714 466 3772 sicuti
489 3712 570 3789 apud
594 3713 711 3773 Terent.
730 3714 749 3773 1.
768 3733 790 3773 5.
810 3734 832 3774 5.
851 3715 949 3775 Plaut.
969 3715 1045 3774 Rud.
1066 3717 1129 3775 519
1151 3716 1216 3775 Cas.
1237 3717 1316 3790 593,
1344 3717 1378 3775 15

229 3803 391 3878 posteriore
409 3802 732 3878 plusquamperfectum
746 3822 906 3878 posueram
924 3805 1009 3865 cuius
1027 3806 1141 3864 formae
1156 3805 1252 3864 exitus
1266 3807 1379 3865 senarii

228 3891 367 3968 proprius
399 3893 464 3950 erat
500 3892 582 3951 15555
615 3885 749 3972 (Brixius
786 3895 825 3953 ad
852 3894 949 3953 Plaub.
974 3888 1146 3976 055117).
1201 3895 1379 3970 Plusquam·

228 3981 392 4057 perfectum
416 3998 483 4039 cum
506 3983 685 4041 corrumdam
708 3982 849 4042 aduerbio
873 3985 996 4060 ponitur
1019 3983 1337 4058 015511Α111116,
1359 3990 1376 4044 1

230 4065 428 4129 ‘commodum
450 4069 488 4130 ad
512 4073 541 4129 te
565 4070 704 4130 dederam
722 4067 852 4131 litteras’
870 4073 945 4131 XIII
964 4075 993 4148 9,
1014 4077 1029 4132 1
1052 4068 1251 4132 ‘commodum
1269 4072 1381 4135 disces·

229 4177 309 4218 seras
327 4153 404 4218 heri'
423 4161 475 4235 30,
495 4164 511 4219 1
538 4154 737 4220 ‘commodum
756 4160 794 4219 ad
812 4164 843 4220 te
861 4162 1001 4222 miseram
1019 4156 1174 4222 Demean’.
1210 4162 1381 4223 Perfectum

224 4249 326 4321 posius?
338 4248 473 4307 Lucilius
491 4247 662 4308 adhibuisse
680 4269 740 4309 non
754 4251 882 4311 uidetur.
915 4252 1022 4328 Itaque
1040 4255 1210 4312 uestimento
1219 4269 1382 4326 posueram

230 4336 340 4395 senarii
363 4340 428 4396 erat
449 4355 519 4414 pars
547 4341 615 4413 post
642 4357 809 4415 caesuram,
837 4335 932 4400 ‘ueste
959 4337 1070 4418 posita’
1096 4340 1381 4404 015.Τ555.1113

230 4420 432 4501 ‘tunicamque
460 4421 596 4502 poneret’
615 4426 643 4481 V
662 4428 705 4487 60
738 4424 899 4488 ‘uelamina
930 4425 1028 4506 ponit'
1056 4427 1142 4488 Ouid.
1162 4448 1188 4489 a.
1209 4449 1234 4488 a.
1254 4430 1381 4493 11613.

229 4516 302 4574 darc
324 4517 403 4572 recte
426 4514 573 4573 traditum
595 4514 726 4575 uidetur:
750 4519 821 4576 conf
841 4519 878 4577 ad
902 4519 952 4578 lib.
972 4520 1070 4579 XXIX
1088 4539 1116 4577 u.
1137 4520 1210 4577 868.
