3060 5010
229 357 294 420 240
652 355 740 420 xxvl
758 373 786 410 u.
806 360 957 412 ese-eoa.

224 528 308 585 extat
332 525 411 602 apud
439 525 538 585 l’laut.
557 525 636 584 Pers.
658 526 721 584 263
742 524 806 584 Cas.
829 527 913 585 1005
944 521 1077 602 ‘propter
1105 544 1171 584 eam
1205 544 1268 584 rem
1300 525 1379 586 hauc

226 614 284 674 tibi
302 634 381 675 nuno
398 616 519 674 ueniam
536 616 634 674 miuus
654 617 779 694 grauate
793 611 957 691 prospero’:
976 616 1118 676 sollemne
1136 614 1196 674 fuit
1209 616 1240 673 in
1255 615 1377 675 deorum

225 705 327 764 fauore
354 704 535 764 inuocando:
565 704 630 763 Liu.
650 704 725 763 VIII
745 707 816 780 9,7
847 700 930 764 ‘Iane
960 705 1098 782 Iuppiter
1128 704 1297 781 Marspater
1316 750 1322 761 .
1343 750 1377 764 ..

224 813 277 854 uos
304 813 422 870 precor,
449 811 587 868 ueneror,
617 795 737 853 ueniam
763 797 834 870 poto
860 795 996 870 feroque,
1028 795 1075 853 uti
1102 795 1213 871 populo
1241 794 1377 854 Romano

225 883 388 953 (lauritium
415 885 478 942 uim
506 885 664 944 uictoriam
690 879 883 960 prosperetis'
912 883 983 942 Hor.
1009 903 1098 944 earm.
1123 902 1197 945 saec.
1219 887 1258 943 17
1285 879 1379 959 ‘dlua⁷

224 972 370 1049 producas
398 973 532 1033 subolem
558 975 680 1049 patrum
709 991 864 1050 prosperos
897 970 1025 1034 decreta’
1046 994 1070 1032 e.
1091 994 1118 1050 q.
1138 992 1160 1033 s.
1202 973 1292 1032 Recte
1320 974 1378 1052 igi·

224 1066 275 1121 tur
292 1080 372 1136 pun:
394 1062 492 1122 Plaut
513 1062 596 1122 Cure.
618 1065 682 1122 270
707 1059 820 1140 ‘pacem
849 1062 888 1122 ab
911 1062 1090 1141 Aesculapio
1114 1067 1213 1141 petas,
1240 1082 1277 1122 ue
1300 1063 1379 1122 forte

225 1152 282 1211 tibi
309 1155 417 1211 euenat
444 1170 586 1229 magnum
619 1149 742 1212 malum’
772 1153 887 1212 Ennius
910 1152 988 1212 TRF
1011 1155 1067 1212 inc.
1092 1153 1194 1212 incest.
1217 1152 1277 1212 fab.
1299 1153 1379 1212 lOIt

226 1237 302 1300 ‘tum
321 1244 523 1302 coniecturam
541 1242 684 1318 postulat,
706 1260 810 1319 pacem
828 1246 942 1319 petens,
963 1246 998 1301 ut
1016 1261 1047 1302 se
1066 1242 1202 1302 edoceret
1220 1241 1378 1301 obsecrans

225 1330 398 1407 Apollinem
416 1349 476 1407 quo
495 1349 558 1391 sese
582 1335 703 1391 uertant
725 1335 828 1391 tautae
849 1335 943 1392 sortes
963 1327 1122 1391 somnium’
1147 1331 1232 1391 Lucr.
1248 1331 1275 1389 V
1292 1334 1377 1392 1229

228 1416 299 1479 ‘non
324 1421 426 1480 diuom
453 1439 556 1498 pacem
583 1421 663 1481 uotis
691 1421 757 1481 adit
783 1440 818 1482 ao
845 1441 932 1498 prece
960 1417 1089 1498 quaesit'
1114 1414 1194 1502 (Idu.
1214 1421 1273 1480 VH
1293 1423 1322 1495 2,
1342 1414 1378 1503 2)

226 1510 315 1589 Verg.
334 1511 408 1570 Aen.
427 1510 471 1569 IV
491 1511 531 1569 56
563 1506 721 1587 ‘principio
750 1510 874 1571 delubra
902 1511 1013 1571 adeum
1040 1530 1202 1588 pacemque
1229 1530 1283 1587 per
1309 1529 1378 1570 aras

226 1600 394 1676 exquirunt,
418 1602 552 1659 mactant
574 1600 667 1659 lectas
690 1600 726 1658 de
749 1619 830 1660 more
853 1597 994 1661 bidentis’
1019 1620 1105 1677 quem
1134 1601 1232 1660 locum
1255 1600 1378 1659 Muelle-

225 1709 276 1749 rus
296 1688 408 1748 attulit.
440 1691 561 1749 minimo
580 1693 606 1749 ct
624 1692 812 1766 corruptum:
833 1691 994 1750 Mineruae
1013 1693 1039 1750 ci
1058 1688 1226 1750 Onionsius.
1264 1690 1379 1749 'lamen

226 1796 279 1837 nec
299 1780 421 1837 mistimo
445 1778 607 1855 genuinum
630 1797 693 1838 esse
716 1780 836 1838 uidetur
858 1782 931 1855 quia
953 1799 1165 1857 saepenumero
1188 1781 1299 1857 legitur
1324 1782 1380 1839 mi-

225 1870 325 1927 αιύιαο
357 1886 424 1926 cum
456 1870 614 1944 negatione
646 1870 742 1928 ueluti
773 1869 876 1928 quen.
895 1869 922 1924 V
944 1871 1006 1928 123
1045 1865 1110 1928 ‘uec
1147 1869 1270 1928 minimo
1307 1886 1379 1928 sane

227 1957 397 2017 discrimine
419 1952 521 2016 refert’
543 1955 650 2016 estun.
671 1960 759 2033 43,1
787 1954 852 2018 ‘nec
874 1960 998 2019 minimo
1021 1960 1123 2035 puella
1141 1955 1235 2018 naso’.
1270 1958 1379 2035 Itaque

227 2045 283 2106 hoc
315 2046 402 2106 modo
434 2065 513 2106 nunc
545 2046 655 2106 scribo:
690 2042 755 2106 ‘nec
786 2049 909 2106 minimo
937 2049 965 2108 ei
991 2051 1185 2125 prosperatur
1211 2066 1270 2125 pax
1298 2048 1380 2123 quod

227 2134 425 2195 Cassandram
456 2131 611 2215 (Locrum)
647 2135 732 2214 signo
768 2132 930 2214 deripuit’:
971 2137 1110 2197 similiter
1141 2139 1249 2214 incipit
1282 2142 1379 2213 septe-

229 2225 331 2285 narius
354 2225 405 2284 lib.
424 2224 553 2284 XXVIII
571 2246 599 2284 u.
621 2228 684 2285 750
709 2222 774 2285 ‘nec
794 2245 888 2303 paruo
908 2225 1026 2286 Catullo
1045 2223 1164 2304 pretio’.
1203 2223 1277 2287 ‘Nec
1299 2245 1379 2286 com·

226 2317 352 2390 paratur
378 2332 472 2390 paruo
504 2317 602 2391 pretio
635 2334 693 2393 pax
725 2315 826 2375 diuom
854 2316 1073 2393 Agamemnoni
1100 2319 1223 2394 propter
1254 2315 1379 2376 Cassan·

227 2403 299 2462 drae
326 2399 463 2464 facinus’.
514 2404 560 2464 De
587 2407 762 2482 argumento
792 2407 862 2465 conf
882 2405 993 2484 Hygin.
1015 2408 1078 2464 116
1097 2426 1126 2482 p.
1148 2408 1208 2466 101
1234 2405 1379 2465 Schmidt.

229 2489 298 2553 ‘Ilio
331 2496 419 2571 capto
452 2497 482 2553 et
513 2494 612 2554 diuisa
645 2494 758 2571 praeda
783 2495 882 2553 Danai
910 2514 978 2554 cum
1005 2495 1125 2554 domum
1157 2495 1301 2570 redirent,
1332 2495 1380 2555 ira

231 2583 353 2643 deorum
378 2583 457 2659 quod
481 2584 552 2643 fana
575 2583 779 2660 spoliauerant
801 2587 832 2644 et
854 2585 934 2660 quod
954 2583 1150 2645 Cassandram
1171 2583 1250 2644 Aiax
1267 2584 1380 2644 Locrus

228 2691 246 2731 a
273 2675 359 2751 signo
392 2672 528 2732 Palladio
562 2672 734 2750 abripuerat
758 2720 764 2731 .
789 2720 795 2731 .
821 2721 826 2731 .
850 2674 1041 2753 naufragium
1073 2669 1227 2735 fecerunt’.
1277 2673 1379 2744 Quint.

228 2761 345 2838 Smyrn.
360 2762 430 2820 XIV
445 2763 509 2821 419
521 2781 602 2838 seqq.
619 2763 755 2839 Apollod.
770 2762 840 2822 bibl.
857 2763 900 2823 ed.
915 2764 1060 2842 Wagneri
1073 2763 1153 2842 Lips.
1171 2766 1256 2824 1894
1273 2783 1301 2840 p.
1314 2766 1378 2823 212

227 2851 349 2910 Proclus
368 2852 388 2909 l.
407 2870 430 2910 e.
449 2872 478 2928 p.
498 2853 572 2926 245,
593 2854 611 2910 9
634 2845 749 2930 Ἀθηνᾶ
770 2846 974 2932 Ἀγαμέμνονα
996 2851 1046 2912 καὶ
1070 2850 1229 2914 Μενέλαον
1252 2852 1294 2925 εἰς
1317 2852 1380 2932 ἔριν

227 2940 387 3017 καθίστησι
410 2938 551 3020 megitodi
575 2939 692 3002 ἔκπλου.
733 2933 925 3021 Ἀγαμέμνων
948 2937 1001 3021 μὲν
1024 2933 1080 3003 οὖν
1103 2940 1155 3002 τὸν
1178 2951 1230 3022 τῆς
1245 2937 1380 3021 Ἀθηνᾶς
1472 3020 1476 3027 ι

228 3027 431 3107 ἐξιλασάμενος
449 3027 536 3108 χόλον
554 3027 683 3107 ἐπιμένει
702 3023 804 3112 (Hom.
823 3054 841 3111 y
863 3034 925 3092 130
935 3025 1040 3113 seqq.).
1078 3031 1174 3102 Quam
1192 3033 1380 3111 tragoediam

229 3121 343 3195 spectet
365 3123 464 3194 poeta,
490 3138 549 3178 non
572 3119 680 3196 liquet:
708 3120 760 3180 sed
787 3121 826 3179 ad
851 3119 980 3197 Chrysen
1005 3121 1131 3181 Pacuuii
1159 3123 1247 3183 sicuti
1266 3144 1294 3181 u.
1315 3124 1379 3182 655

228 3209 377 3284 pertinere
400 3207 472 3267 haec
496 3208 588 3268 uerba
610 3208 884 3286 probabilissimum
907 3213 958 3271 est

319 3290 403 3357 658.
431 3298 547 3357 Nonius
570 3319 598 3376 p.
618 3301 675 3374 38,
696 3300 736 3358 16
771 3295 903 3376 ‘Capitol
935 3300 1048 3359 dictum
1081 3303 1127 3360 est
1158 3301 1266 3378 capitis
1300 3303 1379 3377 peri-

229 3386 339 3445 culum.
363 3431 414 3445 ...
434 3386 567 3447 Lucilius
585 3388 635 3448 lib.
655 3389 754 3447 XXVI
776 3384 888 3449 “facile
903 3437 909 3448 .
925 3437 931 3448 .
948 3385 1136 3450 ,irascier''.'
1175 3390 1379 3450 Parasitorum

230 3476 350 3535 uidetur
373 3494 435 3536 esse
459 3478 594 3553 querela:
623 3479 694 3538 conf
709 3479 823 3556 DiphiI.
845 3481 885 3538 74
905 3478 981 3538 (IAF
1000 3481 1032 3539 H
1049 3500 1078 3557 p.
1100 3479 1201 3540 56611
1225 3476 1380 3561 ὀργίζεται;

229 3564 388 3645 παράσιτος
406 3560 449 3624 ὢν
468 3561 624 3646 ὀργίζεται;
642 3567 766 3627 Aristot.
781 3569 856 3627 rhet.
870 3569 886 3627 I
900 3587 964 3646 cap.
981 3572 1020 3629 11
1036 3589 1065 3646 p.
1083 3570 1198 3629 13701
1215 3572 1254 3629 13
1274 3567 1380 3642 οὐθεὶς

228 3652 284 3735 γὰρ
312 3650 453 3737 ὀργίζεται
480 3659 520 3739 τῷ
547 3652 684 3741 ἀδυνάτῳ
712 3655 884 3741 φαινομένῳ
911 3657 1052 3738 τιμωρίας
1078 3663 1191 3738 τυχεῖν,
1219 3654 1290 3719 odil
1316 3663 1379 3730 τοῖς

231 3742 308 3804 πολὺ
330 3740 405 3825 ὑπὲρ
428 3742 537 3818 αὖτοὺς
559 3755 595 3830 τῇ
619 3745 743 3824 δυνάμει
766 3743 786 3825 ἢ
810 3747 865 3807 οὐκ
892 3743 1057 3828 ὀργίζονται
1084 3744 1105 3827 ἢ
1132 3739 1229 3826 ἧττον.
1275 3747 1380 3808 Simile

230 3836 432 3914 apopthegma
456 3835 522 3894 Seu.
542 3835 578 3894 de
597 3837 631 3894 ir.
650 3836 694 3894 IV
714 3837 765 3910 33,
786 3838 803 3894 2
830 3833 997 3897 ‘notissima
1019 3856 1078 3896 uox
1104 3841 1149 3897 est
1176 3838 1239 3897 eius
1267 3838 1319 3914 qui
1346 3839 1379 3897 in

230 3925 312 3984 cultu
330 3944 434 4003 regum
448 3928 651 3985 consenuerat.
684 3944 752 3985 cum
766 3926 851 3985 illum
866 3928 989 4003 quidam
1003 3929 1211 4004 interrogaret,
1230 3927 1379 4003 quomodo

230 4016 413 4074 rarissimam
436 4034 498 4074 rem
522 4014 552 4073 in
576 4015 647 4074 aula
670 4019 843 4076 consecutus
866 4021 951 4091 esset,
974 4020 1170 4078 senectutem:
1196 4012 1379 4093 “iniurias’'‚

231 4104 339 4179 inquit,
364 4098 559 4180 “accipiendo
583 4107 614 4163 et
636 4107 749 4183 gratias
774 4102 934 4183 agendo”.’
978 4102 1094 4166 ‘Palam
1116 4108 1240 4167 muttire
1262 4107 1380 4184 plebeio

231 4193 384 4268 piaculum
407 4188 463 4253 est'
488 4193 603 4253 Ennius
626 4194 742 4254 dixerat
764 4197 796 4253 in
819 4194 949 4273 Telepho
974 4189 1052 4279 (286
1064 4189 1112 4278 R).

321 4274 405 4342 659.
428 4282 545 4342 Nonius
563 4303 591 4359 p.
613 4285 685 4359 138,
707 4287 744 4342 21
773 4279 932 4345 ‘Mordicus
955 4286 1006 4345 lib.
1025 4287 1124 4345 XXVI
1144 4286 1278 4347 Lucilius
1302 4279 1380 4368 (Im-

231 4371 316 4428 cilius
333 4371 381 4429 lib.
397 4371 515 4429 XXVI
528 4366 680 4454 impressi)
701 4369 872 4433 “mordicus
892 4421 898 4433 .
919 4421 925 4432 .
946 4422 952 4432 .
972 4380 998 4435 et
1015 4376 1136 4435 flamma
1155 4423 1161 4435 .
1182 4423 1187 4435 .
1208 4423 1215 4435 .
1233 4371 1379 4436 cibum”.'

230 4458 348 4518 Auaros
370 4459 521 4539 significat
542 4464 632 4538 poeta
659 4465 690 4521 et
716 4462 1014 4544 turpilucricupidos‚
1042 4467 1093 4542 qui
1121 4466 1233 4525 famam
1259 4467 1302 4524 nil
1331 4484 1380 4524 cu-
