3060 5010
216 366 281 430 218
403 365 480 420 XXII
498 383 524 420 u.
545 372 694 421 oso-584.
732 366 820 421 XXIII
840 383 866 421 11.
887 372 946 422 585.
984 367 1060 422 XXV
1078 385 1104 422 u.
1125 372 1185 422 586.

218 538 301 597 1902
322 557 350 614 p.
371 537 432 596 381
446 527 550 619 seqq).
586 537 697 596 Potitus
720 536 902 597 adiectiunm
921 537 1085 599 obsoletum
1105 540 1136 596 et
1156 539 1301 598 rusticum
1319 536 1364 598 in·

217 627 335 686 uenitur
352 627 384 684 in
402 625 503 685 Plauti
523 645 610 685 uersu
630 645 677 702 ep.
691 626 768 686 Non.
788 627 807 686 l.
827 646 849 688 s.
869 630 899 686 11
917 648 945 704 p.
962 629 1025 689 204
1045 647 1067 687 s.
1081 649 1109 687 u.
1128 630 1252 701 frontem
1271 627 1365 686 allato

215 718 245 774 et
268 715 299 775 in
322 715 463 776 carminis
487 714 611 775 Saliaris
634 717 804 793 fragmento
828 717 907 795 apud
930 716 1051 777 Festum
1075 737 1103 793 p.
1125 717 1187 779 205
1207 736 1229 777 s.
1248 737 1276 775 u.
1290 719 1365 792 peti-

215 805 275 864 lam
298 822 415 865 suram:
438 823 544 864 nomen
568 805 637 865 inde
660 805 778 866 duxisse
800 805 921 866 uidetur
943 805 1064 866 Petillia
1087 825 1167 885 gens.

306 887 389 955 584.
417 895 532 954 Nonius
555 915 584 972 p.
606 896 679 970 210,
699 897 739 954 28
774 890 915 955 ‘Lauinm
952 897 1050 955 neutri
1087 899 1132 956 est
1167 896 1284 974 generis
1304 943 1310 954 .
1331 942 1364 955 ..

216 984 319 1044 labeae
342 1002 459 1045 rursum
483 984 627 1043 feminini.
648 1031 654 1044 .
675 1032 681 1043 .
702 1032 708 1043 .
727 984 860 1044 Lucilius
888 988 1057 1062 satyrarum
1081 986 1132 1045 lib.
1150 985 1237 1044 XXII
1260 980 1365 1063 “copi-

214 1075 280 1133 n'on
300 1121 305 1133 .
327 1121 332 1132 .
353 1119 360 1134 .
379 1067 509 1134 socus''.’
558 1074 707 1150 Zopyrion
730 1093 835 1134 nomen
859 1077 967 1134 tritum
991 1094 1157 1135 seruorum:
1181 1075 1303 1135 Lucian.
1327 1075 1364 1134 11

214 1163 339 1223 merced
359 1163 442 1222 cond.
462 1165 502 1222 23
522 1163 575 1222 ΑΡ
589 1163 632 1223 XI
647 1166 723 1223 212:
743 1164 786 1223 nil
804 1183 899 1241 neque
919 1164 1053 1224 adhunc
1072 1183 1101 1224 n.
1120 1164 1251 1241 pertinet
1268 1184 1365 1241 noque

215 1253 253 1313 ad
275 1251 326 1311 lib.
345 1253 388 1312 IX
406 1254 518 1313 1336
548 1253 659 1331 Zopyri
686 1254 817 1335 historio
844 1274 934 1331 quem
966 1255 1102 1314 narrauit
1129 1253 1298 1314 Herodotus
1317 1254 1364 1313 III

217 1342 279 1402 154
289 1362 371 1419 seqq.
410 1341 595 1403 Sententiam
618 1362 722 1403 uersus
746 1346 843 1421 aperit
860 1343 953 1403 Nouii
975 1362 1078 1405 uersus
1097 1337 1203 1426 (5111)
1224 1338 1364 1420 ‘populns

214 1432 328 1492 homini
358 1432 459 1492 labeas
491 1434 599 1512 pugnis
627 1426 769 1493 caederc’.
821 1432 895 1494 Cum
923 1433 1131 1494 Atellanarum
1163 1451 1297 1493 sermone
1329 1436 1365 1492 ut

214 1541 303 1600 saepe
325 1523 464 1601 congruit
487 1540 583 1583 sermo
606 1522 792 1583 Lucilianus:
816 1521 867 1581 lib.
886 1523 929 1582 IX
947 1544 975 1582 u.
996 1524 1059 1583 336
1087 1523 1198 1602 legitur
1221 1517 1364 1582 ‘rostrum

214 1610 374 1688 labeasque
397 1607 543 1688 percutio’
563 1612 705 1697 Pompon.
727 1614 790 1672 144
815 1607 883 1672 ‘tibi
902 1632 971 1673 cum
989 1612 1146 1673 tunderem
1163 1607 1276 1672 labeas’
1300 1613 1362 1671 158

216 1695 280 1777 ‘qni
303 1700 436 1760 nondum
458 1701 559 1762 labeas
582 1701 682 1761 lirarit
704 1698 789 1760 mibi'
811 1703 873 1761 156
899 1698 1363 1763 ε1111111111111111111111·

214 1785 332 1850 sidero’.
364 1790 471 1866 Itaque
490 1791 640 1868 Zopyrion
663 1810 765 1851 seruus
789 1793 888 1851 nescio
907 1793 955 1852 cui
973 1792 1088 1853 bomini
1106 1793 1256 1868 utrimque
1278 1809 1363 1851 secus

215 1882 234 1938 i.
255 1901 278 1939 e.
297 1878 407 1958 pugnis
439 1879 583 1958 ambobus
614 1883 745 1940 rostrum
774 1881 884 1940 tundit.
934 1881 979 1940 De
1011 1884 1155 1956 utrimque
1181 1898 1263 1941 accus
1294 1879 1366 1940 conf

213 1969 250 2028 H.
261 1969 351 2028 Keilii
366 1972 522 2029 comment.
536 1972 569 2029 in
584 1969 647 2030 011.
662 1970 698 2030 11
713 1990 774 2049 agr.
790 1972 859 2031 cnlt.
875 1991 902 2047 p.
919 1972 975 2030 48:
994 1972 1111 2031 Lucret.
1120 1970 1163 2029 IV
1179 1971 1242 2030 939
1258 1963 1363 2046 ‘quare

213 2060 363 2135 utrimque
387 2078 469 2121 secus
493 2079 598 2137 corpus
622 2079 689 2120 cum
712 2055 857 2138 napnlet’.

680 2291 894 2302 -—-.——-

711 2477 864 2561 Hm

304 2626 386 2695 585.
410 2634 580 2693 Priscianus
602 2632 653 2693 GL
672 2633 749 2711 Hp.
770 2635 844 2709 506,
864 2634 944 2693 24Κ
968 2628 1093 2692 ‘Lambo
1116 2651 1234 2710 quoqne
1258 2632 1361 2692 lambi.

213 2723 347 2785 Lucilius
371 2715 481 2804 (lucius
504 2723 577 2783 1111
593 2741 631 2782 m.
653 2728 681 2791 1,
704 2728 862 2783 correctam
879 2742 916 2783 m.
936 2715 972 2803 2)
996 2722 1026 2781 in
1049 2721 1151 2781 XXIII
1171 2713 1361 2801 (Sangallen-

213 2814 253 2872 sis
272 2812 441 2873 nonhabet
463 2814 496 2871 in
516 2804 653 2892 XXIII)
673 2807 899 2889 “iucundosqne
914 2860 920 2871 .
937 2859 942 2870 .
959 2859 964 2870 .
980 2805 1178 2889 placentas”.’
1217 2811 1363 2872 Statnunt

212 2903 342 2978 turpiter
364 2921 463 2962 errare
485 2903 727 2980 grammaticum:
750 2921 845 2979 neque
869 2904 948 2962 enisu
967 2919 986 2960 a
1003 2899 1161 2961 lambendo
1180 2901 1232 2962 sed
1250 2919 1268 2960 a
1286 2901 1361 2961 lam·

212 2990 343 3050 berando
367 2994 504 3067 oportere
527 2990 631 3050 deduci
655 2993 797 3051 11111111
819 2994 855 3050 11
878 2992 976 3052 Ρ1111.
995 2990 1101 3050 Pseud.
1123 2992 1185 3049 743
1211 2985 1288 3051 ‘meo
1314 3009 1361 3049 me

213 3080 285 3139 ludo
308 3074 466 3140 lamberas’
492 3079 542 3139 nbi
566 3082 637 3140 conf
657 3080 841 3157 interpretes.
888 3082 991 3158 Neque
1015 3083 1115 3139 tomen
1143 3082 1189 3140 est
1217 3079 1295 3157 qnod
1324 3079 1361 3138 de

212 3169 503 3245 plusquamperfecto
526 3168 657 3228 dubites:
685 3189 754 3229 nam
779 3171 977 3248 descripserat
998 3172 1089 3247 poeta
1116 3188 1268 3229 seruorum
1296 3170 1362 3228 1111

212 3258 420 3319 defunctorum
442 3258 527 3317 libris
546 3244 772 3318 XXII-XXV:
804 3255 1018 3336 ‘iucundaeque
1041 3276 1116 3336 puer
1139 3260 1191 3335 qui
1213 3257 1362 3318 lamberet

212 3367 263 3406 ore
291 3348 446 3424 placentas
474 3347 647 3424 nescioquid
678 3368 784 3408 seruus
811 3349 863 3408 ille
893 3350 1029 3424 peccauit
1060 3343 1168 3407 senex’.
1216 3347 1362 3408 Similiter

211 3436 365 3513 Aristopb
385 3438 460 3514 Eqn.
482 3438 566 3497 1089
590 3435 659 3516 χῶτι
682 3432 710 3517 γ’
735 3434 768 3496 ἐν
792 3431 984 3515 Ἐκβατάνοις
1012 3435 1140 3508 δικάσεις
1167 3436 1270 3516 λείχων
1296 3433 1362 3497 ints

211 3542 307 3585 παστα
329 3526 431 3586 quen.
450 3526 531 3586 IX5
566 3522 630 3585 ‘nos
663 3527 822 3602 colaphum
854 3527 1018 3587 incutimus
1050 3525 1193 3585 lambenti
1225 3525 1361 3587 crustula

211 3610 308 3675 seruo’
337 3634 425 3691 quem
452 3616 549 3675 locum
577 3617 705 3675 contulit
732 3615 887 3676 Bentleins
916 3617 955 3677 11
982 3616 1053 3676 Hor.
1078 3614 1359 3690 11111.116,109.

212 3704 313 3765 Etiam
336 3704 412 3765 libro
430 3705 531 3765 XXIII
553 3705 589 3764 de
613 3707 706 3766 seruis
730 3708 831 3765 ectum
855 3707 946 3768 fuisse
969 3726 988 3765 1
1005 3708 1096 3781 poeta
1113 3705 1169 3765 boc
1188 3705 1253 3783 ipso
1271 3724 1360 3765 uersu

211 3794 246 3854 fit
268 3797 412 3871 apertum.

722 4139 848 4223 ΧΠ

219 4264 1358 4376 ‘mwmfflmmmmmmmw

138 4386 141 4391 ’
210 4384 262 4443 ubi
285 4383 401 4444 Plinius
418 4432 423 4442 .
440 4431 445 4443 .
461 4430 468 4444 .
483 4385 555 4462 quid
577 4405 658 4464 ergo,
681 4388 706 4444 si
729 4386 771 4444 sic
794 4384 958 4445 declinanit
979 4387 1015 4445 ut
1036 4384 1161 4445 Plautus
1185 4387 1216 4445 iu
1235 4384 1359 4445 Bacchi-

210 4472 297 4534 dibus
317 4476 348 4534 et
364 4474 395 4534 in
410 4472 543 4535 Poenulo
562 4465 678 4556 (1178)
698 4467 840 4534 “Arabus
858 4476 1008 4552 myninus
1027 4468 1132 4535 odor”.
1167 4473 1285 4535 Arabus
1298 4474 1359 4534 Lu·
