3036 5004
566 362 669 416 xxvn
688 380 714 416 u.
735 367 883 416 ree-rer.
1242 363 1305 427 261

159 536 237 610 ceret
282 533 437 593 obsecrans
483 531 653 610 Apollinem
695 552 753 608 quo
802 551 865 592 sese
905 534 1026 592 uertant
1065 534 1168 592 mutae
1213 537 1308 593 sortes

158 618 326 682 somnium’.
379 622 424 681 De
456 621 548 681 simili
580 622 779 701 discrepantia
812 625 949 681 accentus
977 622 1064 681 metri
1092 624 1123 680 et
1150 621 1307 682 uerborum

158 714 294 774 consulto
318 732 336 771 a
358 713 456 788 poetis
484 713 620 787 quaesita
648 730 794 787 nusquam
823 713 931 770 certius
959 711 1030 770 licet
1057 710 1190 771 iudicare
1218 731 1307 788 quam

157 803 188 862 in
217 803 379 879 septenarii
406 801 568 877 principio:
598 801 709 861 milites
742 803 821 860 enim
854 800 1018 875 cantabant
1046 796 1171 861 ‘Gallias
1200 799 1308 862 Caesar

157 893 276 970 subegit
306 891 483 951 Nicomedes
516 885 694 966 Caesarem,
731 910 798 950 cum
832 891 934 950 liceret
968 890 1149 950 commodius
1186 893 1308 951 cantare
1360 943 1362 947 .

159 978 280 1042 ‘Caesar
308 981 421 1041 Gallias
449 975 588 1058 subegit',
619 982 692 1040 item
719 980 842 1041 Porcius
870 980 991 1040 Licinus
1022 980 1142 1057 scripsit
1170 976 1307 1040 ‘Poenico

157 1072 236 1132 bello
259 1067 398 1131 seeundo'
414 1088 437 1128 e.
454 1089 480 1146 q.
496 1089 517 1130 s.
542 1089 608 1129 cum
627 1073 799 1147 promptum
818 1071 910 1129 fuerit
928 1068 1056 1130 scribere
1076 1066 1165 1130 ‘bello
1180 1070 1307 1130 Poenico

158 1156 306 1221 secundo’.
326 1193 368 1201 —
388 1160 494 1219 Placet
515 1163 605 1236 poeta
628 1160 754 1219 amicam
778 1159 887 1220 iratam
910 1163 944 1218 ut
962 1159 1056 1219 deam.
1095 1157 1169 1218 (lum
1187 1159 1307 1236 appello

156 1270 264 1310 mam:
291 1253 326 1309 ut
349 1247 437 1309 Ouid.
456 1253 525 1308 met.
545 1249 615 1308 XIV
637 1251 697 1309 761
729 1246 868 1325 ‘quorum
895 1269 1021 1324 memor,
1054 1268 1071 1308 ο
1099 1268 1178 1322 mea,
1211 1250 1307 1309 lentos

156 1359 243 1418 pone,
260 1359 373 1417 precor,
392 1340 490 1398 fastus
509 1342 539 1398 et
558 1341 673 1399 amanti
690 1341 822 1417 iungere,
841 1333 991 1415 nymphe'.
1019 1339 1135 1398 Terent.
1150 1339 1225 1397 Eun.
1242 1339 1306 1397 664

159 1425 237 1489 ‘mea
260 1425 306 1488 tu’
332 1423 471 1510 (Adelph.
497 1421 584 1510 289).

247 1512 266 1577 7
272 1511 328 1579 30.
351 1518 468 1578 Nonius
491 1539 519 1595 p.
540 1519 613 1593 238,
634 1521 672 1577 21
701 1513 874 1596 ‘Appellare
898 1521 944 1577 est
967 1519 1158 1579 familiariter
1184 1536 1305 1597 respon-

157 1609 233 1668 dere.
256 1608 391 1667 Lucilius
405 1607 456 1666 lib.
471 1607 586 1666 XXVH
601 1603 692 1666 “curn
706 1609 764 1667 mei
780 1655 786 1666 .
803 1655 808 1666 .
825 1656 830 1666 .
846 1602 988 1668 meam''.'
1022 1608 1162 1686 Nugatur
1176 1608 1306 1668 Nonius:

155 1717 225 1758 narn
253 1697 404 1772 dominus,
437 1697 556 1756 domina
588 1698 680 1757 uerba
712 1700 782 1758 sunt
812 1698 959 1758 amatoria
992 1700 1022 1755 et
1053 1697 1186 1774 publiea:
1219 1695 1306 1757 Ouid.

156 1808 247 1847 amor.
265 1788 312 1847 III
333 1790 361 1862 7,
383 1791 420 1846 11
448 1782 490 1846 ‘et
512 1787 586 1845 mihi
608 1787 772 1847 blanditias
796 1787 873 1847 dixit
895 1787 1109 1864 dominumque
1127 1790 1249 1848 uocauit
1267 1788 1307 1846 st

156 1898 232 1953 quae
256 1882 410 1955 praeterea
434 1876 553 1953 publica
576 1876 668 1936 uerba
690 1873 807 1936 iuuant’
832 1879 951 1936 metam.
970 1877 1013 1935 IX
1033 1878 1095 1935 467
1122 1872 1194 1936 ‘iarn
1214 1878 1306 1937 domi-

155 1988 227 2027 num
250 1967 396 2044 appellat,
424 1969 485 2027 iam
507 1966 629 2026 nomina
657 1969 810 2045 sanguinis
838 1968 916 2042 odit,
943 1966 1074 2044 Byblida
1099 1967 1160 2027 iarn
1189 1969 1307 2027 mauult

156 2076 247 2133 quam
279 2076 310 2117 se
342 2059 431 2116 uocet
462 2056 514 2116 ille
546 2052 687 2117 sororem’
725 2057 833 2116 thill.
853 2058 919 2116 Tat.
938 2056 969 2115 Π
989 2058 1062 2131 4,4
1095 2056 1162 2136 θίγε
1199 2055 1305 2137 χειρός,

155 2147 270 2222 θλίψον
298 2146 457 2223 δάκτυλον,
490 2145 606 2225 θλίβων
633 2144 780 2218 στέναξον.
815 2142 855 2224 ἢν
882 2142 915 2205 δὲ
943 2145 1035 2205 ταῦτά
1061 2162 1116 2206 σου
1148 2154 1307 2218 ποιοῦντος

155 2243 279 2319 καρτερῇ
312 2233 361 2296 καὶ
393 2235 562 2315 προσίηται,
595 2234 649 2296 σὸν
676 2233 763 2315 ἔργον
790 2233 850 2314 ἤδη
878 2232 1039 2295 δέσποινάν
1066 2256 1094 2294 τε
1124 2239 1224 2295 καλεῖν
1256 2232 1306 2294 κοιλ

156 2330 280 2404 φιλῆσαι
303 2323 447 2406 τράχηλον
467 2326 496 2398 6,
517 2328 544 2383 1.
565 2326 593 2382 2.
640 2324 752 2384 onres
775 2344 894 2402 quoque
917 2325 1036 2384 ἀοοιλιια
1059 2325 1206 2385 uocabulo
1230 2327 1304 2384 tem·

155 2434 227 2491 pore
250 2417 465 2492 imperatorum
489 2414 636 2473 salutatas
659 2432 720 2474 esse
748 2417 879 2474 constat:
908 2415 979 2473 conf
1000 2413 1112 2474 Seneca
1138 2414 1174 2472 de
1203 2417 1305 2473 matri·

155 2506 255 2566 monio
270 2504 355 2563 Stud.
369 2503 450 2581 Lips.
466 2503 535 2562 XIX
553 2505 636 2563 1899
656 2524 684 2580 p.
701 2505 752 2579 61,
769 2506 809 2563 24
824 2502 1046 2563 Friedlaenderi
1064 2504 1167 2563 histor.
1187 2522 1304 2562 morum

155 2616 184 2671 p.
194 2596 228 2654 R.
243 2595 259 2654 Ι
272 2594 307 2654 ed
324 2596 342 2653 6
358 2614 386 2670 p.
402 2595 475 2652 443.
492 2594 564 2651 448.
580 2595 644 2651 474
656 2592 847 2652 Wilmannsii
861 2593 995 2670 Exempl.
1011 2592 1143 2669 inscript.
1154 2592 1220 2653 Lat.
1232 2593 1304 2652 534.

156 2684 280 2764 Signum
304 2683 548 2761 interrogationis
566 2685 598 2742 in
617 2684 697 2742 exitu
716 2701 819 2742 uersus
837 2702 962 2759 posuere
981 2682 1109 2743 editores
1129 2700 1203 2757 quos
1222 2682 1304 2740 nolui

155 2775 249 2850 sequi.
305 2772 412 2834 Coram
444 2772 568 2833 seruolis
601 2773 738 2831 dominns
769 2771 903 2832 Lucilius
935 2774 1048 2831 amicae
1080 2771 1235 2849 indulgere
1271 2775 1306 2830 ut

156 2864 292 2924 dominae
306 2883 365 2923 non
380 2863 459 2922 uult:
474 2863 612 2922 similiter
620 2862 798 2923 Aristoteles
812 2862 944 2921 edixerat
956 2864 1033 2921 teste
1043 2859 1134 2920 Olem.
1145 2860 1303 2920 Alexandr.

154 2954 279 3032 poedag.
298 2952 345 3012 ΙΠ
365 2955 416 3027 12,
435 2955 453 3012 ’1
474 2948 531 3031 ἐγὼ
550 2948 582 3011 δὲ
600 2949 649 3011 sed
668 2955 728 3024 τοῖς
746 2949 925 3031 γεγαμηκόσι
943 2947 1152 3032 παραινέσοιμι
1170 2946 1209 3010 ἂν
1227 2949 1305 3011 οἴκοι

155 3041 206 3116 τὰς
237 3046 381 3123 γυναῖκας
413 3040 524 3120 μήποτε
556 3038 629 3100 κατὰ
661 3040 821 3121 πρόσωπον
854 3039 974 3101 οἰκετῶν
1003 3044 1109 3119 φιλεῖν.
1147 3036 1217 3101 οὐδὲ
1248 3037 1304 3120 γὰρ

154 3137 319 3213 προσγελᾶν
337 3131 455 3203 δούλοις
470 3125 668 3212 Ἀριστοτέλης
686 3129 731 3190 εἴα
749 3128 828 3208 ποτέ,
847 3134 958 3191 πολλοῦ
970 3152 1002 3211 γε
1020 3128 1070 3189 κοιλ
1089 3130 1137 3190 δεῖ
1151 3122 1210 3189 κατ’
1230 3126 1304 3207 ὄψιν

155 3220 254 3282 αὐτῶν
277 3219 556 3301 φιλοφρονούμενον
579 3219 743 3298 φαίνεσθαι
765 3217 820 3298 τὴν
842 3225 978 3300 γυναῖκα.

247 3304 330 3373 731.
353 3311 471 3371 Nonius
494 3330 522 3385 p.
543 3312 617 3385 407,
636 3311 679 3371 30
708 3305 905 3387 ‘Tempestas
934 3313 1061 3386 tempus.
1087 3356 1146 3368 ...
1170 3310 1304 3369 Lucilius

155 3400 205 3460 lib.
220 3401 335 3460 XXVII
354 3396 438 3460 “iarn
458 3420 517 3476 qua
535 3402 714 3477 tempestate
732 3401 814 3475 uiuo,
835 3405 908 3458 certe
926 3402 1001 3459 sinc:
1025 3399 1128 3459 adme
1147 3394 1303 3475 recipio''.'

155 3490 255 3550 Verba
278 3495 350 3551 certe
372 3493 436 3550 οιῗιιο
458 3509 570 3568 negans
593 3508 679 3566 posse
698 3490 769 3549 ferri
788 3490 922 3548 mutauit
938 3488 1146 3549 Lachmannus
1165 3489 1303 3549 Kleinere

157 3579 304 3640 Schriften
323 3580 402 3656 Hp.
424 3581 463 3638 76
488 3582 541 3655 qui
563 3580 720 3639 substituit
742 3581 854 3640 chresto
880 3582 910 3637 et
939 3580 1092 3638 coniunxit
1118 3580 1196 3637 hunc
1220 3599 1247 3636 u.
1271 3582 1305 3636 ut

156 3670 349 3746 posteriorem
373 3688 440 3728 cum
458 3690 486 3727 u.
508 3671 579 3729 701.
627 3668 684 3729 Sed
706 3688 812 3729 uersus
835 3669 946 3728 exitum
970 3669 1010 3728 od
1034 3687 1079 3727 mc
1106 3670 1213 3741 recipie
1241 3688 1303 3725 mu·

156 3761 258 3817 tuatus
282 3761 327 3817 est
348 3762 438 3835 poeta
461 3778 477 3816 e
496 3759 561 3817 Ter.
580 3758 687 3818 Heaut.
710 3760 793 3818 1056
820 3754 959 3818 ‘onrem
983 3761 1018 3817 ut
1040 3757 1138 3816 ducas.
1164 3763 1193 3823 tt
1214 3756 1304 3815 Pater

234 3852 265 3914 tt
289 3847 342 3906 Nil
365 3847 462 3906 audio.
489 3851 519 3913 tt
546 3847 592 3906 Ad
615 3868 661 3907 me
684 3848 809 3925 recipio,
836 3843 961 3907 Faciet'.
1007 3844 1088 3916 Quae
1116 3846 1227 3905 locutio
1255 3845 1304 3904 hic

157 3936 292 3996 absolute
314 3937 414 4012 posita
437 3938 495 4010 est,
523 3936 625 3996 eadem
648 3956 714 3996 cum
740 3937 908 3996 accusatiuo
931 3935 1115 4013 pronominis
1144 3936 1304 3993 coniuncta

155 4027 267 4103 legitur
289 4025 386 4086 Plaut.
405 4025 467 4084 Mil.
489 4027 552 4084 229
578 4021 622 4084 ‘tu
645 4044 721 4085 uuus
744 4026 771 4085 si
792 4027 921 4102 recipere
944 4025 1000 4085 hoc
1024 4023 1062 4084 ad
1080 4028 1109 4083 te
1129 4023 1211 4098 dicis,
1236 4043 1303 4083 con·

156 4116 279 4176 fidentia
297 4118 350 4190 est,
369 4133 422 4174 nos
443 4115 579 4174 inimicos
593 4115 750 4193 profligare
765 4133 858 4191 posse.
884 4120 910 4182 tt
932 4114 997 4174 dico
1013 4116 1043 4172 et
1056 4113 1167 4189 recipio
1181 4113 1220 4172 ad
1233 4109 1302 4172 me’.

155 4206 261 4282 Neque
285 4206 399 4264 numeri
422 4223 526 4264 uersus
549 4206 682 4282 corrupti
704 4205 853 4264 feruutur:
876 4206 1032 4263 nemetae
1055 4204 1095 4263 od
1113 4203 1303 4279 pyrrhichius

156 4316 215 4354 non
247 4297 344 4374 magis
376 4294 531 4355 offensioni
565 4297 622 4369 est,
663 4313 752 4371 quam
793 4294 908 4367 quidem
949 4293 990 4352 od
1025 4292 1123 4351 Plaut.
1142 4291 1217 4351 Rud.
1239 4295 1302 4353 322

156 4380 259 4465 (GNW
274 4385 410 4445 Muelleri
429 4384 464 4443 de
483 4383 584 4444 Plauti
602 4382 717 4461 prosod.
737 4406 765 4462 p.
786 4384 858 4444 283.
880 4375 967 4464 284).
1004 4382 1111 4459 Itaque
1129 4383 1217 4443 homo
1236 4403 1303 4459 pro-

157 4475 242 4553 digus
266 4476 348 4551 loqui
367 4473 486 4534 uidetur
503 4475 559 4534 hoc
577 4475 677 4534 modo:
701 4469 783 4548 ham,
807 4491 866 4550 quo
884 4475 1016 4551 tempere
1035 4475 1205 4532 etiamnunc
1223 4474 1304 4550 uiuo,
