3060 5010
575 346 627 409 VII
644 370 671 409 u.
692 352 841 410 288-291.
1234 347 1298 418 109

148 522 334 604 intellegitur
356 520 392 584 de
410 516 581 586 hominibus
599 526 742 602 temporis
761 526 822 584 acti
839 524 895 584 hoc
913 541 1003 584 uersu
1025 524 1150 585 narrari.
1191 524 1298 603 Itaque

149 616 185 676 de
208 615 361 675 Lusitanis
389 634 463 692 quos
490 615 569 675 bello
591 616 778 674 Numantino
806 614 958 674 deleuerat
988 614 1088 691 Scipio
1110 614 1298 677 Aemilianus

148 705 202 765 hos
226 724 330 766 uersus
353 707 518 781 acceperim
541 706 577 764 de
601 703 708 782 quibus
728 704 856 781 Appian.
876 703 951 762 Iber.
971 721 1035 781 cap.
1052 706 1092 763 67
1113 704 1186 764 haec
1204 706 1299 766 tradit

148 793 198 855 καὶ
216 792 267 854 τὸν
284 792 468 874 Οόιρίαιθον
486 791 688 873 ἑξακισχιλίοις
704 791 848 874 ἀνδράσιν
862 790 982 853 ἐπιόντα
996 793 1027 853 οἷ
1041 793 1110 872 μετά
1124 816 1153 854 τε
1166 804 1299 876 κραυγῆς

148 882 198 944 καὶ
221 883 358 964 θορύβου
377 884 561 963 βαρβαρικοῦ
579 881 629 943 καὶ
647 881 741 961 κόμης
759 892 873 962 μακρᾶς
890 879 930 961 ἣν
949 879 981 942 ἔν
999 887 1061 956 τοῖς
1078 881 1217 961 πολέμοις
1235 881 1297 944 ἐπι-

149 973 260 1033 σείουσι
269 977 330 1045 τοῖς
340 971 469 1053 ἐχθροῖς,
479 969 567 1033 οὐδὲν
577 971 749 1049 ὑποπτήξας
758 969 869 1050 ὑπέστη
879 993 907 1032 τε
916 972 1059 1052 γενναίως
1068 976 1127 1032 κτλ.
1140 975 1298 1033 -iactari

149 1066 240 1140 caput
262 1066 353 1139 atque
381 1080 480 1122 comas
503 1082 527 1121 a.
542 1083 570 1139 q.
585 1081 622 1137 s,
650 1062 770 1122 σείοοσα
796 1061 900 1141 χαίτην
923 1061 1014 1141 κρᾶτά
1037 1056 1057 1121 τ’
1077 1055 1170 1122 ἄλλοτ’
1195 1061 1297 1125 ἄλλοσε

148 1152 252 1230 Eurip.
275 1151 351 1211 Med.
378 1154 471 1212 1191.
503 1183 540 1192 -
571 1146 663 1230 altas]
696 1152 767 1211 conf
790 1151 868 1211 Plin.
892 1151 990 1210 XXIV
1016 1153 1079 1211 140
1109 1144 1222 1234 ‘(folia)

148 1240 313 1301 infantibus
343 1242 432 1300 inlita
459 1241 602 1319 capillum
635 1235 731 1300 alunt'
765 1240 905 1317 Diphilus
932 1241 951 1299 l.
971 1259 993 1300 s.
1012 1259 1033 1301 s.
1057 1239 1155 1319 κόμην
1181 1240 1298 1322 τρέφων

148 1333 253 1391 artetes
289 1331 443 1390 attilanem
479 1333 525 1389 est
560 1332 591 1388 in
629 1332 703 1390 actis
740 1331 868 1389 fratrum
900 1330 1058 1388 Arualium
1091 1323 1298 1411 (Wilmaunsii

149 1423 237 1480 inscr.
258 1421 354 1496 2884,
374 1412 417 1500 6).
438 1451 479 1461 -
499 1419 648 1478 frontibus
666 1414 819 1499 inmissus]
838 1419 908 1479 uide
932 1418 983 1478 lib.
997 1419 1079 1478 XXX
1098 1422 1295 1480 111007.-

149 1508 283 1586 Sumpsit
309 1512 412 1586 itaqua
439 1509 572 1569 Lucilius
600 1526 745 1582 caprosiae
772 1508 951 1568 uocabulum
979 1528 1013 1569 ex
1036 1511 1170 1584 equitum
1193 1511 1298 1587 lingua

149 1617 238 1675 eques
261 1603 297 1658 ut
319 1599 415 1658 multa
438 1600 508 1675 alia,
530 1597 678 1679 προκόμια
701 1598 833 1676 Xenoph.
853 1598 889 1657 de
907 1617 939 1657 re
963 1597 1069 1673 eun
1090 1599 1118 1657 6.
1139 1599 1167 1657 8.

238 1681 321 1751 290.
347 1688 463 1747 Nonius
486 1709 515 1767 p.
531 1690 647 1764 553,2
678 1684 808 1748 ‘Rorarii
836 1686 1066 1764 appellabantur
1092 1689 1203 1748 milites
1233 1684 1296 1765 qui’

149 1798 172 1837 e.
188 1799 215 1854 q.
230 1797 252 1836 s.
284 1774 428 1838 ‘Lucilius
455 1781 624 1855 satyrarum
652 1778 702 1836 lib.
721 1776 781 1835 Vl]
810 1773 965 1854 “quinque
1065 1773 1184 1836 uelis''.'
1227 1778 1298 1838 Seu·

149 1870 275 1927 tentiam
306 1887 366 1927 non
399 1886 489 1926 unam
520 1887 580 1927 uno
612 1887 700 1926 uersu
732 1867 941 1943 comprehendi
968 1867 1036 1926 inde
1064 1871 1190 1944 apparet
1217 1868 1298 1944 quod

148 1956 207 2016 <luo
248 1957 428 2016 nominatiui
467 1958 569 2016 leuatae
612 1961 642 2016 at
677 1959 813 2017 rororius
849 1957 926 2016 alter
961 1957 1090 2016 alterum
1127 1957 1297 2017 extrudunt.

148 2045 258 2107 Versus
281 2049 345 2123 ipse
368 2049 521 2125 egregium
544 2049 590 2107 est
612 2049 817 2106 testimonium
838 2044 984 2105 donorum
1002 2047 1180 2105 militarium
1199 2050 1297 2107 aetate

148 2134 297 2213 Scipionis
325 2136 489 2195 Aemiliani
516 2137 619 2213 qualia
646 2137 766 2195 fuerint.
812 2135 933 2194 Etenim
962 2134 1041 2196 dona
1070 2137 1215 2196 militaria
1238 2139 1257 2196 i.
1273 2156 1296 2196 e.

147 2226 249 2285 hastas
286 2228 416 2303 quinque
453 2244 545 2303 puras
582 2230 613 2285 et
643 2243 765 2285 auream
797 2244 937 2285 coronam
968 2225 1024 2284 hoc
1056 2244 1144 2285 uersu
1176 2228 1298 2304 agnosci

148 2314 253 2374 debere
276 2315 498 2375 demonstratur
518 2317 712 2392 inscriptione
732 2314 796 2374 CIL
814 2314 861 2372 III
876 2317 940 2373 454
955 2315 1052 2391 suppl.
1073 2316 1159 2374 6984
1182 2313 1219 2374 de
1238 2335 1298 2391 qua

147 2424 242 2482 nuper
269 2408 332 2484 egit
359 2405 393 2463 Ε.
408 2405 539 2464 Kalinka
566 2405 744 2464 Festschrift
771 2405 820 2462 illa
847 2401 880 2463 0.
900 2403 1055 2463 Benndorf
1079 2426 1107 2482 p.
1129 2405 1191 2463 215
1216 2424 1296 2482 seqq.

147 2493 271 2572 Ilbergii
293 2495 391 2554 annal.
407 2494 453 2553 III
474 2495 557 2555 1899
578 2516 605 2572 p.
622 2496 685 2554 675
707 2489 784 2554 ‘Sem
804 2492 892 2553 Vibio
912 2491 999 2552 Gallo
1018 2494 1176 2552 tricenario
1194 2495 1298 2569 primi-

147 2585 238 2661 pilari
256 2585 349 2661 praef.
368 2585 494 2644 kastror.
513 2585 570 2663 leg.
590 2583 664 2642 XIII
682 2603 756 2661 gem.
776 2582 861 2642 donis
880 2581 990 2642 donato
1010 2582 1048 2642 ab
1066 2582 1297 2659 imperatoribus

147 2673 268 2734 honoris
291 2676 442 2750 uirtutisq.
466 2692 556 2734 causa
578 2672 708 2748 torquib.
731 2672 858 2730 armillis
880 2672 1011 2748 phaleris
1035 2675 1151 2731 coronis
1174 2674 1296 2731 murali·

147 2761 201 2822 bus
229 2763 276 2822 III
308 2763 472 2823 uallaribus
500 2762 531 2821 11
563 2779 656 2822 aureo
687 2761 711 2819 I
735 2763 829 2820 basim
855 2764 944 2834 puris
972 2762 1006 2831 V,
1037 2761 1155 2821 uexillis
1173 2761 1204 2820 Π
1232 2761 1296 2821 Sex.

147 2851 254 2912 Vibius
283 2853 462 2913 Cocceianus
490 2856 616 2930 patrono
644 2850 718 2911 bene
746 2852 881 2910 merenti.
932 2850 1004 2910 CIL
1028 2850 1059 2909 11
1085 2851 1169 2910 1086
1199 2846 1296 2910 ‘donis

149 2941 259 3002 donato
283 2961 393 3002 corona
417 2943 525 3001 murali
547 2945 578 3001 et
601 2943 717 3001 coronis
736 2942 834 3000 aureis
851 2939 914 2998 1111
932 2942 1005 2999 item
1026 2940 1136 2999 uexillo
1155 2942 1185 2998 et
1203 2940 1297 3000 hastis

148 3032 231 3108 puris
259 3027 297 3088 V'
327 3024 442 3113 (Wilm.
460 3023 568 3111 1625).
620 3030 714 3090 Sicuti
741 3031 773 3087 in
801 3030 994 3106 inscriptione
1026 3048 1118 3089 aurea
1150 3030 1297 3089 coronal

148 3125 212 3180 arte
236 3121 395 3182 coniuncta
423 3121 536 3198 legitur
563 3140 630 3179 cum
652 3119 748 3180 hastis
772 3120 917 3196 quinque,
940 3119 984 3178 ita
1005 3121 1037 3177 in
1059 3118 1170 3178 Lucilii
1193 3137 1296 3178 uersu:

147 3211 239 3270 immo
261 3211 294 3269 in
313 3210 483 3287 anaglypho
505 3210 586 3270 basis
609 3213 728 3270 statuae
742 3208 824 3268 Vibii
843 3201 928 3290 (edit.
947 3209 1055 3269 Lucilii
1073 3228 1101 3286 p.
1123 3202 1194 3290 95),
1217 3209 1296 3286 quod

149 3301 248 3358 omnia
271 3319 381 3377 genera
408 3298 553 3360 donorum
575 3300 696 3359 illorum
715 3302 785 3358 ante
808 3299 910 3358 oculos
928 3301 1014 3374 ponit
1032 3302 1169 3358 accurate
1188 3298 1296 3373 efficta,

148 3390 280 3466 quinque
307 3390 378 3449 illae
405 3389 510 3448 hastae
536 3391 581 3448 ita
608 3390 778 3467 exsculptae
801 3392 971 3463 cernuntur,
994 3392 1029 3447 ut
1050 3390 1134 3465 ipsae
1157 3407 1296 3448 coronam

149 3497 271 3539 auream
304 3498 392 3555 super
424 3497 474 3538 aas
506 3498 680 3555 suspensam
711 3479 858 3539 sustinere
890 3477 1060 3537 uideantur.
1112 3478 1297 3538 Narrauerat

148 3569 244 3645 igitur
266 3571 356 3644 poeta
378 3569 410 3626 in
433 3567 512 3627 bello
535 3568 720 3628 Numantino
745 3567 867 3644 aliquod
889 3569 1040 3644 praeclare
1063 3568 1189 3642 factum,
1212 3571 1296 3627 cuius

148 3660 283 3717 auctores
311 3657 395 3717 donis
423 3658 604 3717 militaiibus
631 3659 736 3718 donati
766 3662 852 3717 erant
889 3676 907 3716 a
939 3656 1076 3733 Scipione
1108 3659 1295 3734 scriptusque

148 3750 214 3806 erat
236 3766 339 3807 uersus
361 3748 393 3805 in
413 3747 492 3807 huno
514 3748 575 3805 fere
598 3747 734 3806 modum:
756 3743 873 3825 <equiti
890 3766 982 3822 purae
1001 3745 1069 3804 inde
1092 3745 1180 3805 datae
1204 3743 1295 3823 sunt>

148 3836 280 3913 quinque
313 3836 431 3911 hastae,
463 3836 583 3895 aureolo
616 3837 717 3895 cinctu
747 3836 878 3896 roran‘us
910 3836 990 3896 ueles
1017 3830 1196 3912 (donatur),
1248 3834 1295 3892 Ad

148 3926 249 3986 hastas
272 3926 413 3985 ualitates
436 3926 539 4002 quales
562 3928 676 4001 septem
698 3945 820 3985 numero
844 3927 975 4002 gestasse
998 3925 1105 3982 uelites
1128 3926 1296 3983 auctorest

148 4015 251 4076 Liuius
270 4014 368 4074 XXVI
388 4018 417 4092 4,
436 4018 456 4074 4
480 4016 628 4091 pertinere
647 4014 725 4074 hunc
747 4032 868 4073 uersum
891 4013 990 4073 uoluit
1012 4015 1117 4071 auctor
1139 4012 1295 4072 enchiridii

148 4106 288 4181 antiquit
308 4127 336 4183 p.
350 4104 384 4163 a.
404 4124 423 4164 a
440 4104 464 4163 Ι.
483 4103 688 4180 Marquardtio
707 4103 760 4162 Th.
779 4103 962 4162 Mommseno
980 4101 1112 4161 inchoati
1134 4101 1166 4160 11
1189 4100 1258 4160 edit.
1275 4104 1293 4160 2

148 4194 228 4271 Lips.
250 4196 334 4254 1884
358 4215 386 4271 p.
402 4196 477 4269 343,
496 4194 524 4252 5.
548 4225 592 4234 -
615 4193 752 4252 aureolas
774 4194 809 4251 ut
830 4192 971 4266 ligneolae
993 4190 1043 4250 lib.
1057 4190 1085 4247 V
1105 4210 1133 4250 u.
1153 4192 1216 4250 224
1240 4211 1295 4269 pro

148 4300 237 4343 careo
260 4284 369 4345 metico
392 4283 545 4344 uocabulo.

239 4366 320 4436 291.
343 4374 458 4434 Nouius
472 4393 500 4452 p.
517 4374 591 4448 506,
607 4374 624 4430 7
642 4368 756 4450 ‘lbilgit
771 4391 825 4448 pro
840 4370 942 4449 fulget.
979 4370 1112 4430 Lucilius
1126 4372 1295 4446 satyrarum

148 4462 198 4522 lib.
215 4463 273 4523 VH
288 4459 440 4542 “primum
456 4511 462 4525 .
479 4511 484 4523 .
500 4509 506 4521 .
521 4467 548 4524 et
564 4464 735 4538 sumocitme
752 4454 909 4521 ferrum''.'
939 4461 1136 4535 erucaque
1149 4460 1171 4519 Ι.
1186 4461 1294 4520 Dousa.
