3060 5010
574 370 664 426 xxv1
681 387 709 425 u.
729 360 878 426 eos-era.
1236 369 1301 437 227

155 543 254 600 mutat
276 542 382 601 merois
405 544 544 620 surgente
567 558 586 600 a
608 541 671 600 sole
693 539 733 600 ad
755 559 823 600 eum
844 559 903 616 quo
921 538 1093 617 uespertina
1109 542 1193 616 tepet
1209 535 1303 619 regio’

155 649 179 689 e.
194 649 221 706 q.
236 648 258 690 1.
282 623 375 711 (Pers.
393 629 418 687 V
438 623 595 711 511111).

245 712 329 781 669.
353 719 470 779 Nonius
488 740 518 796 p.
532 720 608 793 437,
623 722 664 779 22
685 714 780 779 ‘Inter
797 737 902 779 cauere
921 722 952 778 et
969 720 1068 778 uitare
1087 718 1223 779 Lucilius
1241 736 1304 779 osse

155 808 330 869 distantiam
353 809 461 886 uoluit,
483 809 535 868 lib.
553 808 662 886 XXVI,
684 812 715 869 et
738 827 802 868 esse
824 808 893 886 plus
915 809 1021 868 uitare.
1059 804 1200 885 “quid..
1217 825 1304 869 ,111-

154 915 237 958 sere.
254 945 260 958 .
276 894 480 960 .ma1ume’'.'
518 898 664 959 Horatius
687 917 772 959 serm.
790 899 807 957 I
825 901 855 977 4,
876 900 939 959 105
960 893 1104 958 ‘insueuit
1121 900 1209 975 pater
1226 898 1304 976 opti-

154 1007 220 1048 mus
242 988 298 1047 boc
321 1009 368 1049 me
391 991 426 1047 ut
448 989 583 1068 fugerem
606 988 748 1066 exemplis
771 988 916 1049 uitiorum
938 1006 1074 1065 quaeque
1096 983 1250 1048 notando'.

245 1069 328 1140 610.
351 1077 468 1138 Nonius
491 1098 519 1155 p.
540 1080 614 1153 497,
633 1079 676 1138 30
706 1073 915 1138 ‘Accusatiuus
942 1077 992 1137 uel
1019 1077 1223 1137 nominatiuus
1249 1096 1304 1154 pro

155 1165 297 1226 ablatiuo.
318 1214 368 1226 ...
387 1167 522 1228 Lucilius
541 1159 727 1249 (satyrarum
745 1167 829 1227 addit
848 1168 928 1227 solus
948 1165 1213 1243 Guelferbytanus:
1235 1166 1304 1226 reli·

155 1256 208 1332 qui
227 1248 385 1338 omittunt)
404 1257 454 1316 lib.
474 1256 573 1317 XXVI
597 1252 695 1317 “haec
711 1260 746 1316 tu
766 1252 1035 1335 ...inrigarier''.'
1068 1256 1137 1316 Non
1155 1256 1301 1334 legentem

154 1346 229 1405 facit
256 1345 391 1406 Lucilius
418 1365 524 1407 uersus
552 1365 621 1407 suos
648 1347 868 1406 adulescentem
894 1346 982 1405 illum
1011 1364 1100 1422 quem
1133 1344 1305 1423 alloquitur,

154 1435 206 1495 sed
230 1435 400 1495 audientem
428 1436 517 1496 sicuti
539 1435 626 1496 Luor.
645 1436 661 1495 Ι
680 1438 744 1496 416
775 1431 877 1513 ‘quam
903 1436 961 1495 tibi
987 1434 1024 1495 de
1052 1436 1159 1512 queuis
1186 1454 1246 1495 una
1272 1454 1304 1494 re

156 1524 293 1586 uersibus
320 1527 416 1586 omnis
444 1529 689 1604 argumentorum
716 1525 757 1586 sit
784 1526 872 1603 copia
903 1524 995 1585 missa
1021 1543 1078 1600 per
1109 1520 1214 1585 canc'.
1259 1527 1304 1584 11-

154 1617 283 1689 reperior
313 1614 415 1692 posuit
446 1634 500 1692 pro
531 1617 625 1675 imbui
656 1618 735 1676 sicut
761 1615 919 1678 Petrcn.4
956 1610 1003 1673 ‘ut
1030 1613 1156 1675 studiosi
1182 1617 1304 1674 iuuenes

156 1703 282 1764 lectione
310 1723 414 1765 seuera
441 1699 650 1785 irrigarentur'
674 1705 773 1765 Plaut.
793 1704 856 1764 Mil.
877 1705 941 1764 883
967 1699 1138 1780 ‘postquam
1166 1703 1305 1763 adbibere

155 1812 242 1853 aures
265 1812 349 1854 meae
367 1799 438 1854 tuae
456 1814 554 1855 rorem
573 1790 728 1855 orationis'
747 1793 820 1854 Hor.
839 1796 926 1872 epist.
943 1794 960 1852 I
979 1796 1008 1869 2,
1028 1795 1069 1853 67
1090 1787 1180 1852 ‘nunc
1199 1793 1305 1853 adbibe

156 1901 232 1959 puro
254 1888 373 1960 pectore
396 1884 489 1944 uerba
517 1880 603 1962 puer'
633 1887 663 1945 et
688 1903 777 1960 quem
803 1884 903 1944 locum
929 1883 990 1942 iam
1013 1882 1174 1942 Muellerus
1202 1883 1307 1942 attulit

135 1991 138 1998 ·
154 1972 170 2030 I
190 1974 219 2048 8,
241 1974 280 2032 16
302 1968 506 2051 ‘praeceptum
525 1974 668 2034 auriculis
686 1975 743 2034 hoc
755 1974 903 2034 instillare
918 1966 1087 2031 memento’.
1107 1972 1305 2032 Accusatiuus

155 2063 226 2121 boec
252 2065 288 2120 ut
311 2063 383 2122 Sall.
409 2063 472 2123 cet.
492 2065 583 2141 45,1
618 2060 738 2124 ‘cuncta
770 2058 902 2124 edoctus'
936 2062 1031 2122 Tacit.
1054 2061 1124 2122 hist.
1143 2061 1209 2122 Vb
1239 2055 1306 2121 ‘neo

157 2150 316 2228 quicquam
339 2152 422 2229 prius
445 2153 621 2212 imbuuntur
643 2173 735 2230 quam
758 2156 945 2214 contemnere
967 2146 1059 2212 dscs'.

245 2233 328 2303 611.
351 2242 469 2302 Nonius
488 2262 517 2319 p.
533 2244 607 2318 372,
624 2244 641 2302 6
663 2239 849 2319 ‘Praecipere
868 2245 914 2302 est
931 2240 1033 2302 iubere
1051 2241 1099 2300 uel
1118 2259 1245 2300 monere.

155 2330 287 2390 Lucilius
310 2331 361 2390 lib.
381 2331 480 2390 XXVI
504 2327 618 2410 “porro
646 2332 734 2391 amici
761 2336 808 2392 est
833 2332 908 2391 bene
936 2330 1108 2408 praecipere
1136 2333 1211 2390 tueri
1236 2332 1306 2390 1111

154 2415 370 2494 menoare?
424 2422 512 2481 Pueri
538 2421 702 2495 Merceras,
734 2421 786 2498 qui
814 2421 982 2496 aruspicem
1011 2419 1173 2497 intellegit:
1205 2420 1306 2479 tuendi

155 2509 334 2569 uocabulum
358 2511 438 2586 quod
460 2513 564 2570 tutoris
591 2509 724 2570 officium
750 2509 865 2569 indicat
892 2528 951 2568 non
979 2511 1079 2585 potest
1107 2509 1220 2567 seruari
1247 2509 1305 2568 nisi

155 2617 191 2658 ea
214 2617 274 2675 qua
291 2601 405 2658 utimur
422 2599 668 2676 transpositione:
691 2599 803 2658 Fronto
821 2620 851 2677 p.
873 2600 935 2658 135
951 2602 1023 2658 extr.
1039 2597 1090 2656 Nn
1114 2593 1203 2656 ‘hunc
1222 2616 1241 2657 a
1258 2616 1305 2657 me

154 2687 223 2748 fidei
246 2690 316 2748 tuae
339 2692 430 2766 atque
453 2688 503 2765 opi
526 2688 673 2748 traditum
695 2689 809 2748 tuearis
834 2683 925 2766 peto'.

246 2769 329 2840 612.
349 2778 464 2838 Nonius
478 2798 507 2855 p.
523 2780 598 2853 330,
614 2780 654 2837 13
672 2774 797 2852 ‘Induci,
816 2776 966 2837 delectari.
994 2776 1127 2836 Lucilius
1141 2775 1192 2834 lib.
1207 2776 1306 2835 XXVI

157 2862 312 2926 “ueterem
326 2912 333 2927 .
349 2913 355 2926 .
371 2913 378 2927 .
393 2863 508 2928 tuos’'.'
550 2868 649 2927 Plaut.
669 2867 750 2927 Trin.
771 2868 833 2926 381
860 2862 1038 2926 ‘Historiam
1060 2869 1192 2925 ueterem
1215 2869 1305 2942 atque

156 2957 311 3033 antiquam
333 2957 407 3016 baec
429 2975 496 3016 mea
515 2960 648 3016 senectus
667 2952 821 3016 sustinet':
843 2957 935 3015 etiam
953 2955 1050 3015 exitus
1068 2973 1173 3015 uersus
1197 2955 1304 3016 similis

155 3048 252 3106 exitus
272 3046 434 3122 septenarii
447 3046 583 3106 Plautini
598 3045 689 3105 Stich.
706 3048 768 3106 736
789 3040 997 3121 ε1111111111,
1016 3044 1162 3121 amabilis,
1181 3064 1307 3104 amoena

156 3135 363 3213 Stephanium,
386 3136 425 3195 ad
443 3154 559 3197 amores
578 3138 647 3195 tuos
666 3136 747 3196 foras
766 3130 928 3214 egredere'.
965 3134 1009 3193 De
1029 3135 1138 3195 studiis
1155 3134 1306 3195 historicis

156 3225 227 3285 dum
250 3226 315 3305 agit
336 3228 435 3303 poeta,
458 3245 534 3303 quae
556 3225 611 3284 illa
634 3228 733 3285 aetate
757 3226 916 3285 coluerunt
934 3224 1041 3284 Fannii
1060 3223 1227 3284 Aselliones
1245 3224 1305 3284 Ru-

155 3315 215 3374 tilii
239 3314 341 3391 Coelii,
364 3334 432 3375 eum
455 3319 558 3393 aperte
582 3315 716 3392 appellat
738 3317 843 3392 poeta,
871 3315 1021 3391 adquam
1048 3313 1169 3391 scripsit
1195 3314 1305 3374 librum

154 3404 255 3464 XXVI
278 3408 331 3465 aut
352 3408 452 3465 totum
480 3409 534 3465 aut
560 3423 627 3465 eam
654 3405 737 3464 cuius
766 3405 825 3464 fuit
851 3404 901 3464 hio
926 3422 1032 3464 uersus
1059 3407 1200 3463 saturam.
1247 3402 1306 3473 Qui

155 3493 314 3555 historicus
341 3493 452 3555 Lucilii
480 3496 593 3555 amicus
620 3495 777 3556 historicos
805 3493 897 3554 libros
925 3494 1086 3571 scripserat
1112 3493 1150 3552 ad
1180 3513 1306 3569 puerum

156 3586 298 3661 amatum,
322 3583 412 3644 sicuti
434 3583 568 3644 Lucilius
591 3585 655 3661 ipse
679 3582 820 3643 Gentium
842 3586 874 3642 et
896 3582 1087 3643 Macedonem
1110 3600 1218 3660 pueros
1237 3600 1305 3643 suos

156 3675 266 3732 saturis
289 3673 462 3734 celebrarat.
499 3673 709 3750 Sempronium
732 3673 913 3733 Asellionem
936 3671 1047 3732 Lucilii
1068 3672 1149 3732 bello
1171 3671 1305 3730 Numan·

28 3798 31 3802 1
156 3760 214 3819 tini
237 3782 304 3821 oum
326 3763 418 3822 fuerit
440 3763 661 3824 contubernalis
685 3755 769 3845 (uide
792 3763 924 3840 prolegg.
944 3782 972 3838 p.
991 3752 1088 3842 XXV)
1112 3762 1190 3819 huno
1213 3761 1305 3820 fuisse

156 3850 265 3909 Lucilii
292 3851 422 3910 amium
449 3852 617 3930 suspicetur
643 3851 767 3928 aliquis:
794 3852 830 3911 de
857 3851 944 3910 Iunio
972 3848 1073 3928 Congo
1101 3849 1303 3909 coniecturam

157 3958 212 4018 ego
235 3941 350 4017 protuli
373 3941 412 3999 ad
434 3961 483 4000 uu.
504 3942 567 4000 592
579 3959 660 4017 seqq.
706 3941 784 4000 Nam
810 3941 923 4000 clanim
951 3939 1100 4016 quendam
1127 3938 1303 3998 historicum

157 4029 304 4106 appellari
322 4028 475 4106 probabile
494 4030 529 4089 fit
547 4049 582 4088 ex
600 4029 683 4089 Liuii
700 4031 878 4105 imitatione,
897 4028 951 4106 qui
969 4029 1149 4089 sententiam
1167 4047 1215 4087 uu.
1232 4030 1305 4088 613.

158 4121 222 4181 614
246 4136 330 4178 suam
354 4120 427 4179 fecit
448 4112 533 4201 (uide
551 4112 675 4201 adnot).
713 4119 771 4179 Sed
788 4118 903 4179 Asellio
921 4121 1053 4178 ueterem
1070 4117 1228 4178 historiam
1246 4136 1306 4177 non

157 4208 278 4285 scripsit
308 4208 360 4269 sed
391 4209 438 4268 sui
470 4209 627 4286 temporis:
665 4209 736 4269 conf
756 4206 881 4268 (3011.ss
901 4209 991 4284 13,3
1025 4201 1067 4266 Ἱ1
1098 4207 1213 4268 Asellio
1250 4207 1306 4267 sub

157 4298 190 4358 P.
205 4297 343 4375 Scipione
364 4298 507 4358 Africano
530 4298 668 4358 tribunus
691 4298 821 4358 militum
845 4298 884 4357 ad
901 4298 1096 4357 Numantiam
1119 4297 1178 4356 fuit
1199 4314 1307 4375 resque

157 4407 207 4448 eas
231 4388 338 4465 quibus
366 4388 502 4467 gerendis
526 4388 590 4466 ipse
612 4388 763 4464 interfuit,
789 4381 986 4465 conscripsit'.
1004 4418 1049 4429 -
1067 4386 1126 4448 Pro
1153 4381 1306 4447 ‘inductus

158 4474 269 4537 studio’
290 4473 413 4538 ‘studio'
437 4479 476 4538 ad
493 4478 564 4539 Her.
583 4478 627 4537 IV
648 4483 676 4555 1,
697 4484 713 4539 1
739 4479 835 4554 1116,
856 4481 894 4537 11
921 4477 980 4537 (111.
998 4496 1053 4553 pro
1071 4477 1156 4538 Rosc.
1178 4476 1243 4536 Am.
1263 4479 1304 4537 91

1039 4578 1093 4631 16*
