3060 5010
217 349 259 416 76
662 347 701 404 IV
719 365 746 401 u.
768 351 916 403 los-1⁷3.

216 519 360 580 sermonis
389 537 448 597 qua
476 517 574 579 utitur
594 517 646 577 lib.
665 517 735 577 XIX
753 538 781 576 u.
802 518 864 577 661
896 511 1033 576 ‘aduersa
1059 515 1157 576 hieme
1184 511 1278 591 olimss
1304 535 1366 594 qua

216 608 387 669 luxuriatur
409 607 535 668 Plautus
563 626 631 667 cum
658 606 762 667 scribit
786 597 876 688 (Ruri.
897 597 954 689 37)
978 600 1041 665 ‘sed
1063 606 1135 665 dura
1162 606 1237 666 alios
1264 609 1366 667 seruat

216 719 247 760 se
265 697 426 776 impediuit
442 693 580 758 usuum&
599 697 693 758 Piscis
711 698 806 775 igitur
823 696 875 755 ille
894 695 1033 760 immanis
1051 694 1111 755 fuit
1128 696 1218 755 sicuti
1236 698 1365 770 agentes

215 790 311 866 pisces
329 808 358 846 u.
380 789 442 847 166
467 790 498 847 et
520 804 681 861 acupenser
706 787 886 846 deemnonue
909 784 1040 846 Gallonii
1068 776 1184 866 (insert.
1203 805 1232 844 u.
1254 778 1365 868 1240),

214 878 334 956 longior
357 897 447 954 quam
470 895 541 955 grus
563 875 711 952 incedens,
733 877 826 936 immo
849 893 972 953 corpore
994 875 1076 952 gruis
1098 876 1235 952 porrecto
1258 874 1291 934 in
1313 895 1365 935 uo·

215 967 305 1028 lando
328 967 501 1043 porrectior.

307 1048 388 1119 169.
411 1057 528 1116 Nonius
550 1077 579 1133 p.
599 1057 674 1130 427,
694 1058 732 1115 11
760 1050 882 1114 ‘Sebum
905 1057 936 1114 et
956 1055 1142 1132 unguentum
1159 1054 1237 1115 hano
1253 1053 1366 1114 habent

215 1146 433 1207 diuersitatem:
457 1145 560 1206 sebum
582 1144 617 1203 fit
640 1164 675 1204 ex
698 1145 787 1222 adipe
804 1143 1021 1204 ruminantium
1036 1161 1051 1198 e
1069 1162 1083 1198 ι
1099 1161 1114 1198 e
1129 1143 1265 1205 Lucilius
1284 1147 1364 1221 saty-

214 1255 316 1296 rarum
337 1234 389 1294 lib.
408 1236 472 1296 1111
495 1231 641 1295 “tisifone
664 1235 748 1295 litem
770 1233 960 1311 pulmonibus
983 1235 1074 1310 atque
1097 1234 1210 1294 adirem
1238 1252 1365 1308 anguem

215 1327 368 1386 excoctum
391 1326 466 1386 stuli
484 1325 683 1385 eumenidibus
702 1325 889 1384 sanctissima
907 1317 1051 1400 erynis''.'
1088 1323 1134 1382 Do
1154 1325 1282 1383 conuius
1300 1325 1364 1401 agi·

214 1417 266 1475 tur
280 1414 378 1475 cibum
391 1414 572 1477 fastidiente.
606 1415 696 1473 Tosne·
710 1413 789 1490 quod
803 1413 890 1489 posui
905 1405 981 1495 (Ser.
997 1412 1106 1472 Samm.
1121 1412 1157 1471 de
1171 1412 1246 1472 med.
1263 1405 1363 1495 1037)

214 1524 322 1564 nomen
350 1507 396 1564 est
422 1504 570 1564 helluonis
598 1506 628 1563 et
650 1503 781 1563 lurconis
804 1501 950 1576 defuncti,
976 1504 1024 1562 cui
1045 1501 1212 1562 Ferarum
1233 1504 1365 1563 maxima

215 1594 320 1655 sebum
344 1612 505 1670 excoquere
528 1593 639 1652 dicitur
661 1591 741 1670 apud
768 1593 892 1654 inferos:
920 1591 1054 1668 Euripid.
1073 1591 1169 1671 Iphig.
1189 1592 1279 1651 Taur.
1300 1594 1362 1652 963

213 1684 250 1743 de
269 1683 435 1760 coryphaeo
454 1683 537 1743 chori
550 1682 751 1742 Eumenidum
769 1681 911 1758 Aeschyli
934 1679 966 1742 τὸ
985 1673 1014 1740 δ’
1035 1676 1106 1741 ἄλλο
1123 1674 1267 1760 πρέσβειρ’
1288 1680 1362 1760 ἥπερ

216 1763 422 1852 ἦνἘρινύων
444 1771 533 1850 Verg.
552 1771 626 1831 Aen.
645 1772 692 1832 111
711 1773 772 1831 251
801 1767 891 1848 ‘quae
911 1817 916 1829 .
937 1817 944 1830 .
964 1817 970 1829 .
989 1771 1064 1830 mihi
1091 1770 1226 1832 Phoebus
1253 1770 1363 1847 Apollo

213 1862 372 1940 praedixit,
395 1862 481 1922 uobis
504 1862 664 1922 Furiarum
687 1880 742 1939 ego
764 1862 896 1922 maxima
917 1855 1028 1939 pando’
1053 1859 1105 1920 ubi
1128 1859 1249 1920 Seruius
1278 1856 1363 1921 ‘adeo

213 1954 296 2030 ipsae
318 1952 389 2013 sunt
408 1951 516 2011 Furiae
536 1999 542 2010 .
559 1999 564 2009 .
581 1998 587 2010 .
606 1971 677 2012 nam
699 1953 743 2010 ait
766 1951 801 2010 de
820 1950 981 2028 Tisiphone
1003 1942 1061 2032 (VI
1081 1941 1159 2031 605)
1181 1946 1364 2010 “Fruiarum

213 2043 344 2102 maxima
370 2043 455 2101 iuxta
482 2041 609 2101 accubat
631 2044 662 2101 et
684 2039 820 2100 manibus
834 2040 984 2117 ¹prohibet
1005 2041 1177 2117 contingere
1199 2034 1362 2100 mensas''.'

213 2132 406 2192 Pulmonibus
437 2133 469 2190 et
497 2131 585 2205 udaie
612 2129 740 2190 ablatiui
766 2134 836 2192 sunt
861 2130 933 2190 licet
964 2131 995 2189 et
1027 2128 1148 2190 laurus
1180 2128 1232 2205 qui
1263 2131 1364 2206 potest

213 2221 332 2282 restitui
354 2221 526 2281 inueniatur
547 2220 721 2281 coniunctus
744 2238 812 2278 cum
836 2219 1018 2296 excoquendi
1040 2217 1131 2279 uerbo
1154 2216 1191 2278 de
1216 2239 1275 2295 quo
1294 2220 1367 2279 conf

214 2310 253 2370 ad
266 2310 298 2370 11
310 2330 340 2370 u.
359 2312 399 2370 74
413 2310 511 2370 Plaut.
526 2308 611 2387 Oapt.
628 2311 689 2370 281
717 2305 807 2380 ‘Quid
828 2306 974 2368 diuitiae?
997 2309 1105 2369 suntne
1123 2305 1262 2384 opimae?
1285 2308 1363 2368 unde

214 2402 360 2477 excoquat
378 2398 481 2460 sebum
499 2395 598 2460 seuex’
618 2418 707 2476 quem
724 2399 823 2459 locum
841 2398 874 2459 L.
889 2398 1050 2460 Muellerus
1066 2397 1178 2458 attulit.
1211 2396 1363 2476 Vergilius

213 2488 505 2567 Aen.V1741seq.
530 2484 610 2549 ‘aliis
633 2488 687 2550 sub
710 2488 829 2568 gurgite
852 2490 939 2548 uasto
962 2486 1106 2548 infectum
1130 2487 1241 2548 eluitur
1267 2488 1363 2549 scelus

213 2581 267 2639 aut
289 2581 421 2640 suuntur
442 2574 515 2654 ipni’
540 2577 663 2639 eandem
686 2597 814 2656 poenam
836 2580 1048 2638 commemorat
1075 2596 1167 2654 quam
1194 2575 1255 2636 iam
1275 2576 1363 2637 Luci-

214 2668 288 2729 lium
312 2660 487 2749 cognouisie
508 2669 555 2728 his
575 2669 711 2729 uiduuus
729 2667 871 2728 uersibus.
914 2665 972 2737 Qui
989 2666 1119 2728 addendi
1136 2669 1207 2728 sunt
1225 2668 1268 2728 eis
1286 2685 1363 2743 quae

213 2761 350 2835 exposuit
371 2758 408 2818 A.
426 2758 580 2818 Dieterioh
601 2758 720 2834 Nehyia
742 2757 862 2835 Lipsiae
888 2757 973 2818 1893
997 2777 1025 2835 p.
1046 2759 1118 2816 201.

304 2840 387 2910 171.
409 2847 553 2908 Priscian.
573 2846 625 2907 GL
642 2848 674 2907 Π
697 2869 725 2925 p.
746 2849 819 2924 522,
840 2846 897 2906 sK
925 2842 973 2906 ‘In
1000 2845 1037 2906 do
1065 2865 1159 2906 unum
1191 2846 1362 2907 anomalum

212 2939 379 2998 inuenitur:
403 2933 482 2997 “edo
506 2957 537 2998 es
560 2930 629 2997 est''
650 2937 847 2998 uetustissimi
865 2939 965 2998 tamen
984 2935 1076 2996 etiam
1095 2931 1175 2996 “edo
1193 2934 1256 2996 edis
1275 2931 1361 2996 edit'’

212 3026 352 3088 dicebaut
370 3029 507 3104 correpta
525 3026 624 3104 prima
642 3026 780 3103 syllaba.
798 3074 803 3084 .
819 3072 826 3085 .
840 3025 973 3086 Lucilius
987 3028 1019 3085 in
1032 3026 1096 3085 1111
1110 3020 1189 3102 “qui
1204 3072 1210 3084 .
1226 3072 1232 3084 .
1248 3072 1254 3082 .
1269 3020 1362 3085 me''.’

213 3117 360 3177 Decootor
381 3118 413 3176 et
434 3115 555 3176 comedo
579 3134 695 3176 comeso
717 3115 900 3194 patrimonio
924 3115 1053 3176 comedit
1074 3112 1203 3174 aliorum
1225 3134 1287 3174 rem
1309 3133 1362 3191 pa·

212 3207 332 3266 nasitus.
378 3205 475 3266 Plaut.
495 3205 575 3264 Trin.
597 3206 659 3265 102
685 3200 829 3267 ‘hostisne
852 3225 891 3266 au
914 3207 990 3266 ciuis
1013 3203 1156 3277 comedis,
1180 3205 1268 3280 parui
1290 3224 1362 3281 pen·

213 3290 293 3355 deru’
309 3295 436 3354 Mostell.
453 3296 492 3354 12
514 3289 589 3354 ‘sine
606 3293 695 3355 modo
713 3297 815 3356 uenire
828 3296 954 3371 saluom,
973 3314 1062 3371 quem
1076 3292 1228 3355 absentem
1242 3289 1361 3355 comss’.

214 3382 373 3444 (iomedere
396 3383 507 3444 Graece
530 3386 577 3445 est
600 3383 780 3446 κατεσθίεινι
809 3384 946 3445 Meuand.
967 3385 1030 3444 363
1052 3383 1127 3444 GAP
1145 3384 1192 3444 ΙΠ
1210 3405 1239 3461 p.
1260 3383 1362 3444 1051(

212 3465 285 3533 κᾶθ’
311 3469 351 3546 ὡς
373 3471 485 3546 ἐκεῖνος
507 3469 830 3551 mesopotamiensis
852 3474 960 3547 λίθους
985 3469 1211 3550 ἁπαξάπαντας,
1241 3470 1278 3534 οὐ
1305 3470 1362 3553 γὰρ

215 3553 271 3623 οὖν
298 3560 354 3641 τὴν
380 3569 439 3643 γῆν
471 3560 568 3642 μόνην
587 3565 651 3625 384
674 3585 704 3642 p.
724 3567 788 3626 110
820 3562 965 3645 μακάριος
991 3561 1103 3635 ἐκεῖνος
1134 3559 1205 3623 δέκα
1236 3562 1362 3624 τάλαντα

212 3651 401 3732 καταφαγών.

304 3734 387 3805 172.
410 3740 699 3804 Prisciniacum
720 3764 749 3820 p.
769 3744 844 3817 485,
864 3743 944 3803 1th
968 3737 1085 3822 ‘turgeo
1115 3741 1192 3804 tursi
1211 3787 1217 3799 .
1234 3788 1240 3800 .
1257 3789 1262 3801 .
1281 3741 1361 3802 idem

212 3832 244 3892 in
262 3832 325 3893 ΠΠ
353 3828 492 3894 “obtursi
519 3828 663 3893 ebrius”.’
714 3833 844 3913 Turgere
877 3832 1018 3893 dicuntur
1050 3850 1175 3908 corpora
1205 3831 1255 3891 uel
1287 3831 1360 3893 cibis

212 3921 344 3983 distenta
368 3914 457 4005 (Eun.
477 3942 545 3983 ann.
563 3922 607 3982 IX
627 3914 743 4004 321V)
766 3924 815 3983 uel
838 3941 941 3983 somno
966 3914 1058 4004 (Pers.
1077 3920 1105 3977 V
1125 3922 1166 3982 56
1192 3917 1253 3983 ‘hic
1278 3925 1362 3984 satur

211 4013 325 4090 irriguo
348 4012 466 4072 mauult
487 4016 655 4093 turgescere
678 4002 808 4092 somno’)
830 4012 881 4073 uel
903 4011 974 4073 uino
996 4013 1032 4071 ut
1053 4011 1110 4072 hoc
1132 4028 1228 4072 uersu.

304 4093 385 4161 173.
408 4102 526 4162 Nonius
548 4123 577 4179 p.
599 4102 673 4175 158,
692 4101 732 4162 16
758 4097 898 4177 ῬιιοΙΙοι,
920 4120 1037 4179 pueros.
1062 4100 1261 4162 ...Lucilius
1279 4102 1360 4177 saty-

212 4207 314 4248 rarum
341 4190 391 4250 lib.
409 4191 473 4250 1111
505 4186 657 4267 “cumque
682 4191 932 4253 ...formonsus
965 4191 1017 4251 tibi
1054 4209 1089 4250 ao
1113 4234 1119 4247 .
1140 4235 1146 4248 .
1167 4236 1172 4247 .
1196 4183 1359 4267 puellus''.’
1426 4209 1428 4215 ⁴

211 4277 316 4337 Festus
339 4299 367 4355 p.
388 4281 462 4354 249,
482 4280 522 4340 18
548 4276 601 4340 ‘Et
617 4279 751 4340 Lucilius
771 4276 921 4358 “cumque
940 4280 1152 4341 ...formosus
1174 4280 1257 4339 borno
1271 4296 1359 4338 ac...

212 4361 374 4443 puellus’'.'
412 4368 580 4429 Priscianus
599 4367 651 4428 GL
669 4369 701 4429 H
719 4391 748 4447 p.
768 4371 842 4446 231,
861 4370 941 4431 23Κ
964 4390 999 4430 ex
1022 4369 1166 4430 Suetonio
1187 4359 1230 4451 (p
1246 4369 1310 4428 343
1318 4359 1359 4449 s)

213 4451 359 4516 ‘Lucilius
385 4458 419 4517 in
440 4457 504 4518 1111
527 4451 678 4535 “eumque
701 4503 707 4517 .
727 4503 734 4517 .
754 4504 761 4516 .
784 4459 929 4520 formosus
951 4459 1035 4520 horno
1058 4477 1094 4522 ao
1114 4503 1121 4516 .
1141 4502 1148 4516 .
1168 4502 1175 4518 .
1194 4450 1358 4538 puellue”.’
