3000 5002
493 373 590 430 intem
609 374 667 429 esd.
686 391 713 429 u.
734 379 919 430 mss-mss.
1218 374 1283 441 365

225 537 330 606 1152.
364 544 531 605 Scholiasta
567 543 678 604 Lucan.
693 543 721 601 V
742 546 804 604 672
834 565 862 621 p.
880 545 942 603 183
980 543 1104 605 Vseneri
1142 539 1283 606 ‘decimus

131 632 250 711 fluctus]
284 634 429 709 decimus,
465 634 616 710 hucusque
652 653 794 694 numerus
829 636 936 694 crescit
1048 633 1179 694 decimus
1211 654 1282 712 ergo

130 743 271 803 magnus,
308 727 342 784 ut
378 723 509 784 Lucilius
547 716 606 804 (ita
642 724 804 783 Vsenerus:
844 723 942 783 lucius
983 718 1052 804 cod)
1097 718 1283 784 “decimaris

130 809 315 874 fluctibus’'.'
362 813 472 873 Paulus
500 833 535 873 ex
559 813 646 872 Festo
669 833 696 889 p.
715 816 765 888 71,
786 814 826 871 15
856 808 1040 872 ‘Decumana
1063 831 1121 873 oua
1144 813 1284 873 dicuntur

131 906 162 963 et
184 904 340 964 decumani
367 903 475 962 fluctus
502 902 573 978 quia
600 906 671 961 sunt
697 921 815 980 magna.
861 902 940 962 Nam
970 906 1001 962 et
1023 921 1113 962 ouum
1136 902 1281 962 decimum

130 995 226 1053 maius
258 993 392 1052 nascitur
423 995 453 1052 et
482 992 589 1051 fluctus
616 992 746 1052 decimus
774 991 838 1050 lieri
870 993 1017 1052 maximus
1049 986 1169 1051 dicitur'
1202 991 1283 1051 idem

130 1103 158 1159 p.
175 1085 204 1157 4,
225 1085 242 1140 7
269 1078 403 1141 ‘Albesia
421 1085 506 1141 scuta
523 1081 706 1155 dicebantur,
729 1081 837 1157 quibus
855 1080 1007 1156 Albenses,
1032 1083 1083 1156 qui
1102 1085 1173 1142 sunt
1189 1081 1284 1142 Marsi

131 1171 255 1250 generis,
279 1174 327 1231 usi
349 1173 426 1231 sunt.
468 1170 550 1230 Haec
572 1170 675 1230 eadem
694 1169 858 1229 decumana
879 1171 1065 1230 uocabantur
1088 1171 1167 1246 quod
1185 1175 1284 1231 essent

130 1261 328 1338 amplissima,
357 1264 392 1320 ut
418 1260 574 1321 decumani
601 1255 719 1319 fluctus’
749 1257 833 1319 CGL
852 1259 880 1316 V
903 1280 931 1336 p.
949 1262 1003 1333 16,
1025 1264 1063 1320 19
1099 1255 1282 1320 ‘Documeno

131 1343 307 1429 (decumano
321 1344 390 1431 cod)
404 1351 544 1424 maximo,
559 1368 577 1408 a
590 1350 682 1408 fluctu
697 1341 812 1431 (fructu
827 1342 896 1431 eod)
911 1345 1036 1409 decimo’
1053 1342 1110 1431 (=
1121 1369 1150 1427 p.
1163 1351 1214 1424 60,
1225 1342 1282 1429 23)

130 1460 158 1516 p.
175 1441 249 1514 566,
268 1441 310 1499 49
336 1434 550 1498 ‘Decumanum
583 1457 673 1498 ouum
706 1441 737 1498 et
767 1439 874 1498 fluchrs
907 1438 1032 1498 dicimus
1065 1441 1136 1515 quia
1168 1459 1284 1516 semper

131 1528 279 1589 decimum
310 1547 402 1588 ouum
432 1532 463 1588 et
491 1528 607 1588 decima
634 1527 715 1588 unda
742 1528 838 1587 maior
865 1523 930 1588 est'.
977 1526 1077 1588 Licuit
1103 1529 1176 1589 haec
1203 1529 1283 1606 trag·

131 1623 233 1678 menta
255 1621 355 1677 omnia
379 1618 508 1677 tribuere
530 1616 646 1678 Lucilio
669 1637 724 1695 per
746 1619 951 1677 testimonium
974 1618 1151 1679 scholiastae
1169 1617 1284 1678 Lucani

132 1709 205 1767 editi
229 1708 266 1766 ab
289 1707 420 1766 Vsensro
444 1707 525 1784 quod
546 1708 618 1766 fecit
639 1707 807 1767 Muellerus.
853 1706 978 1767 Accedit
1003 1708 1083 1782 quod
1105 1708 1284 1768 dcmmecus

133 1797 314 1857 adiectiuum
337 1799 456 1873 praeter
478 1796 627 1856 Lucilium
650 1812 737 1856 nemo
755 1796 875 1855 uidetur
894 1814 1059 1874 usurpasse.
1101 1795 1186 1866 Quod
1205 1797 1283 1856 unde

131 1886 289 1947 deductum
308 1888 357 1961 sit,
374 1877 534 1946 nes'cimus:
553 1887 712 1946 castrensis
730 1886 762 1945 id
780 1885 870 1945 fuisse
889 1888 1033 1946 sermonis
1052 1890 1283 1947 consentaneum

130 1980 183 2036 est.
239 1977 338 2036 Verrii
375 1977 561 2052 aliorumque
597 1979 863 2052 interpretamenta
898 1995 978 2036 uana
1015 1980 1182 2036 commenta
1219 1994 1283 2036 esse

130 2071 269 2141 apparet:
306 2066 342 2125 de
378 2065 549 2126 decumanis
583 2065 722 2125 fluctibus
754 2065 876 2125 eandem
909 2085 984 2142 puer
1015 2064 1160 2126 didicerat
1192 2067 1283 2125 inter·

132 2157 327 2230 pretationem
362 2152 489 2215 Ouidius
526 2157 579 2230 qui
614 2155 692 2213 trist.
711 2154 728 2213 Ι
747 2157 779 2228 2,
800 2156 840 2213 49
875 2149 939 2230 ‘qui
971 2156 1055 2214 uenit
1087 2155 1136 2215 hic
1167 2155 1284 2230 fluctus,

130 2243 237 2303 fluctus
261 2246 460 2319 supereminet
482 2262 597 2303 omnes:
620 2246 767 2319 posterior
789 2262 867 2303 nono
891 2247 937 2304 est
954 2244 1171 2321 undecimoque
1188 2240 1281 2322 prior'

131 2336 250 2392 metam.
269 2331 312 2391 XI
332 2334 396 2391 530
425 2328 552 2392 ‘uastius
579 2335 735 2411 insurgens
763 2333 894 2392 decimae
925 2333 988 2392 ruit
1017 2333 1146 2410 impetus
1174 2330 1282 2393 undae'

134 2423 204 2481 conf
224 2420 333 2481 Lucan.
353 2423 372 2480 l.
387 2440 410 2481 s.
424 2441 446 2482 s.
466 2419 587 2481 Lucidn.
607 2422 643 2480 de
666 2423 790 2481 merced.
809 2421 892 2480 cond.
914 2424 931 2480 2
956 2421 1026 2494 τοὺς
1048 2419 1081 2481 ἐν
1098 2427 1162 2494 ταῖς
1176 2422 1284 2495 οἰκίαις

131 2519 275 2591 χειμῶνας
297 2509 347 2570 καὶ
374 2508 425 2583 τὰς
454 2510 607 2590 τρικυμίας
634 2508 684 2570 καὶ
706 2509 745 2588 νὴ
769 2510 828 2570 Δία
850 2510 1050 2590 πεντακυμίας
1074 2531 1102 2570 τε
1125 2508 1175 2570 καὶ
1198 2511 1283 2571 dexo·

133 2599 242 2678 κυμίας
264 2601 340 2659 nihil
364 2600 403 2659 ad
425 2600 603 2660 uocabulum
626 2599 776 2659 Latinum.

223 2681 330 2750 1153.
357 2688 454 2749 Varro
485 2689 522 2749 de
554 2690 659 2768 lingua
685 2689 795 2749 Latina
824 2689 901 2748 libro
928 2689 971 2748 IX
990 2690 1029 2747 81
1064 2685 1177 2748 ‘Etiam
1209 2689 1283 2749 illud

131 2783 240 2856 putant
268 2797 330 2838 esse
358 2798 464 2839 causus
492 2797 544 2838 cur
571 2798 630 2838 non
657 2780 699 2839 sit
726 2770 825 2860 (addit
851 2781 882 2836 ic
906 2771 1111 2858 Florentinus)
1135 2779 1284 2857 analogia,

132 2868 212 2945 quod
234 2868 367 2928 Lucilius
399 2868 503 2928 scribit
535 2863 656 2928 “demeto
688 2870 751 2928 siue
783 2868 939 2929 deensibus
967 2863 1045 2928 eat”.
1092 2868 1143 2944 qui
1174 2873 1284 2942 errant,

132 2958 211 3034 quod
238 2956 373 3018 Lucilius
405 2977 463 3018 non
496 2957 599 3018 debuit
632 2957 781 3029 dubitare,
812 2952 835 3035 †
862 2958 942 3033 quod
974 2962 1141 3033 utrumque.
1176 2957 1283 3017 ...ab

132 3048 274 3108 tressibus
302 3049 404 3106 uirilis
430 3048 632 3107 multitudinis
661 3043 716 3106 “hi
739 3042 869 3107 tresses'’
902 3050 933 3106 et
955 3043 1026 3107 “his
1049 3047 1192 3108 tressibus
1215 3066 1284 3107 con·

135 3133 228 3213 fid0’'‚
252 3138 404 3216 singulare
429 3133 508 3197 “hoc
535 3138 637 3197 tressis
660 3132 778 3197 habeo”
811 3140 841 3197 et
865 3132 945 3196 “hoc
967 3139 1054 3197 tresis
1079 3128 1135 3218 (ito
1158 3138 1284 3197 Floron-

133 3220 225 3308 cece)
262 3222 410 3287 confido”.
465 3229 507 3287 sic
544 3227 681 3304 deinceps
719 3226 758 3286 ad
790 3221 995 3308 (Florentinus
1032 3219 1081 3308 cc)
1119 3223 1283 3286 centussis’.

133 3315 216 3386 Quod
250 3316 348 3376 adfert
380 3318 547 3393 exemplum
580 3312 647 3377 ‘hoc
679 3316 781 3377 tressis
812 3315 907 3376 haheo
938 3317 995 3375 hoc
1026 3315 1128 3376 tressis
1156 3311 1283 3376 confido'

133 3405 317 3467 demonstrat
339 3408 487 3484 singulari
508 3425 631 3466 numero
653 3405 861 3465 indeclinabile
884 3407 956 3482 poni
978 3424 1077 3482 posse:
1103 3406 1184 3482 quod
1206 3409 1284 3465 recte

132 3495 266 3556 restituit
298 3495 330 3554 L.
346 3495 522 3574 Spengelius
555 3497 635 3572 apud
666 3494 814 3555 Lucilium
852 3494 1005 3555 scribendo
1044 3490 1184 3555 ‘decussis
1221 3497 1285 3555 siue

132 3585 303 3646 decuesibus
327 3580 392 3645 est'.
433 3584 560 3644 Addidit
582 3585 714 3645 Lucilius
736 3584 829 3644 uerba
856 3585 915 3644 tria
938 3588 1078 3659 extrema,
1107 3604 1166 3660 quo
1189 3584 1285 3662 magis

133 3674 299 3734 ablatiuum
326 3675 472 3734 indicarat
498 3675 604 3734 lectori
631 3694 719 3751 qusm
746 3694 782 3735 sn
811 3673 1014 3733 indeclinabili
1037 3673 1210 3752 intellegere
1233 3673 1285 3732 ille

133 3764 278 3840 nequiret.
326 3762 421 3823 Sicuti
443 3763 575 3824 Lucilius
599 3765 698 3840 priore
724 3764 789 3822 loco
813 3763 927 3823 Statius
950 3763 1070 3838 scripsit
1089 3762 1154 3821 silu.
1169 3762 1283 3835 was
1309 3829 1312 3836 ,

134 3853 170 3912 ds
189 3852 265 3912 libro
286 3847 371 3911 ‘mihi
389 3853 525 3914 constitit
543 3849 684 3914 decussis’
704 3853 782 3912 Fest.
797 3873 826 3929 p.
843 3854 916 3927 334,
936 3853 977 3911 33
992 3852 1032 3910 Μ.
1047 3870 1068 3911 s.
1083 3872 1112 3910 u.
1131 3852 1285 3911 sestertius

134 3937 205 4018 ‘quo
237 3945 371 4018 tempore
399 3945 424 4002 is
453 3941 567 4002 decusis
594 3938 737 4018 ualebat’,
768 3942 849 4002 idem
881 3942 1005 4001 Paulus:
1044 3943 1148 4001 contra
1179 3940 1285 4000 Festus

133 4051 162 4107 p.
184 4031 262 4103 237,
288 4034 327 4091 19
357 4051 379 4091 s.
402 4052 431 4090 u.
463 4032 618 4108 peculatus
650 4027 792 4108 ‘Tarpeia
823 4033 889 4109 lege
921 4034 1042 4090 cautum
1072 4033 1130 4103 est,
1166 4033 1202 4089 ut
1232 4029 1285 4090 bos

134 4118 315 4196 centusibus,
338 4122 402 4180 ouis
422 4120 577 4181 decusibus
600 4115 831 4181 aestimaretur’.
872 4119 918 4178 De
937 4119 1151 4197 orthographia
1169 4119 1286 4179 monuit

136 4207 265 4288 Georges
288 4209 319 4268 in
342 4210 437 4270 lexico
461 4209 624 4270 formarum
647 4228 669 4270 s.
684 4229 712 4267 u.
731 4211 780 4269 hes
801 4210 931 4270 semeso
953 4212 1093 4269 centauris
1116 4209 1248 4269 litteram
1271 4227 1285 4269 s

133 4299 222 4360 sicuti
244 4299 300 4358 hoc
322 4300 387 4360 loco
411 4318 500 4377 saepe
518 4318 577 4359 non
595 4299 779 4378 geminatam
801 4298 945 4359 inueniri:
970 4300 1061 4358 etiam
1079 4298 1158 4360 Pers.
1178 4298 1206 4356 V
1222 4301 1282 4357 191

134 4393 257 4464 contuse,
277 4391 317 4449 76
338 4393 422 4450 occis
440 4389 547 4448 habuit
565 4389 745 4466 archetypus
759 4388 867 4448 codicis
881 4387 1052 4447 Pithosani:
1071 4391 1142 4448 conl
1153 4388 1286 4448 Heraeus

134 4478 282 4556 Philolog.
297 4478 365 4538 LIX
391 4482 477 4540 1900
499 4498 529 4556 p.
544 4480 617 4539 317.
663 4477 754 4538 Libro
776 4478 820 4537 IX
850 4477 990 4536 attribuit
1011 4477 1180 4538 Muellerus.
1225 4477 1287 4556 Agi
