3060 5010
662 360 726 416 XVI
744 379 770 416 u.
791 368 851 417 527.
1261 363 1324 429 197

177 532 245 590 aeni
268 530 472 609 Hispanorum
494 533 595 592 densos
616 526 799 613 (Koertingii
817 531 983 594 Lat-Rom.
1001 532 1166 593 Woerterb.
1186 528 1325 613 [Pederb.

179 614 278 699 1901]
307 640 334 678 n.
364 612 465 701 2850)
503 621 582 697 quod
619 622 769 700 significat
799 625 970 697 praeterea.-
1006 624 1196 682 consentiunt
1232 622 1325 683 Lach-

177 728 302 770 mannus
326 709 358 768 L.
373 709 533 770 Muellerus
552 711 751 772 Buechelerus
774 730 842 771 cum
862 713 992 788 dumgio
1011 711 1048 771 ad
1067 714 1215 787 posterius
1234 732 1324 771 enun-

177 800 285 858 tiatum
314 799 393 875 quod
420 802 490 860 istos
516 801 691 878 pronomine
718 800 826 879 incipit
857 802 1006 878 pertinere
1038 803 1184 862 statuunt.
1235 802 1325 863 Recte

176 891 294 966 opinor:
327 908 396 948 nam
429 909 524 966 neque
556 893 672 951 ewuieee
704 891 845 951 aduerbio
878 892 1015 969 adposito
1047 893 1116 969 eget
1147 911 1242 968 neque
1274 891 1325 951 ad-

176 979 311 1038 nerbium
333 979 430 1057 gradu
453 982 658 1057 comparatiuo
681 983 776 1056 magis
799 1000 890 1057 quare
913 983 1048 1058 posuerit
1065 983 1156 1058 poeta
1173 1000 1228 1057 pro
1246 982 1325 1058 posi·

176 1069 239 1128 tiuo
257 1068 393 1146 intellegi
411 1072 518 1147 potest.
555 1069 614 1130 Sed
631 1070 760 1146 decaogie
774 1068 950 1130 Gerlechius
968 1069 1088 1148 scripsit
1106 1089 1193 1146 quem
1208 1073 1325 1131 secutus

175 1176 255 1231 sum,
278 1157 356 1234 quod
380 1158 502 1218 eandem
527 1160 589 1218 uim
611 1159 702 1219 habet
725 1162 815 1236 atque
838 1162 889 1220 scd
906 1164 1026 1235 praeter
1052 1161 1135 1228 istos,
1164 1160 1325 1220 formatum

175 1250 222 1306 est
243 1247 347 1325 lingua
370 1247 491 1325 uulgari
509 1248 547 1307 ad
567 1248 793 1310 simiIItudinem
813 1252 970 1324 Improtetso
989 1250 1024 1308 dc
1041 1251 1210 1324 improuiso,
1231 1251 1325 1309 subito

175 1337 304 1396 desubito
328 1336 470 1396 similium
494 1337 710 1397 aduerbiorum.
732 1371 771 1379 —
792 1337 903 1418 Agitur
921 1337 957 1397 de
975 1337 1055 1397 dicto
1073 1340 1152 1416 regis
1172 1338 1324 1399 cuiusdam

176 1427 333 1487 Thraciae:
361 1428 432 1487 licet
459 1427 538 1487 enim
564 1427 684 1506 regibus
707 1427 936 1506 Paphlagonum
959 1419 1106 1509 (Xenoph.
1125 1427 1212 1506 Ages.
1231 1427 1263 1487 11
1283 1430 1323 1488 26

174 1515 221 1575 ΠΙ
241 1513 274 1592 4)
309 1516 436 1576 aliorum
468 1535 576 1577 nomen
608 1518 700 1578 fuerit
731 1516 837 1596 Cotys,
873 1521 975 1578 tumen
1007 1518 1119 1577 maiore
1151 1518 1234 1577 fama
1266 1537 1325 1594 qua

175 1605 325 1665 Thracum
345 1606 443 1685 reguli
465 1607 524 1667 isto
548 1609 667 1667 nomiue
690 1607 820 1685 praediti
841 1607 1004 1668 utebantur
1022 1606 1103 1684 epud
1122 1608 1262 1683 antiquos
1280 1609 1324 1668 iu·

175 1694 310 1755 ducimur
337 1699 371 1754 51
400 1696 437 1755 de
463 1696 608 1756 Thraciae
640 1717 710 1775 rege
742 1699 920 1776 cogitemus:
952 1715 1012 1773 quo
1044 1696 1136 1756 etiam
1167 1698 1325 1757 uentorum

175 1786 286 1844 mentio
310 1804 363 1845 nos
387 1803 492 1845 uocare
511 1785 639 1846 uidetur.
686 1785 795 1863 (lotyes
817 1787 918 1862 plures
942 1805 1009 1846 cum
1031 1787 1163 1848 norimus
1189 1785 1265 1847 teles
1289 1785 1325 1845 de

175 1873 289 1935 duobus
312 1878 432 1934 tantum
455 1875 544 1935 detur
567 1878 660 1952 optio,
683 1879 784 1935 utrum
802 1875 937 1936 Lucilius
954 1877 1016 1936 illis
1035 1876 1171 1936 uersibus
1188 1875 1325 1954 intellegi

177 1964 311 2023 uoluerit.
357 1963 444 2024 Alter
466 1964 582 2025 Lucilio
606 1966 795 2026 adulescente
822 1965 901 2025 bello
924 1965 1114 2026 Macedonico
1141 1966 1229 2024 initio
1257 1984 1325 2026 cum

175 2072 193 2111 a
216 2053 316 2114 Persei
338 2054 473 2131 partibus
497 2056 642 2131 stetisset,
669 2057 770 2114 tamen
793 2058 897 2132 postea
922 2057 954 2114 in
981 2054 1112 2134 gratiam
1139 2054 1244 2133 populi
1267 2055 1324 2115 so-

70 2176 78 2187 .
176 2144 257 2202 mani
280 2146 419 2220 aceeptus
443 2148 501 2218 est,
525 2146 572 2203 uir
595 2144 743 2204 Thracum
766 2145 1014 2222 intemperantiae
1037 2145 1165 2218 alienus,
1193 2147 1224 2204 et
1245 2144 1324 2204 bello

175 2236 313 2292 strenuus
340 2244 371 2292 et
398 2232 529 2293 moribus
557 2234 704 2294 humanus
733 2226 812 2314 (Liu.
831 2234 915 2294 XLH
936 2236 986 2308 29,
1007 2237 1056 2294 12.
1077 2236 1129 2308 51,
1150 2236 1200 2294 10.
1224 2235 1276 2308 57,
1296 2235 1323 2292 6.

178 2322 234 2395 58,
254 2323 282 2381 6.
307 2323 364 2394 67,
384 2323 412 2382 5.
440 2322 538 2382 XLIV
558 2325 652 2398 42,2
681 2322 762 2382 XLV
782 2324 815 2397 6,
836 2326 863 2383 2.
893 2324 987 2397 42,6
1016 2323 1120 2401 Polyb.
1139 2323 1254 2383 XXVII
1274 2325 1324 2383 10.

175 2412 256 2471 XXX
282 2414 322 2470 12
353 2411 439 2471 Diod.
464 2412 546 2472 XXX
571 2413 599 2471 3.
627 2412 770 2472 XXXVII
794 2414 843 2472 5a
879 2412 1100 2492 Dittenbergeri
1132 2411 1205 2489 Syll.
1238 2411 1324 2472 inser.

176 2499 224 2559 Gr.
247 2494 476 2581 [eo.11]303).
515 2500 592 2561 Sane
616 2501 711 2561 multo
736 2501 876 2562 famosior
899 2501 979 2579 apud
1003 2502 1162 2579 scriptores
1186 2501 1324 2578 antiquos

176 2589 266 2666 Cotye
290 2589 490 2666 CersobleptIe
513 2594 608 2666 pater,
633 2591 794 2668 Iphicratis
817 2609 909 2664 socer,
936 2591 974 2650 ab
997 2591 1229 2652 Atheniensibus
1252 2591 1324 2649 ciui·

174 2683 238 2740 tnte
257 2679 394 2753 donatus,
411 2680 500 2739 hemo
519 2679 665 2740 barbarus
683 2698 790 2741 saeuus
808 2680 944 2755 crudelis,
963 2681 1136 2740 interiectus
1155 2699 1173 2739 a
1189 2679 1325 2756 Pythone

176 2771 207 2827 et
228 2768 387 2829 Heraclide
415 2768 531 2843 Aoniis,
560 2770 595 2827 de
624 2789 683 2846 quo
710 2770 805 2830 mults
832 2769 967 2830 historici
995 2772 1127 2830 oratores
1155 2768 1324 2846 philosophi

176 2859 294 2918 comici:
326 2857 478 2919 Demosth.
502 2857 693 2919 Aristocrss.
715 2861 777 2919 119
808 2858 949 2936 Harpocr.
973 2878 995 2919 s.
1019 2880 1048 2917 u.
1071 2856 1170 2930 Κότυς
1197 2858 1323 2920 Aristot.

175 2948 287 3025 polite
306 2967 334 3024 p.
356 2939 457 3007 1311b
473 2950 512 3007 21
539 2967 638 3008 oecon.
657 2949 677 3026 β
694 2969 723 3026 p.
741 2949 841 3008 1351·
861 2949 990 3008 18-32
1015 2947 1184 3008 Anaxandr.
1205 2946 1280 3007 OAF
1293 2948 1325 3008 11

175 3058 203 3115 p.
226 3040 298 3113 152,
318 3036 398 3096 31Κ
423 3037 603 3116 Theopomp.
632 3039 791 3098 historicus
818 3058 866 3115 ap.
884 3037 993 3098 Athen.
1012 3038 1071 3098 XII
1093 3058 1122 3115 p.
1143 3037 1242 3097 5311]
1262 3039 1323 3099 alii.

175 3127 262 3196 Hunc
294 3126 428 3204 Philippi
460 3126 630 3187 Macedonis
662 3129 817 3205 aequalem
849 3127 950 3206 potius
985 3126 1123 3206 intellegi
1158 3146 1177 3186 a
1208 3125 1324 3187 Lucilio

176 3220 265 3278 antea
287 3217 394 3295 putaui
417 3220 576 3294 propterea
599 3218 679 3294 quod
703 3217 753 3277 uix
781 3236 844 3277 esse
871 3217 1034 3277 uerisimile
1061 3217 1173 3277 indices
1201 3217 1324 3278 alterius

175 3309 256 3369 illius
286 3307 383 3385 reguli
412 3307 486 3367 uicti
513 3311 544 3367 et
569 3308 602 3366 in
629 3309 759 3386 gratiam
787 3308 901 3385 accepti
928 3306 1010 3368 dicta
1036 3307 1178 3367 Romanis
1209 3307 1242 3366 in
1274 3326 1324 3367 ore

175 3397 279 3458 fuisse:
307 3401 340 3456 at
361 3399 467 3456 contra
488 3397 576 3457 huius
600 3397 681 3458 dicta
707 3397 852 3457 nonnulla
880 3397 960 3475 apud
983 3390 1090 3476 [Plut]
1119 3397 1240 3475 apopth.
1263 3416 1323 3475 reg.

175 3486 821 3563 51111151).1741)Εὸ101).110111.48,45
845 3486 1123 3561 1515511117,
1146 3489 1204 3547 ext.
1225 3488 1322 3546 7115-

175 3575 300 3650 duntur3
323 3574 360 3634 ad
384 3596 460 3653 quae
483 3577 538 3636 hoc
561 3578 661 3636 tamen
680 3576 869 3637 Lucilianum
888 3576 1009 3635 mInime
1028 3575 1176 3653 pertinere
1195 3576 1325 3651 uidetur,

176 3664 323 3741 siquidem
346 3664 438 3724 uerba
461 3665 525 3726 Rea
549 3666 636 3727 Cotus
659 3667 709 3726 1115
731 3667 827 3727 ciebat
853 3665 955 3743 potius
983 3665 1163 3744 applicanda
1190 3668 1259 3724 sunt
1286 3665 1325 3725 ad

93 3760 96 3766 ’
176 3774 267 3813 unam
289 3757 320 3813 et
343 3756 454 3813 certam
478 3773 597 3814 causam
620 3775 715 3832 neque
739 3775 815 3832 quae
838 3775 941 3816 eorum
965 3757 1010 3815 est
1032 3758 1141 3815 natura
1167 3750 1323 3832 ἀποφθεγ-

176 3850 303 3919 amaneu
335 3843 475 3902 uidentur
506 3862 568 3904 esse
601 3844 689 3905 dicta.
741 3844 929 3922 Quamquam
961 3864 996 3903 ex
1024 3844 1197 3920 imperfecto
1229 3842 1325 3902 aicbat

177 3932 240 3991 solo
262 3931 319 3991 hoc
341 3933 463 3992 minIme
491 3933 548 3991 erit
575 3933 817 3994 concludendum.
863 3932 1010 4011 Equidem
1037 3932 1098 3993 scio
1126 3933 1162 3992 de
1189 3936 1323 4009 ternpore

177 4022 330 4099 scriptoris
354 4021 390 4080 de
413 4020 599 4082 sublimitate
622 4043 657 4082 ex
680 4023 825 4083 eiusmodi
852 4023 1025 4101 imperfecto
1050 4041 1112 4100 cap.
1133 4023 1162 4096 3,
1182 4023 1201 4081 5
1225 4021 1324 4100 posito

176 4114 292 4171 certum
314 4111 386 4170 ferri
408 4110 561 4171 iudicium.
604 4110 715 4173 Scribit
738 4111 854 4173 enimi
874 4110 1009 4196 5105501
1032 4109 1203 4192 παράκειται
1225 4110 1324 4190 τρίταν

176 4222 203 4260 τι
226 4199 330 4273 κακίας
353 4191 431 4271 εἶδος
453 4196 486 4260 ἐν
508 4205 570 4273 τοῖς
592 4205 771 4279 παθητικοῖς
795 4198 865 4280 ὅπερ
889 4197 905 4260 ὁ
930 4198 1084 4282 Θεόδωρος
1112 4196 1324 4280 καρὲνθυρσον

176 4288 278 4351 ἐκάλει.
330 4290 388 4360 Qui
415 4289 588 4367 scriptorem
615 4291 672 4351 hoc
699 4291 870 4351 testimonio
897 4290 968 4351 freti
998 4290 1177 4368 discipulum
1209 4291 1324 4351 iaciunt

174 4380 338 4460 Theodori,
365 4380 417 4440 isti
440 4398 508 4439 eum
531 4381 706 4458 scriptorem
728 4399 845 4442 necesse
872 4383 918 4441 est
941 4380 1071 4442 Socratis
1099 4381 1213 4442 facient
1239 4380 1324 4440 audi·

177 4472 271 4530 torem
296 4471 347 4547 qui
371 4468 475 4531 scribit
497 4469 659 4550 Σωκράτης
682 4467 731 4541 καὶ
757 4467 792 4530 τὰ
819 4478 878 4531 τῶν
904 4474 1021 4532 πολλῶν
1049 4469 1179 4552 δόγματα
1203 4470 1323 4549 Λαμίας
