3000 5002
496 339 592 395 incert.
612 340 669 394 aed.
690 357 715 394 5.
737 345 921 394 ruse-1240.
1220 343 1283 407 391

138 526 226 567 uersu
248 505 453 567 adducendum
477 511 522 569 est
543 511 589 569 ita
610 511 646 569 ut
667 509 741 569 satis
764 508 905 569 audacter
928 510 1094 569 diiunctum
1125 512 1166 570 sit
1187 512 1286 571 uerbis

137 601 212 656 totua
234 616 258 655 e.
274 617 301 673 q.
316 616 352 673 s.;
380 598 483 658 eadem
511 597 637 658 audacia
664 602 740 658 tctue
766 617 785 657 a
807 600 939 673 populus
967 598 1135 658 diiunctum
1158 603 1204 660 est
1226 621 1285 678 quo

136 686 267 763 pertinet
298 690 333 746 ut
364 705 462 747 cumea
489 687 527 747 ad
550 692 669 763 putres:
700 687 768 747 uide
796 688 884 748 indic.
908 708 1032 767 gramm.
1051 706 1073 747 s.
1088 708 1116 746 u.
1140 690 1285 750 collocatio

136 776 291 836 uerborum
314 779 345 836 et
366 775 417 836 lib.
432 777 528 836 XXIX
547 798 576 836 u.
592 778 665 837 825.
700 810 734 820 -
767 779 860 837 1229.
888 780 961 839 item
988 773 1188 858 pariterque]:
1216 779 1285 839 uide

135 865 223 926 indic.
242 885 365 944 gramm.
386 885 408 927 e.
427 885 457 926 u.
476 868 680 942 heulicdyoiu.
708 900 751 908 —
773 868 959 942 populusque
980 863 1152 948 putresque]
1179 887 1284 929 uersus

136 957 247 1013 exitum
275 975 310 1015 ex
338 955 435 1015 Ennio
463 956 583 1016 uidetur
609 959 769 1034 sumpsisse
796 959 868 1034 quia
889 957 1042 1036 Vergilius
1065 957 1137 1017 Aen.
1158 957 1200 1016 IX
1221 961 1283 1019 192

136 1040 269 1104 ‘Aenean
292 1045 382 1105 acciri
412 1064 522 1120 omnes,
544 1047 732 1124 populusque
759 1042 930 1123 patresque’
955 1039 1012 1128 (=
1030 1045 1074 1106 IV
1095 1040 1173 1127 682)
1198 1045 1284 1107 Ouid.

134 1134 360 1193 5511111486
386 1130 572 1195 ‘Extinctum
598 1134 765 1213 Latiaeque
792 1155 884 1195 nurus
910 1137 1098 1213 populusque
1124 1142 1285 1214 patresque

135 1222 287 1283 Deflcuere
319 1219 463 1283 Numam'
492 1224 595 1284 eodem
624 1229 695 1284 sunt
722 1225 767 1285 usi
795 1217 1055 1307 (Friedlaenderus
1087 1225 1125 1284 ad
1152 1226 1284 1285 Martial.

134 1305 310 1395 V115‚1).
340 1346 381 1354 -
413 1315 506 1375 1230.
534 1315 667 1374 decedere
699 1311 858 1391 nusquam]
887 1315 953 1373 Ter.
977 1314 1104 1391 Adelph.
1125 1316 1187 1374 246
1218 1311 1284 1374 ‘nu-

134 1421 239 1478 squam
258 1398 353 1462 abeo’:
371 1403 443 1463 conf
457 1404 508 1463 lib.
523 1403 653 1463 XXVIII
671 1424 698 1462 u.
717 1406 788 1462 744.
823 1404 987 1481 Nusquam,
1006 1405 1114 1481 inquit,
1137 1403 1284 1465 decedunt

134 1491 172 1550 ad
196 1493 349 1569 negotium
373 1495 426 1551 aut
448 1493 582 1552 laborem
600 1494 784 1554 fructuosum
803 1495 834 1552 et
851 1492 985 1570 probum.
1031 1494 1110 1553 Nam
1128 1497 1198 1553 sunt
1217 1493 1283 1554 suh-
1394 1574 1398 1580 ,

133 1582 264 1641 rostraui
286 1584 317 1641 et
339 1580 551 1642 subbasilicani
574 1602 684 1657 omnes,
707 1601 781 1658 quoe
805 1581 910 1643 Graeci
933 1579 1093 1662 ἀγοραίους
1116 1575 1283 1663 (Aristoph.

133 1670 209 1747 Equ.
230 1671 303 1730 181.
323 1662 403 1752 218)
426 1671 589 1748 appellant.
614 1673 712 1732 cedere
733 1675 798 1746 fore
816 1672 906 1731 aliter
923 1673 1054 1749 positum
1078 1672 1159 1749 apud
1180 1671 1283 1732 quen.

133 1759 176 1818 XI
195 1760 237 1818 50
260 1759 312 1819 551
330 1759 400 1820 uide
418 1760 640 1822 Friedlaenderi
663 1761 809 1821 adnotat:
832 1760 971 1821 similiter
993 1760 1027 1832 Q.
1043 1760 1145 1821 Cicero
1168 1761 1204 1820 de
1223 1765 1282 1839 pet.

132 1867 210 1910 cons.
230 1851 271 1908 43
306 1844 442 1910 ‘Prodest
478 1850 598 1927 quidem
632 1851 823 1911 uehementer
856 1870 1002 1927 nusquam
1034 1851 1196 1926 discedere,
1232 1852 1283 1910 sed

132 1940 233 1998 tamen
256 1938 304 1998 hic
328 1941 442 1999 fructus
465 1943 510 2000 est
537 1939 736 2015 assiduitatis,
765 1959 824 2001 nou
853 1941 949 2000 solum
973 1958 1035 2001 esse
1057 1941 1169 2000 Romae
1193 1943 1284 2016 atque

132 2029 164 2087 in
187 2029 261 2102 foro,
284 2028 335 2088 scd
358 2028 476 2089 assidue
498 2033 613 2106 petere,
641 2049 729 2107 saepe
757 2029 873 2091 eosdem
904 2025 1068 2108 appellare'
1088 2049 1112 2088 e.
1127 2050 1156 2106 q.
1170 2049 1192 2089 s.
1238 2029 1283 2089 De

132 2115 276 2177 influitiui
308 2136 363 2176 usu
395 2118 464 2177 uide
496 2121 625 2196 interpp.
658 2119 696 2178 ad
728 2119 840 2198 Vergil.
863 2138 963 2197 georg.
987 2119 1003 2178 Ι
1028 2121 1090 2179 199
1125 2111 1283 2199 (Wagneri

133 2208 245 2281 quaest.
259 2206 366 2284 Virgil.
382 2208 462 2265 XXX
478 2200 513 2285 4)
527 2207 593 2267 Liu.
608 2208 667 2267 VH
682 2210 764 2282 32,2
779 2208 867 2269 indic.
881 2227 1006 2286 gramm.
1021 2227 1043 2268 s.
1058 2228 1087 2267 5.
1106 2210 1282 2280 infinitates.

223 2296 317 2354 1233.
341 2290 474 2356 ‘bonum’
503 2299 644 2357 simulare
673 2292 793 2356 ‘uirum'
823 2294 867 2373 se]
891 2298 936 2356 ita
960 2299 1080 2373 scripsit
1102 2300 1200 2373 poeta,
1222 2317 1283 2357 non

132 2382 212 2459 quod
238 2385 373 2460 postulat
399 2389 596 2463 grammatica
623 2381 727 2447 ‘bonos
755 2386 896 2446 slmulare
923 2386 1003 2446 uiros
1031 2381 1074 2445 se’
1106 2385 1174 2446 idco
1202 2387 1282 2463 quod

132 2475 224 2533 tontes
250 2474 300 2532 uir
325 2474 358 2532 in
384 2476 528 2535 sermonis
554 2475 680 2536 forensia
708 2477 738 2534 et
767 2475 901 2554 uulgaris
928 2475 1142 2534 consuetudine
1169 2476 1281 2535 locutio

132 2566 197 2621 erat
224 2562 383 2623 sollemnis.
430 2564 541 2624 Seneca
568 2566 652 2641 epist.
673 2567 743 2637 3,1
781 2559 942 2641 ‘quomodo
974 2584 1076 2625 omnes
1108 2562 1282 2624 candidatos

133 2647 249 2712 “bonos
260 2647 366 2711 uiroe'’
377 2649 515 2713 dicimus’
526 2645 620 2735 (quod
631 2654 807 2715 confirmant
815 2654 1064 2731 Pompeianorum
1073 2653 1281 2730 inscriptiones

132 2740 332 2801 Ouerbeckius
360 2741 397 2801 de
424 2742 562 2819 Pompeis
589 2743 626 2802 ed
647 2743 691 2803 IV
713 2765 742 2821 p.
758 2736 838 2824 471)
864 2745 974 2815 73,12
1008 2739 1135 2802 ‘solebat
1163 2742 1281 2803 Sextius

131 2829 227 2889 dicere
253 2830 356 2890 Iouem
386 2832 454 2908 plue
486 2851 544 2893 non
572 2850 658 2910 posse
685 2853 776 2909 quam
806 2833 914 2892 honum
943 2828 1063 2892 uirum’.
1113 2831 1163 2892 Ita
1190 2833 1280 2892 etiam

131 2918 265 2980 Lucilius
283 2920 388 2979 scribit
405 2922 508 2983 iucert
526 2943 555 2980 5.
571 2924 635 2981 928
656 2917 699 2981 ‘in
717 2922 803 2983 bonis
821 2941 911 2998 porro
930 2925 976 2982 est
994 2916 1079 2981 uiris'
1094 2921 1176 2981 lib.I
1194 2941 1222 2980 u.
1238 2923 1280 2981 30

133 3004 262 3085 ‘sapiens
294 3005 362 3086 uir’3
392 3011 489 3070 solent
519 3014 635 3072 ueteres
667 3016 773 3088 poetae
804 3013 837 3070 in
869 3012 1055 3071 nominaliuo
1083 3013 1114 3071 et
1140 3012 1280 3070 uocatiuo

131 3098 268 3159 ordinare
297 3094 405 3175 ‘bonna
432 3095 491 3160 uir'
521 3095 608 3161 ‘bone
636 3097 695 3160 uir'
724 3095 835 3183 (Plaut.
860 3100 945 3178 Capt.
962 3101 1025 3161 954
1055 3095 1176 3180 [Bacch.
1201 3094 1279 3179 775]

131 3188 236 3250 Pseud.
263 3191 348 3250 1145
375 3189 455 3250 Pers.
481 3191 544 3250 788
574 3188 639 3251 Cae.
666 3192 728 3250 725
757 3188 833 3267 [1111.
858 3185 937 3270 364]
967 3188 1050 3249 (lure.
1071 3191 1135 3249 610
1163 3189 1280 3249 Terent.

132 3278 223 3337 Andr.
243 3279 316 3338 846.
341 3281 404 3339 616
427 3280 553 3357 Adelph.
574 3281 647 3341 556.
672 3281 735 3339 476
759 3280 834 3339 1155.
855 3281 933 3354 66ος
956 3279 1028 3339 5551
1044 3277 1103 3338 015.
1122 3297 1176 3356 pro
1196 3277 1280 3339 (laec.

132 3367 188 3441 25,
212 3369 262 3426 71.
288 3370 343 3442 27,
368 3370 417 3427 78.
463 3369 637 3447 Pompeiani
665 3361 751 3451 (conf
781 3368 853 3429 (ΠΙ,
872 3369 915 3427 IV
935 3361 1036 3449 2430)
1069 3367 1158 3428 aliter
1190 3370 1279 3443 atque

131 3455 242 3516 Seneca
264 3457 412 3517 collocant
434 3459 492 3517 VB
510 3461 594 3520 cuius
619 3460 779 3520 locutionis
801 3462 907 3519 auctor
933 3457 1034 3518 extitit
1057 3455 1132 3517 (lato
1155 3457 1191 3517 de
1216 3477 1279 3536 agr.

131 3547 200 3605 cult
215 3545 307 3622 praei.
322 3549 340 3605 2
356 3547 461 3625 fragm.
475 3568 504 3624 p.
521 3550 571 3622 78,
588 3551 636 3609 13.
653 3552 704 3625 80,
721 3552 737 3608 1
759 3548 845 3624 Iord,
864 3550 959 3608 secuti
976 3549 1048 3607 sunt
1065 3548 1155 3606 mulli
1169 3538 1279 3628 (Varro

130 3636 249 3712 loghist.
268 3655 296 3712 p.
313 3636 391 3711 250,
411 3638 453 3695 24
476 3637 574 3697 Riesei
592 3638 662 3699 Hor.
681 3638 798 3715 epistl
814 3639 870 3712 16,
889 3639 931 3698 40
951 3637 1050 3697 85555.
1066 3637 1151 3712 epist.
1173 3637 1278 3710 102,9

131 3715 272 3805 5111)-
292 3726 386 3785 1234.
404 3728 440 3786 ut
458 3727 484 3784 si
502 3726 601 3786 hostes
619 3726 693 3805 sint]
717 3726 787 3788 uide
809 3726 860 3787 lib.
880 3727 923 3786 IX
941 3747 969 3785 u.
986 3727 1059 3786 330.
1079 3757 1121 3767 -
1141 3724 1279 3784 omnibus

130 3808 245 3892 omnes]
265 3815 454 3874 iterationem
473 3814 557 3874 uerbi
576 3818 671 3875 omnis
689 3819 822 3877 exercuIt
839 3815 966 3877 Graecos
985 3817 1102 3875 secutus
1117 3806 1279 3894 (Dielesius

130 3901 298 3961 Parmenid.
317 3923 345 3979 p.
362 3896 432 3984 60);
455 3903 533 3964 idem
550 3922 654 3965 uersus
673 3907 768 3966 exitus
786 3906 904 3966 Lucret.
921 3905 966 3965 IV
987 3905 1064 3964 708:
1089 3897 1159 3963 ‘non
1178 3903 1279 3962 omnia

130 4010 286 4068 possumus
309 3987 421 4052 omnes'
440 3993 491 4052 lib.
505 3992 533 4050 V
550 4014 579 4052 u.
595 3994 668 4052 218.
710 3993 865 4054 Sententia
886 3997 1005 4070 sumpta
1029 3992 1150 4052 uidetur
1167 4012 1183 4051 5
1201 3991 1277 4051 Plat

130 4080 238 4159 legg]
261 4083 359 4157 caph
382 4102 411 4158 p.
428 4082 528 4140 6261)
553 4077 654 4161 ὀρθῶς
680 4079 795 4160 ἐρρήθη
822 4081 855 4142 τὸ
884 4082 1042 4160 πολεμίους
1066 4073 1142 4140 εἶναι
1165 4079 1278 4151 πάντας

130 4179 203 4229 πᾶσι
231 4168 359 4253 δημοσίᾳ
390 4190 419 4230 τε
450 4167 500 4230 καὶ
528 4169 589 4254 ἰδίᾳ
616 4168 758 4244 ἑκάστους
783 4169 893 4242 αὐτοὺς
920 4171 1024 4248 σφίσιν
1050 4168 1152 4242 αὐτοῖς
1178 4172 1277 4246 cap?

130 4280 159 4336 p.
176 4259 278 4318 62611
295 4257 404 4332 πάσαις
421 4258 495 4340 πρὸς
512 4258 608 4332 πάσας
627 4258 679 4333 τὰς
697 4258 796 4333 πόλεις
813 4257 859 4320 dcl
876 4257 1005 4336 πόλεμον
1018 4256 1186 4337 ἀκήρυκτον
1205 4256 1278 4317 κατὰ

131 4347 225 4424 φύσιν
247 4340 331 4410 εἶναι.
377 4343 595 4431 (Buechmanni
619 4348 692 4410 Gefl.
706 4349 810 4409 Worte
833 4349 877 4408 ed.
901 4350 983 4409 1889
1008 4370 1036 4426 p.
1052 4340 1141 4430 266.)

224 4430 473 4501 lest-1240.
498 4439 600 4501 (licere
619 4440 655 4500 de
673 4439 722 4499 fin.
741 4439 808 4499 bon.
827 4441 859 4499 et
876 4440 944 4498 mal
963 4438 995 4499 11
1014 4439 1043 4513 8,
1063 4439 1113 4496 24.
1139 4438 1179 4497 25
1205 4432 1280 4496 ‘Nec
