3060 5010
220 332 287 399 234
643 331 732 385 XXVI
751 349 777 386 u.
798 336 947 386 cas-eae.

218 504 265 562 nis
288 505 397 562 natura
419 501 566 562 uocabulo
584 503 734 576 principio
753 519 811 578 quo
830 501 933 562 codem
952 501 1039 561 modo
1058 501 1160 562 eadem
1178 519 1281 560 uersus
1300 501 1369 574 sede

218 592 331 669 passim
363 593 460 650 utitur
492 592 647 652 Lucretius
680 583 710 673 (I
730 593 802 650 271.
823 593 886 650 503
906 583 994 671 alibi)
1026 590 1369 668 Verg.Aen.V1214:

219 683 290 742 conf
305 681 376 741 Hor.
396 701 481 741 serm.
495 682 526 741 Π
541 683 569 756 3,
585 684 625 740 41
646 701 714 741 cum
733 681 833 741 adnot.
852 681 1075 759 Porphyrionis.
1113 680 1274 757 Praeponit
1291 682 1370 741 hanc

219 770 339 850 quade
362 770 508 831 diuisione
534 773 725 832 consentiunt
751 772 869 848 physici
895 790 1009 831 omnes:
1037 772 1129 830 etiam
1152 769 1258 831 Sextus
1281 771 1369 847 Emp.

219 883 247 939 p.
271 863 322 936 63,
342 861 397 921 4Β
420 860 476 920 1οο
498 861 646 921 concedit:
675 859 702 921 εἰ
729 857 827 939 μέντοι
854 857 902 920 coel
931 860 1055 938 δοίημεν
1082 857 1156 920 κατὰ
1183 858 1370 940 συγχώρησιν

200 950 264 1029 Ὶὅτι
296 948 482 1012 ἐπινοεῖσθαι
518 949 643 1010 δύναται
679 947 695 1010 ὁ
726 947 904 1031 ἅνθρωπος,
936 946 1138 1027 curassemus
1169 947 1369 1028 εὑρεθήσεται.

220 1037 379 1117 συνέστηκε
402 1036 457 1118 μὲν
479 1037 534 1121 γὰρ
549 1037 581 1099 ἐκ
606 1048 708 1119 ψυχῆς
726 1036 776 1099 καὶ
795 1038 928 1117 σώματος
946 1032 1036 1121 (conf.
1055 1059 1084 1116 p.
1105 1041 1178 1112 619,
1198 1030 1254 1119 31)
1273 1059 1370 1115 nequo

219 1134 333 1209 negant
364 1130 517 1206 Epicurei:
553 1130 632 1189 Plut.
652 1130 720 1190 adu.
741 1128 834 1189 Golot.
856 1130 898 1188 20
921 1149 949 1205 p.
972 1129 1094 1188 11181)
1127 1127 1154 1188 εἰ
1184 1126 1240 1208 γὰρ
1274 1125 1306 1188 τὸ
1339 1126 1370 1200 ἐξ

220 1217 345 1299 ἀμφοῖν,
368 1215 409 1291 ὡς
430 1217 566 1292 ἀξιοῦσιν
588 1217 684 1297 αὐτοί,
707 1217 841 1297 σώματος
863 1217 979 1278 τοιοῦδε
1002 1216 1052 1279 καὶ
1072 1226 1184 1298 ψυχῆς,
1207 1214 1371 1297 ἅνθρωπός

219 1309 279 1371 ἐστι
301 1314 374 1384 acle
398 1309 521 1369 Sallust.
539 1310 603 1387 Iug.
624 1312 653 1384 2,
674 1313 702 1368 1.

309 1391 392 1460 137.
416 1400 531 1459 Nonius
549 1419 577 1476 p.
598 1401 672 1474 214,
692 1401 733 1457 27
759 1393 928 1457 ‘Nundinae
949 1400 1064 1476 generis
1083 1401 1154 1458 sunt
1172 1398 1369 1458 feminini...

221 1489 378 1550 masculini
401 1488 534 1548 Lucilius
557 1488 608 1548 lib.
627 1488 726 1547 XXVI
750 1483 937 1564 “paucorum
956 1535 962 1546 .
979 1535 985 1546 .
1001 1535 1007 1547 .
1026 1489 1099 1547 11171
1119 1535 1169 1546 ...
1188 1490 1267 1546 inter
1294 1507 1370 1546 111-

220 1573 336 1639 111ο”.’
381 1577 596 1637 Intemundino
625 1577 839 1637 aduerbieliter
865 1579 967 1654 posuit
989 1577 1122 1638 Lucilius
1149 1580 1184 1636 ut
1210 1596 1265 1653 pro
1288 1582 1369 1653 post·

219 1671 339 1729 modum
362 1668 471 1726 dicitur
488 1668 649 1742 postmodo,
672 1667 851 1727 comesodcuc
869 1668 1024 1737 coeemodo,
1046 1668 1212 1726 clanculum
1230 1667 1371 1736 veneco,

216 1762 349 1835 primum
362 1761 470 1831 prinae
483 1761 664 1831 postremum
677 1760 831 1832 postrema
844 1758 1056 1830 propemodum
1063 1757 1241 1831 propemodo
1256 1754 1369 1837 (Plaut.

220 1849 300 1907 Trin.
323 1838 413 1926 780):
445 1847 491 1905 ita
522 1846 624 1923 posuit
656 1846 817 1906 cacdaorso
839 1845 890 1905 lib.
910 1847 1006 1906 XXIX
1026 1867 1053 1905 1.
1074 1847 1147 1905 846.
1199 1846 1370 1907 Deteriores

220 1937 295 1998 codd
317 1936 568 1996 imenerzdieum.
615 1934 741 1996 Gustare
769 1936 948 2014 uocabulum
973 1939 1019 1997 est
1045 1935 1195 2013 plebeium
1222 1955 1281 2012 quo
1309 1956 1372 1996 una

221 2025 369 2105 significet
391 2028 421 2085 et
444 2026 503 2085 cibi
518 2028 557 2084 ¹et
578 2028 667 2102 potus
690 2025 941 2102 adsumptionem:
964 2025 1083 2086 Patron.
1105 2028 1143 2085 71
1168 2020 1240 2085 ‘cito
1259 2045 1370 2102 aquam

221 2116 346 2175 liberam
368 2109 543 2192 gustabuut’
564 2116 605 2175 62
630 2109 695 2175 ‘nec
717 2118 822 2192 postea
845 2136 912 2175 cum
934 2117 987 2175 illo
1006 2133 1115 2192 panem
1132 2118 1253 2194 gustare
1271 2109 1370 2192 potui’

220 2207 339 2265 Vitruu.
358 2205 433 2264 VIII
452 2207 481 2279 3,
502 2206 542 2264 15
575 2201 622 2265 ‘ex
649 2225 709 2282 qao
736 2207 831 2285 fonte⁶
847 2224 900 2265 nec
931 2224 1021 2282 pecus
1052 2206 1150 2265 ullum
1182 2207 1285 2284 gustat
1316 2224 1371 2264 noc

221 2296 385 2357 bestiarum
412 2313 504 2374 genus
532 2296 629 2355 ullum
655 2295 778 2373 propius
806 2289 940 2355 accedit’.
991 2295 1057 2354 Nisi
1087 2294 1153 2355 cibo
1184 2296 1372 2354 sustentatur

221 2405 341 2463 corpus,
369 2387 470 2446 anima
497 2387 528 2445 ct
549 2404 656 2462 corpus
678 2386 760 2444 intra
784 2388 896 2462 septem
925 2385 988 2444 dies
1016 2389 1140 2462 percant
1166 2404 1283 2446 necesse
1311 2386 1371 2444 est:

221 2477 426 2536 Lucr.1809
460 2469 503 2536 ‘et
528 2476 588 2535 nisi
615 2493 668 2535 nos
696 2475 779 2535 cibus
811 2474 912 2535 aridus
944 2478 975 2534 et
1005 2476 1091 2535 tener
1122 2494 1207 2534 umor
1238 2475 1371 2551 adiuuet,

221 2568 331 2627 amisso
354 2567 416 2625 iam
439 2583 561 2642 corpore
584 2567 652 2625 uita
674 2584 793 2641 quoque
820 2567 916 2625 omnis
944 2565 1080 2624 omnibus
1108 2584 1124 2624 e
1151 2566 1251 2625 neruis
1279 2567 1370 2640 atque

221 2657 337 2716 ossibus
365 2650 558 2715 exsoluetur'.
604 2654 680 2713 Pliu.
704 2657 765 2714 nat.
784 2655 853 2714 hist.
872 2655 915 2713 XI
934 2656 997 2713 283
1027 2651 1153 2714 ‘homini
1180 2674 1239 2714 non
1267 2655 1372 2732 utique

222 2748 349 2821 septimo
383 2746 484 2805 letalis
515 2744 630 2819 inedia,
662 2744 785 2804 durasse
817 2747 848 2803 et
878 2745 961 2804 ultra
992 2744 1181 2804 undecimum
1212 2744 1371 2821 plerosque

222 2840 336 2896 certum
359 2829 424 2894 est’.
469 2834 636 2894 Paucorum
658 2833 866 2893 tantummodo
889 2833 1004 2892 dierum
1028 2852 1083 2910 per
1110 2835 1242 2910 epatium
1269 2833 1371 2894 anima

222 2928 301 2985 stare
323 2926 424 3001 potest
446 2925 510 2984 sino
533 2923 599 2985 cibo
622 2926 713 2999 atque
736 2924 793 2983 hoc
815 2925 903 3000 pacto
926 2925 953 2983 si
976 2942 1029 2999 per
1051 2927 1165 3000 septem
1184 2925 1289 2983 octcue
1307 2923 1370 2983 dies

222 3016 298 3073 nihil
330 3016 433 3091 gustat
463 3014 565 3088 homo,
602 3012 690 3073 debet
719 3014 824 3088 perire.
880 3012 998 3073 Similia
1032 3015 1179 3073 tractarat
1209 3013 1371 3072 Panaetius

223 3105 328 3180 fragm.
350 3103 422 3162 37F
446 3096 521 3184 (llic.
540 3104 625 3162 Taso.
644 3103 661 3162 I
681 3095 745 3184 79).

312 3184 396 3252 638.
420 3192 536 3250 Nonius
554 3211 582 3267 p.
604 3194 677 3266 281,
698 3195 739 3251 14
760 3185 849 3273 (279,
870 3184 903 3273 7)
923 3187 1023 3266 ‘Dara
1041 3193 1204 3251 ostendere.
1237 3190 1371 3251 Lucilius

222 3282 272 3341 lib.
293 3280 390 3339 XXVI
415 3276 595 3354 “animoque
611 3329 616 3340 .
632 3329 638 3340 .
655 3329 660 3340 .
675 3283 825 3341 uidimus.
842 3329 847 3340 .
864 3329 870 3340 .
885 3277 1001 3341 dare''.'
1048 3281 1216 3360 Distinguit
1238 3281 1371 3341 Lucilius

222 3373 301 3430 inter
328 3372 461 3430 acimum
484 3363 526 3452 (u.
548 3363 626 3452 635)
654 3374 685 3431 et
712 3373 860 3431 enimam:
891 3371 993 3432 eodem
1021 3374 1196 3449 argumento
1224 3389 1296 3430 usus
1326 3374 1372 3430 est

224 3462 276 3537 qui
298 3462 371 3519 item
393 3460 474 3519 inter
496 3463 628 3521 acimum
651 3464 681 3520 et
703 3463 835 3520 animum
858 3460 1018 3540 distinguit
1040 3452 1288 3542 (111136s0qq.)
1312 3458 1371 3519 Lu·

223 3551 332 3611 cretius
350 3548 397 3608 ΠΙ
417 3552 479 3609 521
502 3545 583 3629 ‘ergo
603 3551 727 3625 animus,
750 3551 814 3612 siue
832 3552 986 3629 aegrescit,
1004 3551 1146 3611 mortalia
1163 3551 1250 3629 signa
1267 3551 1372 3626 mittit,

223 3642 269 3700 uti
287 3638 383 3714 docui,
405 3657 457 3700 seu
475 3639 606 3700 flectitur
624 3661 642 3700 a
660 3635 818 3700 medicina’
839 3640 941 3699 quen.
960 3640 1003 3699 IX
1023 3642 1064 3699 18
1085 3636 1259 3716 ‘deprendas
1278 3639 1373 3699 animi

223 3733 373 3791 tormenta
399 3731 522 3790 latentis
550 3730 580 3789 in
609 3749 697 3808 aegro
725 3748 848 3807 corpore
875 3728 1038 3806 deprendas
1067 3733 1097 3789 et
1123 3728 1249 3808 gaudia:
1281 3729 1373 3788 sumit

223 3824 382 3897 utrumque
405 3820 474 3880 inde
496 3819 633 3880 habitum
651 3813 754 3880 facies'
773 3820 828 3878 XV
849 3821 911 3878 147
923 3838 1002 3897 seqq.
1028 3814 1143 3879 ‘mundi
1161 3819 1308 3896 principio
1327 3817 1372 3877 in·

224 3910 318 3972 dulsit
348 3912 512 3970 communis
544 3908 680 3969 conditor
710 3910 773 3969 illis
804 3912 923 3972 tantum
954 3910 1084 3984 animas,
1120 3909 1206 3969 nobis
1237 3910 1372 3969 animum

224 3994 353 4077 quoqne'
377 3998 430 4059 ubi
451 4000 520 4059 uide
544 4000 729 4075 interpretes.

313 4081 396 4151 639.
419 4091 535 4150 Nonius
553 4111 582 4168 p.
603 4090 675 4165 268,
696 4090 737 4148 29
762 4084 959 4164 ‘Confectum
983 4088 1139 4149 dolosam.
1160 4133 1166 4148 .
1186 4135 1192 4148 .
1213 4135 1219 4147 .
1238 4086 1372 4148 Lucilius

224 4177 275 4237 lib.
293 4178 393 4237 XXVI
416 4173 505 4239 “tum
520 4225 526 4237 .
543 4226 548 4238 .
565 4226 571 4238 .
586 4172 773 4239 obsistere''.'
818 4177 897 4239 Oonf
916 4180 1054 4255 inprimis
1077 4177 1232 4238 Nemesius
1255 4178 1291 4237 do
1309 4179 1372 4238 nat.

224 4268 301 4327 hom.
320 4285 384 4344 cap.
403 4268 434 4327 11
457 4270 509 4345 qui
527 4289 556 4345 p.
578 4270 627 4327 78.
654 4268 815 4328 79111111.
839 4267 1001 4347 σομπάσχει
1029 4264 1061 4328 δὲ
1090 4263 1108 4344 ἡ
1136 4265 1220 4347 ψυχὴ
1247 4272 1286 4351 τῷ
1314 4265 1372 4328 σώ-

225 4377 293 4433 porc
316 4363 454 4416 νοσοῦντι
476 4355 526 4417 καὶ
547 4354 714 4442 τεμνομένη)
737 4354 788 4417 καὶ
810 4355 842 4418 τὸ
866 4365 950 4435 σῶμα
974 4364 1009 4441 τῇ
1037 4364 1129 4440 ψυχῇ.
1157 4353 1374 4436 αἰσχυνομένης

225 4453 299 4530 γοῦν
321 4442 452 4524 ἐρυθρὸν
474 4446 584 4527 γίνεται
605 4444 656 4507 καὶ
682 4443 875 4527 φοβουμένης
901 4443 1008 4527 ὠχρόν·
1036 4455 1121 4524 σῶμα
1147 4442 1205 4525 ἄρα
1232 4441 1252 4524 ἡ
1279 4444 1372 4525 ψυχή.
