3060 5010
578 363 668 422 XXVI
686 385 712 422 u.
733 371 882 422 566-699.
1241 367 1306 434 223

156 540 282 600 eximiae
314 539 441 618 gloriam
474 539 527 615 qui
557 539 619 596 iam
650 539 742 598 fuerit
768 541 928 598 assecutus.
980 537 1013 597 Si
1040 538 1222 614 quaerimus,
1255 539 1306 617 qui

156 631 269 709 factum
301 631 354 704 sit,
386 632 421 689 nt
452 629 547 689 altero
580 628 645 688 loco
673 626 709 686 D.
728 627 877 703 Laelium,
905 627 1001 687 altero
1028 627 1148 687 Iunium
1172 625 1306 706 Congum

156 721 277 779 saturae
308 720 449 778 lectorem
481 737 543 778 esse
575 722 665 794 poeta
697 719 849 794 scripserit
877 735 940 802 sese
967 717 1058 791 uelle,
1090 717 1177 777 facile
1210 719 1307 776 oritm

157 810 285 885 suspicio
313 811 367 867 aut
394 808 490 868 altero
517 809 583 867 loco
611 810 664 866 aut
691 808 819 883 utroque
846 826 913 866 cum
936 804 1064 866 indicari
1085 807 1245 882 hominem,
1268 807 1306 866 ad

157 917 245 974 quem
277 902 410 958 saturam
441 899 573 974 scripsit,
605 897 781 957 historicum
807 896 894 955 illum
922 896 1113 972 antiquitatis
1139 895 1306 956 studiosum

157 1006 245 1064 quem
277 988 413 1064 appellat
443 1007 471 1046 u.
496 987 559 1045 612
594 988 624 1045 et
651 985 871 1046 adulescentem
898 988 1080 1063 spectatum,
1113 1005 1201 1061 quem
1233 988 1306 1045 satis

156 1076 285 1136 dilucide
317 1075 494 1156 significarit
525 1095 554 1135 u
575 1077 652 1135 617:
685 1092 754 1135 narn
784 1075 928 1134 Horatius
960 1095 1078 1152 qnoque
1107 1074 1126 1133 l.
1141 1094 1163 1135 s.
1178 1093 1200 1135 s.
1228 1076 1307 1135 iuter
1432 1152 1438 1164 ο

157 1184 206 1225 eos
235 1165 382 1241 homines,
414 1184 488 1242 qnos
516 1170 633 1226 saturas
665 1183 734 1225 suas
767 1165 865 1244 legere
896 1183 959 1226 sese
987 1184 1094 1242 cupere
1122 1167 1306 1240 pronuntiat,

156 1253 360 1315 Mabeenatem
382 1257 526 1329 nominat,
550 1254 587 1314 ad
611 1274 697 1331 quem
722 1253 772 1313 lib.
787 1255 803 1312 Ι
821 1256 937 1315 miserit
955 1257 985 1314 et
1005 1253 1105 1314 Cicero
1128 1255 1159 1313 in
1183 1253 1252 1313 libn'
1270 1254 1306 1314 dc

73 1405 80 1420 ,
156 1364 217 1421 rep.
240 1345 256 1403 I
278 1345 464 1421 praefatione
487 1345 506 1403 l.
521 1362 543 1404 s.
558 1363 579 1404 s.
603 1344 684 1402 Iunii
702 1342 798 1420 Congi
815 1343 965 1404 Luciliani
987 1346 1105 1403 nominc
1124 1343 1220 1404 facete
1238 1362 1305 1403 eum

157 1434 307 1513 signifieat
333 1433 370 1493 ad
399 1452 486 1511 qnam
518 1453 592 1510 opus
614 1433 691 1493 illud
712 1434 797 1493 misit
819 1433 954 1510 quisquis
977 1434 1037 1493 fuit
1058 1433 1119 1492 ille.
1166 1431 1224 1492 Sed
1248 1451 1307 1509 qua

156 1525 273 1583 ratione
299 1523 376 1583 hanc
404 1524 584 1583 sententiam
611 1522 786 1583 confirmare
809 1525 934 1599 possim,
962 1542 1018 1582 non
1043 1522 1152 1583 habeo:
1176 1522 1245 1581 uide
1269 1522 1307 1581 ad

157 1633 184 1672 n.
201 1613 265 1671 612
284 1631 367 1691 seqq.

247 1695 329 1763 59⁷.
352 1702 469 1762 Nonius
495 1723 524 1779 p.
546 1704 622 1778 126,
647 1704 666 1760 4
699 1697 909 1776 ‘Inuidiosum,
941 1701 1020 1778 quod
1048 1702 1090 1761 sit
1115 1700 1240 1761 uitabilc
1268 1701 1308 1760 ad

156 1791 317 1851 uidendum
340 1784 398 1875 (ι’ίο
420 1792 503 1852 edile
525 1791 686 1851 uiuendum
710 1783 805 1872 codd).
851 1790 984 1851 Lucilius
1006 1790 1058 1850 lib.
1073 1790 1172 1849 XXVI
1197 1786 1306 1850 “sculi-

157 1886 214 1940 lcts
233 1926 285 1940 ...
304 1899 419 1941 summa
443 1881 474 1939 iu
497 1898 529 1940 re
551 1899 666 1941 summa
686 1927 736 1940 ...
756 1876 1000 1957 exoptabilem’'.’
1047 1880 1130 1940 Idem
1152 1901 1181 1958 p.
1198 1882 1271 1955 226,
1287 1882 1305 1938 6

158 1966 299 2047 ‘Squalor
317 1971 473 2030 masculini
492 1974 537 2031 ost
555 1971 679 2050 generis.
717 1971 852 2030 feminini
872 2018 878 2029 .
895 2016 900 2028 .
917 2017 922 2028 .
942 1969 1020 2045 (sice
1036 1973 1153 2030 νιοιιιίιιο
1166 1969 1307 2045 amosis)

158 2055 344 2136 “squalitate
362 2079 479 2120 summa
492 2061 590 2120 scabie
607 2055 810 2119 ...obrntc''.’
846 2060 930 2120 Idem
943 2080 971 2136 p.
982 2061 1057 2134 401,
1073 2061 1113 2120 29
1130 2054 1307 2134 ‘Summum

157 2153 329 2209 extremum.
434 2150 566 2210 Lucilius
595 2149 646 2209 lib.
665 2149 764 2208 XXVI
793 2144 959 2209 “iscalitate
989 2168 1107 2209 summa
1133 2147 1231 2209 scabie

158 2233 341 2299 obrutam’'.’
392 2239 513 2317 Tragici
544 2241 650 2315 poetae
681 2244 829 2298 tumorem
860 2238 978 2298 irrideri
1010 2241 1150 2316 apparet:
1181 2237 1308 2298 Pacuuii

157 2327 321 2404 Antiopam
345 2330 475 2404 spectari
497 2331 666 2405 suspicatur
683 2327 844 2387 Muellerus
868 2330 920 2404 qui
943 2329 1058 2387 confert
1080 2327 1168 2386 huius
1187 2327 1306 2388 fabulae

158 2419 262 2497 fragm.
282 2417 383 2477 XVR
415 2417 598 2495 adscriptum
631 2436 649 2476 a
680 2417 841 2477 scholiasta
873 2416 911 2476 ad
943 2416 1037 2476 Persii
1073 2436 1192 2476 uersum
1223 2417 1304 2477 1¹77

158 2505 259 2584 (quem
292 2507 331 2566 ad
358 2527 386 2566 u.
407 2507 470 2566 587
504 2499 672 2588 posuimus)
702 2507 749 2566 his
782 2505 879 2565 uerbis
910 2502 1086 2583 ‘Antiopam
1118 2525 1306 2566 uerrucoaam

157 2595 276 2656 Persius
300 2596 374 2656 dicit
397 2615 472 2672 quac
496 2595 576 2673 apud
599 2595 708 2655 Dircen
731 2595 855 2655 seruitio
879 2614 1020 2673 oppressa
1037 2596 1070 2654 ι’νι
1088 2596 1223 2670 squalore
1239 2597 1307 2671 suit,

157 2688 212 2745 sic:
235 2686 349 2745 inluuie
372 2687 503 2762 corporis
526 2685 567 2744 at
589 2704 674 2745 coma
695 2685 813 2761 prolixa
834 2686 954 2762 impexa
976 2685 1199 2763 conglomerata
1217 2688 1307 2761 atque

157 2770 300 2835 horrida’.
337 2774 404 2834 Huc
418 2774 532 2835 accedit
546 2774 626 2851 qnod
643 2774 707 2852 ipse
725 2773 843 2835 Persius
861 2773 972 2834 Lucilii
989 2776 1126 2833 imitator
1143 2776 1307 2850 Antiopam

157 2866 255 2941 ipsam
273 2866 421 2923 nominat:
444 2882 546 2923 uersus
569 2864 696 2941 deniqne
719 2866 816 2924 exitus
834 2864 1023 2923 Pacuuianus
1046 2866 1104 2923 est:
1127 2863 1307 2923 inesses

159 2948 230 3030 ‘qna
254 2958 284 3012 te
307 2953 466 3029 adplicasti
488 2957 588 3013 tamen
607 2955 755 3014 aerumnis
774 2949 893 3013 obruta'
914 2972 1001 3030 quem
1024 2972 1139 3012 usum
1157 2953 1307 3029 Antiopae

158 3043 263 3122 fragm.
288 3041 359 3101 XIV
397 3045 584 3121 comparauit
622 3042 814 3103 Ribbeckius:
855 3044 927 3103 coni
970 3039 1066 3120 [Son]
1103 3041 1207 3103 Octau.
1243 3044 1306 3101 103

159 3127 307 3207 ‘miseriis
324 3132 408 3192 luctu
431 3128 549 3193 obruta’
575 3124 677 3215 (267).
724 3131 871 3193 Similiter
900 3135 990 3208 atque
1013 3132 1131 3192 Persius
1154 3130 1308 3209 respoudit

158 3220 292 3281 Lucilius
316 3217 395 3298 ‘quis
417 3225 503 3283 curat
526 3224 696 3282 etiamnunc
714 3222 877 3300 Antiopam
897 3222 1058 3298 squalitate
1077 3217 1250 3281 obrutam'?
1264 3254 1305 3262 -

160 3331 254 3388 neque
277 3311 406 3372 inimicis
429 3313 619 3388 inuidiosam,
641 3331 738 3388 neque
756 3314 852 3371 amico
871 3311 1082 3389 exoptabilem:
1105 3311 1224 3384 Ηοιιι.ζ
1243 3312 1306 3371 184

157 3393 236 3461 πόλλ’
262 3397 350 3481 dipsa
373 3398 560 3480 δυσμενέεσσι
578 3401 710 3482 χάρματα
728 3395 756 3461 δ’
772 3398 942 3484 εὐμενέτῃσι
959 3401 1093 3477 Xenoph.
1109 3399 1217 3478 Oyrup.
1232 3400 1307 3460 VIII

159 3491 232 3565 3‚5
260 3498 324 3563 πῶς
345 3487 384 3550 ἂν
406 3495 468 3563 τοῖς
498 3487 552 3569 μὲν
574 3487 673 3564 εὔνοις
695 3489 831 3551 κάλλιστα
855 3489 929 3550 ἰδεῖν
952 3495 1066 3551 ποιοῖτο
1089 3489 1144 3569 τὴν
1166 3486 1306 3569 ἐξέλασιν,

158 3584 219 3652 τοῖς
242 3575 274 3639 δέ
297 3577 454 3658 δυσμενέσι
476 3579 674 3659 φοβερώτατοι.
698 3571 703 3577 ³

248 3661 331 3730 599.
354 3669 470 3730 Nonius
493 3690 521 3746 p.
539 3671 616 3744 125,
635 3672 677 3729 34
702 3665 860 3745 ‘Inluuies,
887 3669 995 3731 sordes.
1026 3669 1228 3729 ...Lucilius
1255 3668 1305 3727 lib.

158 3756 258 3816 XXVI
272 3753 345 3818 “hic
364 3805 370 3816 .
387 3806 392 3817 .
408 3805 414 3817 .
433 3760 589 3819 ι’νιυοίυίίίο
601 3760 789 3834 ίποονίυνιάίο
801 3754 962 3820 iucu1ia”.'
1005 3757 1174 3837 significari
1188 3757 1307 3816 uidetur

157 3847 203 3905 bie
222 3845 363 3905 aduerbio
381 3867 482 3909 career
500 3867 558 3924 quo
576 3850 660 3909 iussu
677 3847 751 3926 Lyci
770 3851 801 3908 et
814 3848 922 3909 Dircac
941 3847 1148 3909 continebatur
1165 3846 1306 3922 Antiopa.

159 3935 258 3995 Verba
289 3936 386 3995 multa
415 3939 447 3996 in
478 3937 596 4013 syllaba
628 3956 704 4015 quae
735 3939 883 4014 incipiant
914 3938 1054 3997 similiter
1081 3936 1182 4013 posuit
1208 3936 1306 3995 Plaut.

159 4023 235 4084 liud.
250 4025 314 4083 652
329 4023 418 4103 Verg.
433 4026 506 4085 Aen.
520 4025 552 4084 Π
567 4027 622 4085 84ι
641 4026 712 4087 conf
727 4023 943 4102 Liu.'XX140,
958 4028 977 4085 9
995 4020 1130 4086 ‘umbrae
1144 4026 1307 4101 hominum,

158 4115 247 4191 fame,
274 4114 395 4193 frigore,
416 4115 540 4190 inluuie,
568 4116 705 4192 squalore
728 4111 844 4175 enecti'.
890 4114 1018 4176 Versum
1040 4115 1160 4175 sanauit
1182 4111 1306 4175 Guictus

160 4205 211 4280 qui
234 4204 387 4282 scripserit
408 4205 626 4277 superfundere,
649 4206 703 4264 alii
725 4207 927 4281 transponunt
948 4204 1041 4265 uerba
1058 4204 1180 4264 tradita
1222 4203 1307 4275 Quod

162 4293 265 4371 Eurip.
281 4289 375 4353 Orost.
392 4294 454 4352 226
479 4294 614 4371 appellat
635 4291 759 4354 ἆίουσία
778 4286 900 4374 (Herod
915 4293 1018 4353 11152
1037 4292 1194 4380 ἀλουσίῃσί
1209 4316 1239 4353 τε
1257 4292 1305 4354 sul

158 4378 286 4468 deestque
315 4374 561 4465 συμπεπτωκότα)
592 4382 623 4442 id
656 4384 781 4444 Latinus
812 4387 902 4460 poeta
927 4383 1024 4444 tribua
1051 4383 1182 4444 reddidit
1208 4384 1306 4445 uerbis

159 4472 271 4532 iubaris
302 4465 415 4555 (Plaut.
434 4473 562 4533 Mostell.
581 4466 652 4555 40),
688 4474 841 4534 ίοοοίνιίίίο
876 4473 957 4552 quod
995 4492 1108 4534 nouum
1139 4477 1185 4534 est
1217 4475 1307 4533 sicuti
