<?xml version="1.0" encoding="UTF-8"?>
<!DOCTYPE html PUBLIC "-//W3C//DTD XHTML 1.0 Transitional//EN"
    "http://www.w3.org/TR/xhtml1/DTD/xhtml1-transitional.dtd">
<html xmlns="http://www.w3.org/1999/xhtml" xml:lang="en" lang="en">
 <head>
  <title>
</title>
<meta http-equiv="Content-Type" content="text/html;charset=utf-8" />
  <meta name='ocr-system' content='tesseract 3.04.00' />
  <meta name='ocr-capabilities' content='ocr_page ocr_carea ocr_par ocr_line ocrx_word'/>
</head>
<body>
  <div class='ocr_page' id='page_1' title='image "./cluciliicarminu00lucigoog_0149.png"; bbox 0 0 3060 5010; ppageno 0'>
   <div class='ocr_carea' id='block_1_1' title="bbox 212 355 972 425">
    <p class='ocr_par' dir='ltr' id='par_1_1' title="bbox 212 355 972 425">
     <span class='ocr_line' id='line_1_1' title="bbox 212 355 972 425; baseline 0 -14"><span class='ocrx_word' id='word_1_1' title='bbox 212 357 276 425; x_wconf 73' lang='lat'><strong>116</strong></span> <span class='ocrx_word' id='word_1_2' title='bbox 696 355 758 411; x_wconf 80' lang='lat' dir='ltr'><strong>vm</strong></span> <span class='ocrx_word' id='word_1_3' title='bbox 776 374 804 415; x_wconf 77' lang='lat' dir='ltr'><strong>u.</strong></span> <span class='ocrx_word' id='word_1_4' title='bbox 823 361 972 412; x_wconf 78' lang='lat' dir='ltr'><strong>ser-see.</strong></span> 
     </span>
    </p>
   </div>
   <div class='ocr_carea' id='block_1_2' title="bbox 211 521 1364 2926">
    <p class='ocr_par' dir='ltr' id='par_1_2' title="bbox 211 521 1364 2298">
     <span class='ocr_line' id='line_1_2' title="bbox 212 521 1359 607; baseline -0.002 -19"><span class='ocrx_word' id='word_1_5' title='bbox 212 529 351 607; x_wconf 89' lang='lat' dir='ltr'><strong>Apellen.</strong></span> <span class='ocrx_word' id='word_1_6' title='bbox 371 528 456 605; x_wconf 87' lang='lat' dir='ltr'><strong>Tyrii</strong></span> <span class='ocrx_word' id='word_1_7' title='bbox 475 546 543 604; x_wconf 51' lang='lat' dir='ltr'><strong>cap.¹</strong></span> <span class='ocrx_word' id='word_1_8' title='bbox 555 529 596 587; x_wconf 84' lang='lat'><strong>34</strong></span> <span class='ocrx_word' id='word_1_9' title='bbox 622 522 693 586; x_wconf 81' lang='lat' dir='ltr'><strong>‘non</strong></span> <span class='ocrx_word' id='word_1_10' title='bbox 712 530 813 604; x_wconf 84' lang='lat' dir='ltr'><strong>petest</strong></span> <span class='ocrx_word' id='word_1_11' title='bbox 830 527 950 587; x_wconf 84' lang='lat' dir='ltr'><strong>melius:</strong></span> <span class='ocrx_word' id='word_1_12' title='bbox 974 545 1066 602; x_wconf 90' lang='lat' dir='ltr'><strong>usque</strong></span> <span class='ocrx_word' id='word_1_13' title='bbox 1086 527 1124 586; x_wconf 86' lang='lat' dir='ltr'><strong>ad</strong></span> <span class='ocrx_word' id='word_1_14' title='bbox 1143 521 1303 586; x_wconf 85' lang='lat' dir='ltr'><strong>lacrimas&#39;.</strong></span> <span class='ocrx_word' id='word_1_15' title='bbox 1322 559 1359 568; x_wconf 83' lang='lat'><strong>—-</strong></span> 
     </span>
     <span class='ocr_line' id='line_1_3' title="bbox 211 615 1362 693; baseline -0.002 -16"><span class='ocrx_word' id='word_1_16' title='bbox 211 618 318 678; x_wconf 74' lang='grc' dir='ltr'><strong><em>Αοιίοα</em></strong></span> <span class='ocrx_word' id='word_1_17' title='bbox 340 617 470 693; x_wconf 89' lang='lat' dir='ltr'><strong>denique</strong></span> <span class='ocrx_word' id='word_1_18' title='bbox 493 616 604 677; x_wconf 87' lang='lat' dir='ltr'><strong>dicitur</strong></span> <span class='ocrx_word' id='word_1_19' title='bbox 626 635 733 677; x_wconf 87' lang='lat' dir='ltr'><strong>manus</strong></span> <span class='ocrx_word' id='word_1_20' title='bbox 757 617 853 677; x_wconf 76' lang='grc' dir='ltr'><strong><em>ῑοοαο.</em></strong></span> <span class='ocrx_word' id='word_1_21' title='bbox 895 617 953 677; x_wconf 81' lang='lat' dir='ltr'><strong>Sed</strong></span> <span class='ocrx_word' id='word_1_22' title='bbox 977 636 1014 674; x_wconf 90' lang='lat' dir='ltr'><strong>ue</strong></span> <span class='ocrx_word' id='word_1_23' title='bbox 1032 615 1147 676; x_wconf 91' lang='lat' dir='ltr'><strong>diutius</strong></span> <span class='ocrx_word' id='word_1_24' title='bbox 1170 618 1244 676; x_wconf 89' lang='lat' dir='ltr'><strong>meis</strong></span> <span class='ocrx_word' id='word_1_25' title='bbox 1262 617 1362 676; x_wconf 86' lang='lat' dir='ltr'><strong>uerbis</strong></span> 
     </span>
     <span class='ocr_line' id='line_1_4' title="bbox 212 705 1363 783; baseline -0.001 -17"><span class='ocrx_word' id='word_1_26' title='bbox 212 708 267 767; x_wconf 88' lang='lat' dir='ltr'><strong>has</strong></span> <span class='ocrx_word' id='word_1_27' title='bbox 290 707 390 767; x_wconf 88' lang='lat' dir='ltr'><strong>sordes</strong></span> <span class='ocrx_word' id='word_1_28' title='bbox 413 710 549 782; x_wconf 90' lang='lat' dir='ltr'><strong>tractem,</strong></span> <span class='ocrx_word' id='word_1_29' title='bbox 572 707 722 766; x_wconf 72' lang='lat' dir='ltr'><strong>Martialis</strong></span> <span class='ocrx_word' id='word_1_30' title='bbox 745 709 847 783; x_wconf 89' lang='lat' dir='ltr'><strong>potius</strong></span> <span class='ocrx_word' id='word_1_31' title='bbox 876 706 914 768; x_wconf 89' lang='lat' dir='ltr'><strong>ad</strong></span> <span class='ocrx_word' id='word_1_32' title='bbox 941 724 1062 765; x_wconf 91' lang='lat' dir='ltr'><strong>uersum</strong></span> <span class='ocrx_word' id='word_1_33' title='bbox 1085 709 1164 765; x_wconf 84' lang='lat' dir='ltr'><strong>recte</strong></span> <span class='ocrx_word' id='word_1_34' title='bbox 1188 705 1363 783; x_wconf 85' lang='lat' dir='ltr'><strong>intellegen-</strong></span> 
     </span>
     <span class='ocr_line' id='line_1_5' title="bbox 212 791 1363 872; baseline -0.001 -18"><span class='ocrx_word' id='word_1_35' title='bbox 212 796 284 854; x_wconf 92' lang='lat' dir='ltr'><strong>dum</strong></span> <span class='ocrx_word' id='word_1_36' title='bbox 315 799 483 856; x_wconf 75' lang='lat' dir='ltr'><strong>arcessatur</strong></span> <span class='ocrx_word' id='word_1_37' title='bbox 506 798 558 872; x_wconf 90' lang='lat' dir='ltr'><strong>qui</strong></span> <span class='ocrx_word' id='word_1_38' title='bbox 581 796 623 854; x_wconf 88' lang='lat' dir='ltr'><strong>IX</strong></span> <span class='ocrx_word' id='word_1_39' title='bbox 642 799 682 855; x_wconf 87' lang='grc'><strong>41</strong></span> <span class='ocrx_word' id='word_1_40' title='bbox 707 796 782 857; x_wconf 89' lang='lat' dir='ltr'><strong>haec</strong></span> <span class='ocrx_word' id='word_1_41' title='bbox 805 795 910 856; x_wconf 77' lang='lat' dir='ltr'>scribit</span> <span class='ocrx_word' id='word_1_42' title='bbox 937 791 1071 855; x_wconf 83' lang='lat' dir='ltr'><strong>‘Pontice</strong></span> <span class='ocrx_word' id='word_1_43' title='bbox 1096 794 1175 871; x_wconf 87' lang='lat' dir='ltr'><strong>qued</strong></span> <span class='ocrx_word' id='word_1_44' title='bbox 1198 813 1363 870; x_wconf 84' lang='lat' dir='ltr'><strong>numquam</strong></span> 
     </span>
     <span class='ocr_line' id='line_1_6' title="bbox 213 884 1362 962; baseline 0 -18"><span class='ocrx_word' id='word_1_45' title='bbox 213 886 320 961; x_wconf 82' lang='lat' dir='ltr'><strong>firtuis,</strong></span> <span class='ocrx_word' id='word_1_46' title='bbox 347 884 397 944; x_wconf 85' lang='lat' dir='ltr'><strong>sed</strong></span> <span class='ocrx_word' id='word_1_47' title='bbox 426 885 540 962; x_wconf 90' lang='lat' dir='ltr'><strong>paelice</strong></span> <span class='ocrx_word' id='word_1_48' title='bbox 568 886 656 944; x_wconf 77' lang='grc' dir='ltr'><strong><em>Ιοοαα</em></strong></span> <span class='ocrx_word' id='word_1_49' title='bbox 679 885 780 945; x_wconf 88' lang='lat' dir='ltr'><strong>Vteris</strong></span> <span class='ocrx_word' id='word_1_50' title='bbox 809 888 840 945; x_wconf 91' lang='lat' dir='ltr'><strong>et</strong></span> <span class='ocrx_word' id='word_1_51' title='bbox 862 884 973 944; x_wconf 88' lang='lat' dir='ltr'><strong>Veneri</strong></span> <span class='ocrx_word' id='word_1_52' title='bbox 1000 887 1094 945; x_wconf 89' lang='lat' dir='ltr'><strong>seruit</strong></span> <span class='ocrx_word' id='word_1_53' title='bbox 1123 885 1220 945; x_wconf 82' lang='lat' dir='ltr'><strong>amira</strong></span> <span class='ocrx_word' id='word_1_54' title='bbox 1246 902 1362 952; x_wconf 77' lang='lat' dir='ltr'><strong>macas,</strong></span> 
     </span>
     <span class='ocr_line' id='line_1_7' title="bbox 212 972 1362 1052; baseline -0.001 -18"><span class='ocrx_word' id='word_1_55' title='bbox 212 974 278 1034; x_wconf 91' lang='lat' dir='ltr'><strong>Hoc</strong></span> <span class='ocrx_word' id='word_1_56' title='bbox 300 974 375 1032; x_wconf 89' lang='lat' dir='ltr'>nihil</span> <span class='ocrx_word' id='word_1_57' title='bbox 398 993 462 1033; x_wconf 89' lang='lat' dir='ltr'><strong>esse</strong></span> <span class='ocrx_word' id='word_1_58' title='bbox 486 972 598 1050; x_wconf 82' lang='lat' dir='ltr'><strong>putas?</strong></span> <span class='ocrx_word' id='word_1_59' title='bbox 621 974 718 1034; x_wconf 90' lang='lat' dir='ltr'><strong>scelus</strong></span> <span class='ocrx_word' id='word_1_60' title='bbox 741 977 788 1034; x_wconf 90' lang='lat' dir='ltr'><strong>est</strong></span> <span class='ocrx_word' id='word_1_61' title='bbox 805 973 880 1032; x_wconf 90' lang='lat' dir='ltr'><strong>mihi</strong></span> <span class='ocrx_word' id='word_1_62' title='bbox 898 972 992 1050; x_wconf 83' lang='lat' dir='ltr'><strong>crede,</strong></span> <span class='ocrx_word' id='word_1_63' title='bbox 1015 972 1068 1033; x_wconf 91' lang='lat' dir='ltr'><strong>sed</strong></span> <span class='ocrx_word' id='word_1_64' title='bbox 1086 975 1193 1052; x_wconf 88' lang='lat' dir='ltr'><strong>ingens</strong></span> <span class='ocrx_word' id='word_1_65' title='bbox 1212 973 1362 1044; x_wconf 83' lang='lat' dir='ltr'><strong>Quantum</strong></span> 
     </span>
     <span class='ocr_line' id='line_1_8' title="bbox 212 1062 1364 1141; baseline -0.001 -18"><span class='ocrx_word' id='word_1_66' title='bbox 212 1066 263 1123; x_wconf 87' lang='lat' dir='ltr'><strong>uix</strong></span> <span class='ocrx_word' id='word_1_67' title='bbox 295 1064 394 1122; x_wconf 88' lang='lat' dir='ltr'><strong>anime</strong></span> <span class='ocrx_word' id='word_1_68' title='bbox 427 1064 558 1139; x_wconf 80' lang='lat' dir='ltr'>concipis</span> <span class='ocrx_word' id='word_1_69' title='bbox 591 1064 655 1140; x_wconf 92' lang='lat' dir='ltr'><strong>ipse</strong></span> <span class='ocrx_word' id='word_1_70' title='bbox 687 1065 748 1122; x_wconf 91' lang='lat' dir='ltr'><strong>tue.</strong></span> <span class='ocrx_word' id='word_1_71' title='bbox 798 1062 913 1140; x_wconf 83' lang='lat' dir='ltr'>Nempe</span> <span class='ocrx_word' id='word_1_72' title='bbox 947 1062 1039 1123; x_wconf 90' lang='lat' dir='ltr'><strong>semel</strong></span> <span class='ocrx_word' id='word_1_73' title='bbox 1071 1063 1177 1141; x_wconf 88' lang='lat' dir='ltr'><strong>futuit,</strong></span> <span class='ocrx_word' id='word_1_74' title='bbox 1207 1067 1364 1140; x_wconf 77' lang='lat' dir='ltr'><strong>generaret</strong></span> 
     </span>
     <span class='ocr_line' id='line_1_9' title="bbox 212 1151 1362 1231; baseline -0.002 -19"><span class='ocrx_word' id='word_1_75' title='bbox 212 1153 359 1213; x_wconf 84' lang='lat' dir='ltr'><strong>Horatius</strong></span> <span class='ocrx_word' id='word_1_76' title='bbox 396 1155 432 1211; x_wconf 88' lang='lat' dir='ltr'><strong>ut</strong></span> <span class='ocrx_word' id='word_1_77' title='bbox 467 1155 542 1231; x_wconf 79' lang='lat' dir='ltr'><strong>tres,</strong></span> <span class='ocrx_word' id='word_1_78' title='bbox 579 1153 660 1212; x_wconf 90' lang='lat' dir='ltr'><strong>Mars</strong></span> <span class='ocrx_word' id='word_1_79' title='bbox 692 1152 797 1229; x_wconf 88' lang='lat' dir='ltr'><strong>semel,</strong></span> <span class='ocrx_word' id='word_1_80' title='bbox 833 1155 868 1211; x_wconf 91' lang='lat' dir='ltr'><strong>ut</strong></span> <span class='ocrx_word' id='word_1_81' title='bbox 899 1153 1034 1230; x_wconf 88' lang='lat' dir='ltr'><strong>gemines</strong></span> <span class='ocrx_word' id='word_1_82' title='bbox 1066 1151 1126 1211; x_wconf 89' lang='lat' dir='ltr'><strong>Ilia</strong></span> <span class='ocrx_word' id='word_1_83' title='bbox 1156 1154 1240 1212; x_wconf 85' lang='lat' dir='ltr'><strong>casta</strong></span> <span class='ocrx_word' id='word_1_84' title='bbox 1269 1151 1362 1212; x_wconf 87' lang='lat' dir='ltr'><strong>daret.</strong></span> 
     </span>
     <span class='ocr_line' id='line_1_10' title="bbox 213 1240 1363 1318; baseline -0.003 -16"><span class='ocrx_word' id='word_1_85' title='bbox 213 1240 321 1302; x_wconf 85' lang='lat' dir='ltr'><strong>Omnia</strong></span> <span class='ocrx_word' id='word_1_86' title='bbox 353 1241 526 1318; x_wconf 85' lang='lat' dir='ltr'><strong>perdiderat</strong></span> <span class='ocrx_word' id='word_1_87' title='bbox 557 1244 583 1301; x_wconf 90' lang='lat' dir='ltr'><strong>si</strong></span> <span class='ocrx_word' id='word_1_88' title='bbox 616 1241 821 1301; x_wconf 69' lang='lat' dir='ltr'><strong>masturbatus</strong></span> <span class='ocrx_word' id='word_1_89' title='bbox 858 1244 984 1317; x_wconf 90' lang='lat' dir='ltr'><strong>uterque</strong></span> <span class='ocrx_word' id='word_1_90' title='bbox 1016 1241 1190 1302; x_wconf 84' lang='lat' dir='ltr'><strong>Mandasset</strong></span> <span class='ocrx_word' id='word_1_91' title='bbox 1224 1241 1363 1301; x_wconf 86' lang='lat' dir='ltr'><strong>manibus</strong></span> 
     </span>
     <span class='ocr_line' id='line_1_11' title="bbox 212 1325 1362 1411; baseline -0.001 -21"><span class='ocrx_word' id='word_1_92' title='bbox 212 1331 324 1411; x_wconf 88' lang='lat' dir='ltr'><strong>gaudia</strong></span> <span class='ocrx_word' id='word_1_93' title='bbox 346 1330 434 1390; x_wconf 83' lang='lat' dir='ltr'><strong>foeda</strong></span> <span class='ocrx_word' id='word_1_94' title='bbox 457 1326 530 1391; x_wconf 88' lang='lat' dir='ltr'><strong>suis&#39;</strong></span> <span class='ocrx_word' id='word_1_95' title='bbox 584 1330 682 1407; x_wconf 86' lang='lat' dir='ltr'><strong>Priap.</strong></span> <span class='ocrx_word' id='word_1_96' title='bbox 698 1331 749 1407; x_wconf 83' lang='lat'><strong>33,</strong></span> <span class='ocrx_word' id='word_1_97' title='bbox 769 1331 828 1390; x_wconf 78' lang='lat'><strong>513</strong></span> <span class='ocrx_word' id='word_1_98' title='bbox 853 1325 964 1406; x_wconf 75' lang='lat' dir='ltr'><strong>‘Turpe</strong></span> <span class='ocrx_word' id='word_1_99' title='bbox 987 1331 1108 1408; x_wconf 90' lang='lat' dir='ltr'><strong>quidem</strong></span> <span class='ocrx_word' id='word_1_100' title='bbox 1131 1330 1222 1406; x_wconf 85' lang='lat' dir='ltr'><strong>factu,</strong></span> <span class='ocrx_word' id='word_1_101' title='bbox 1250 1330 1302 1390; x_wconf 90' lang='lat' dir='ltr'><strong>sed</strong></span> <span class='ocrx_word' id='word_1_102' title='bbox 1326 1350 1362 1390; x_wconf 90' lang='lat' dir='ltr'><strong>ne</strong></span> 
     </span>
     <span class='ocr_line' id='line_1_12' title="bbox 212 1416 1362 1499; baseline -0.002 -18"><span class='ocrx_word' id='word_1_103' title='bbox 212 1422 360 1499; x_wconf 88' lang='lat' dir='ltr'><strong>tentigine</strong></span> <span class='ocrx_word' id='word_1_104' title='bbox 383 1439 507 1498; x_wconf 91' lang='lat' dir='ltr'><strong>rumpar</strong></span> <span class='ocrx_word' id='word_1_105' title='bbox 524 1419 614 1479; x_wconf 78' lang='lat' dir='ltr'><strong>Falce</strong></span> <span class='ocrx_word' id='word_1_106' title='bbox 637 1420 711 1479; x_wconf 90' lang='lat' dir='ltr'><strong>mihi</strong></span> <span class='ocrx_word' id='word_1_107' title='bbox 729 1421 829 1496; x_wconf 85' lang='lat' dir='ltr'><strong>posita</strong></span> <span class='ocrx_word' id='word_1_108' title='bbox 848 1419 901 1479; x_wconf 89' lang='lat' dir='ltr'><strong>fiet</strong></span> <span class='ocrx_word' id='word_1_109' title='bbox 917 1422 1015 1480; x_wconf 81' lang='lat' dir='ltr'><strong>amica</strong></span> <span class='ocrx_word' id='word_1_110' title='bbox 1031 1416 1160 1480; x_wconf 81' lang='lat' dir='ltr'><strong>manus&#39;.</strong></span> <span class='ocrx_word' id='word_1_111' title='bbox 1203 1419 1362 1480; x_wconf 85' lang='lat' dir='ltr'><strong>Sinistram</strong></span> 
     </span>
     <span class='ocr_line' id='line_1_13' title="bbox 212 1508 1363 1585; baseline -0.001 -16"><span class='ocrx_word' id='word_1_112' title='bbox 212 1530 334 1570; x_wconf 89' lang='lat' dir='ltr'><strong>manum</strong></span> <span class='ocrx_word' id='word_1_113' title='bbox 353 1512 452 1569; x_wconf 89' lang='lat' dir='ltr'><strong>uescie</strong></span> <span class='ocrx_word' id='word_1_114' title='bbox 472 1508 587 1585; x_wconf 90' lang='lat' dir='ltr'><strong>quade</strong></span> <span class='ocrx_word' id='word_1_115' title='bbox 607 1527 697 1569; x_wconf 88' lang='lat' dir='ltr'><strong>causa</strong></span> <span class='ocrx_word' id='word_1_116' title='bbox 715 1508 793 1567; x_wconf 91' lang='lat' dir='ltr'><strong>idem</strong></span> <span class='ocrx_word' id='word_1_117' title='bbox 812 1508 962 1568; x_wconf 84' lang='lat' dir='ltr'><strong>Martialis</strong></span> <span class='ocrx_word' id='word_1_118' title='bbox 981 1511 1194 1568; x_wconf 87' lang='lat' dir='ltr'><strong>commemorat</strong></span> <span class='ocrx_word' id='word_1_119' title='bbox 1211 1511 1243 1567; x_wconf 90' lang='lat' dir='ltr'><strong>in</strong></span> <span class='ocrx_word' id='word_1_120' title='bbox 1259 1508 1363 1568; x_wconf 87' lang='lat' dir='ltr'><strong>eadem</strong></span> 
     </span>
     <span class='ocr_line' id='line_1_14' title="bbox 211 1589 1362 1679; baseline 0 -21"><span class='ocrx_word' id='word_1_121' title='bbox 211 1592 399 1676; x_wconf 84' lang='lat' dir='ltr'><strong>turpitudine</strong></span> <span class='ocrx_word' id='word_1_122' title='bbox 430 1598 472 1657; x_wconf 86' lang='lat' dir='ltr'><strong>XI</strong></span> <span class='ocrx_word' id='word_1_123' title='bbox 497 1598 623 1676; x_wconf 85' lang='lat'>58,11.</span> <span class='ocrx_word' id='word_1_124' title='bbox 650 1600 744 1675; x_wconf 85' lang='grc'><strong>73,4</strong></span> <span class='ocrx_word' id='word_1_125' title='bbox 777 1590 984 1679; x_wconf 70' lang='lat' dir='ltr'><strong>(consilae,</strong></span> <span class='ocrx_word' id='word_1_126' title='bbox 1006 1589 1070 1677; x_wconf 79' lang='lat'>14).</span> <span class='ocrx_word' id='word_1_127' title='bbox 1121 1599 1237 1658; x_wconf 77' lang='lat' dir='ltr'><strong>Manus</strong></span> <span class='ocrx_word' id='word_1_128' title='bbox 1267 1601 1362 1658; x_wconf 80' lang='lat' dir='ltr'><strong>amica</strong></span> 
     </span>
     <span class='ocr_line' id='line_1_15' title="bbox 212 1678 1363 1768; baseline -0.002 -21"><span class='ocrx_word' id='word_1_129' title='bbox 212 1690 307 1766; x_wconf 91' lang='lat' dir='ltr'><strong>igitur</strong></span> <span class='ocrx_word' id='word_1_130' title='bbox 330 1687 410 1746; x_wconf 90' lang='lat' dir='ltr'><strong>idem</strong></span> <span class='ocrx_word' id='word_1_131' title='bbox 433 1687 525 1764; x_wconf 87' lang='lat' dir='ltr'><strong>ualet,</strong></span> <span class='ocrx_word' id='word_1_132' title='bbox 549 1687 629 1763; x_wconf 88' lang='lat' dir='ltr'><strong>qued</strong></span> <span class='ocrx_word' id='word_1_133' title='bbox 652 1706 758 1747; x_wconf 91' lang='lat' dir='ltr'><strong>manus</strong></span> <span class='ocrx_word' id='word_1_134' title='bbox 776 1687 905 1746; x_wconf 83' lang='lat' dir='ltr'><strong>fututn&#39;x</strong></span> <span class='ocrx_word' id='word_1_135' title='bbox 925 1678 1027 1768; x_wconf 83' lang='lat' dir='ltr'><strong>(Mart.</strong></span> <span class='ocrx_word' id='word_1_136' title='bbox 1046 1686 1089 1745; x_wconf 87' lang='lat' dir='ltr'><strong>XI</strong></span> <span class='ocrx_word' id='word_1_137' title='bbox 1110 1680 1174 1767; x_wconf 79' lang='lat'>22).</span> <span class='ocrx_word' id='word_1_138' title='bbox 1217 1687 1363 1746; x_wconf 87' lang='lat' dir='ltr'><strong>Similiter</strong></span> 
     </span>
     <span class='ocr_line' id='line_1_16' title="bbox 212 1768 1362 1854; baseline 0.001 -18"><span class='ocrx_word' id='word_1_139' title='bbox 212 1777 376 1854; x_wconf 82' lang='lat' dir='ltr'><strong>Scythiuus</strong></span> <span class='ocrx_word' id='word_1_140' title='bbox 403 1777 461 1835; x_wconf 88' lang='lat' dir='ltr'><strong>AP</strong></span> <span class='ocrx_word' id='word_1_141' title='bbox 482 1776 541 1835; x_wconf 89' lang='lat' dir='ltr'><strong>XIl</strong></span> <span class='ocrx_word' id='word_1_142' title='bbox 567 1778 630 1836; x_wconf 79' lang='lat'><strong>232</strong></span> <span class='ocrx_word' id='word_1_143' title='bbox 659 1775 696 1835; x_wconf 93' lang='lat' dir='ltr'><strong>ad</strong></span> <span class='ocrx_word' id='word_1_144' title='bbox 729 1779 895 1836; x_wconf 89' lang='lat' dir='ltr'><strong>muttenem</strong></span> <span class='ocrx_word' id='word_1_145' title='bbox 927 1776 1133 1836; x_wconf 86' lang='lat' dir='ltr'><strong>lacrimantem</strong></span> <span class='ocrx_word' id='word_1_146' title='bbox 1163 1768 1273 1853; x_wconf 81' lang='grc' dir='ltr'><strong><em>Ὀρθον</em></strong></span> <span class='ocrx_word' id='word_1_147' title='bbox 1305 1783 1362 1837; x_wconf 77' lang='grc' dir='ltr'><strong>νῦν</strong></span> 
     </span>
     <span class='ocr_line' id='line_1_17' title="bbox 212 1857 1363 1950; baseline 0 -25"><span class='ocrx_word' id='word_1_148' title='bbox 212 1862 337 1943; x_wconf 75' lang='grc' dir='ltr'><strong><em>ἕστηκας</em></strong></span> <span class='ocrx_word' id='word_1_149' title='bbox 363 1862 526 1942; x_wconf 81' lang='grc' dir='ltr'><strong><em>ἀνώνυμον</em></strong></span> <span class='ocrx_word' id='word_1_150' title='bbox 557 1861 627 1926; x_wconf 77' lang='grc' dir='ltr'><strong>οὐδὲ</strong></span> <span class='ocrx_word' id='word_1_151' title='bbox 655 1865 796 1950; x_wconf 72' lang='grc' dir='ltr'><strong><em>μαραίνῃ·</em></strong></span> <span class='ocrx_word' id='word_1_152' title='bbox 827 1858 998 1925; x_wconf 79' lang='grc' dir='ltr'><strong><em>Ἐντέτασαι</em></strong></span> <span class='ocrx_word' id='word_1_153' title='bbox 1029 1857 1058 1925; x_wconf 83' lang='grc' dir='ltr'><strong>δ’</strong></span> <span class='ocrx_word' id='word_1_154' title='bbox 1079 1860 1120 1937; x_wconf 78' lang='grc' dir='ltr'><strong>ὣς</strong></span> <span class='ocrx_word' id='word_1_155' title='bbox 1150 1861 1190 1925; x_wconf 77' lang='lat' dir='ltr'><strong>lle</strong></span> <span class='ocrx_word' id='word_1_156' title='bbox 1221 1863 1262 1943; x_wconf 83' lang='grc' dir='ltr'><strong>μή</strong></span> <span class='ocrx_word' id='word_1_157' title='bbox 1293 1886 1363 1927; x_wconf 84' lang='grc' dir='ltr'><strong><em>ποτε</em></strong></span> 
     </span>
     <span class='ocr_line' id='line_1_18' title="bbox 211 1947 1363 2034; baseline -0.001 -20"><span class='ocrx_word' id='word_1_158' title='bbox 211 1953 407 2033; x_wconf 74' lang='grc' dir='ltr'><strong><em>παυσόμενον.</em></strong></span> <span class='ocrx_word' id='word_1_159' title='bbox 454 1947 532 2014; x_wconf 80' lang='grc' dir='ltr'><strong>Ἀλλ’</strong></span> <span class='ocrx_word' id='word_1_160' title='bbox 567 1952 613 2015; x_wconf 84' lang='grc' dir='ltr'><strong>ὅτε</strong></span> <span class='ocrx_word' id='word_1_161' title='bbox 645 1975 696 2031; x_wconf 83' lang='grc' dir='ltr'><strong>μοι</strong></span> <span class='ocrx_word' id='word_1_162' title='bbox 729 1952 902 2032; x_wconf 80' lang='grc' dir='ltr'><strong><em>Νεμεοηνὸς</em></strong></span> <span class='ocrx_word' id='word_1_163' title='bbox 934 1952 1006 2015; x_wconf 80' lang='lat' dir='ltr'><strong>dlev</strong></span> <span class='ocrx_word' id='word_1_164' title='bbox 1041 1950 1216 2034; x_wconf 76' lang='grc' dir='ltr'><strong><em>παρέκλινεν</em></strong></span> <span class='ocrx_word' id='word_1_165' title='bbox 1247 1951 1363 2031; x_wconf 76' lang='grc' dir='ltr'><strong>ἑαυτόν,</strong></span> 
     </span>
     <span class='ocr_line' id='line_1_19' title="bbox 213 2039 1361 2124; baseline 0 -20"><span class='ocrx_word' id='word_1_166' title='bbox 213 2043 316 2104; x_wconf 82' lang='grc' dir='ltr'><strong><em>Πάντα</em></strong></span> <span class='ocrx_word' id='word_1_167' title='bbox 348 2042 452 2116; x_wconf 77' lang='grc' dir='ltr'><strong><em>διδοὺς</em></strong></span> <span class='ocrx_word' id='word_1_168' title='bbox 471 2040 498 2103; x_wconf 76' lang='lat' dir='ltr'><strong>&#39;t</strong></span> <span class='ocrx_word' id='word_1_169' title='bbox 526 2039 619 2120; x_wconf 77' lang='grc' dir='ltr'>θέλω,</span> <span class='ocrx_word' id='word_1_170' title='bbox 651 2042 756 2124; x_wconf 74' lang='grc' dir='ltr'><strong><em>νεκρὸν</em></strong></span> <span class='ocrx_word' id='word_1_171' title='bbox 788 2039 981 2123; x_wconf 61' lang='grc' dir='ltr'><strong>ἀπεκρέμαντο.</strong></span> <span class='ocrx_word' id='word_1_172' title='bbox 1033 2043 1134 2104; x_wconf 80' lang='grc' dir='ltr'><strong><em>Τείνεο</em></strong></span> <span class='ocrx_word' id='word_1_173' title='bbox 1165 2040 1216 2103; x_wconf 76' lang='grc' dir='ltr'><strong>καὶ</strong></span> <span class='ocrx_word' id='word_1_174' title='bbox 1247 2042 1361 2123; x_wconf 72' lang='grc' dir='ltr'><strong><em>ρἡσον</em></strong></span> 
     </span>
     <span class='ocr_line' id='line_1_20' title="bbox 211 2126 1360 2214; baseline -0.001 -21"><span class='ocrx_word' id='word_1_175' title='bbox 211 2131 261 2193; x_wconf 76' lang='grc' dir='ltr'><strong>καὶ</strong></span> <span class='ocrx_word' id='word_1_176' title='bbox 284 2133 426 2214; x_wconf 78' lang='grc' dir='ltr'><em>δάκρυε·</em></span> <span class='ocrx_word' id='word_1_177' title='bbox 450 2131 547 2193; x_wconf 77' lang='grc' dir='ltr'><strong><em>πάντα</em></strong></span> <span class='ocrx_word' id='word_1_178' title='bbox 569 2132 710 2211; x_wconf 82' lang='grc' dir='ltr'><strong><em>ματαίως·</em></strong></span> <span class='ocrx_word' id='word_1_179' title='bbox 738 2131 800 2212; x_wconf 77' lang='grc' dir='ltr'><strong>Οὐχ</strong></span> <span class='ocrx_word' id='word_1_180' title='bbox 823 2129 895 2205; x_wconf 73' lang='grc' dir='ltr'><strong><em>ἔξεις</em></strong></span> <span class='ocrx_word' id='word_1_181' title='bbox 917 2130 999 2193; x_wconf 73' lang='grc' dir='ltr'><strong><em>ἔλεον</em></strong></span> <span class='ocrx_word' id='word_1_182' title='bbox 1019 2131 1115 2212; x_wconf 79' lang='grc' dir='ltr'><strong><em>χειρὸς</em></strong></span> <span class='ocrx_word' id='word_1_183' title='bbox 1136 2126 1186 2210; x_wconf 77' lang='grc' dir='ltr'><strong>ἀφ’</strong></span> <span class='ocrx_word' id='word_1_184' title='bbox 1211 2128 1360 2212; x_wconf 75' lang='grc' dir='ltr'><strong><em>ἡμετέρης.</em></strong></span> 
     </span>
     <span class='ocr_line' id='line_1_21' title="bbox 212 2220 1361 2298; baseline -0.001 -17"><span class='ocrx_word' id='word_1_185' title='bbox 212 2223 311 2282; x_wconf 80' lang='lat' dir='ltr'><strong>Aliter</strong></span> <span class='ocrx_word' id='word_1_186' title='bbox 329 2222 412 2281; x_wconf 89' lang='lat' dir='ltr'><strong>deh</strong></span> <span class='ocrx_word' id='word_1_187' title='bbox 427 2242 455 2281; x_wconf 90' lang='lat' dir='ltr'><strong>u.</strong></span> <span class='ocrx_word' id='word_1_188' title='bbox 474 2225 583 2282; x_wconf 85' lang='lat' dir='ltr'><strong>statuit</strong></span> <span class='ocrx_word' id='word_1_189' title='bbox 601 2220 635 2282; x_wconf 85' lang='lat' dir='ltr'>G</span> <span class='ocrx_word' id='word_1_190' title='bbox 650 2223 841 2283; x_wconf 88' lang='lat' dir='ltr'><strong>Hennannus</strong></span> <span class='ocrx_word' id='word_1_191' title='bbox 860 2223 896 2281; x_wconf 93' lang='lat' dir='ltr'><strong>el.</strong></span> <span class='ocrx_word' id='word_1_192' title='bbox 915 2221 993 2282; x_wconf 89' lang='lat' dir='ltr'><strong>deet</strong></span> <span class='ocrx_word' id='word_1_193' title='bbox 1007 2225 1092 2282; x_wconf 87' lang='lat' dir='ltr'><strong>metr.</strong></span> <span class='ocrx_word' id='word_1_194' title='bbox 1111 2221 1163 2281; x_wconf 92' lang='lat' dir='ltr'><strong>lib.</strong></span> <span class='ocrx_word' id='word_1_195' title='bbox 1182 2221 1212 2280; x_wconf 85' lang='lat'><strong>11</strong></span> <span class='ocrx_word' id='word_1_196' title='bbox 1231 2240 1295 2298; x_wconf 83' lang='lat' dir='ltr'><strong>cap</strong></span> <span class='ocrx_word' id='word_1_197' title='bbox 1311 2223 1361 2282; x_wconf 84' lang='lat'><strong>36.</strong></span> 
     </span>
    </p>

    <p class='ocr_par' dir='ltr' id='par_1_3' title="bbox 211 2304 1361 2835">
     <span class='ocr_line' id='line_1_22' title="bbox 303 2304 1339 2389; baseline 0 -19"><span class='ocrx_word' id='word_1_198' title='bbox 303 2304 386 2374; x_wconf 78' lang='lat'><strong>308.</strong></span> <span class='ocrx_word' id='word_1_199' title='bbox 409 2312 578 2389; x_wconf 87' lang='lat' dir='ltr'><strong>Noniusp.</strong></span> <span class='ocrx_word' id='word_1_200' title='bbox 599 2313 673 2387; x_wconf 87' lang='grc'><strong>498,</strong></span> <span class='ocrx_word' id='word_1_201' title='bbox 693 2313 711 2372; x_wconf 88' lang='grc'>8</span> <span class='ocrx_word' id='word_1_202' title='bbox 738 2307 908 2372; x_wconf 85' lang='lat' dir='ltr'><strong>‘Genitiuus</strong></span> <span class='ocrx_word' id='word_1_203' title='bbox 930 2311 1045 2388; x_wconf 88' lang='lat' dir='ltr'><strong>pesitus</strong></span> <span class='ocrx_word' id='word_1_204' title='bbox 1068 2330 1122 2388; x_wconf 92' lang='lat' dir='ltr'><strong>pro</strong></span> <span class='ocrx_word' id='word_1_205' title='bbox 1148 2310 1339 2372; x_wconf 88' lang='lat' dir='ltr'><strong>ablatiue...</strong></span> 
     </span>
     <span class='ocr_line' id='line_1_23' title="bbox 212 2395 1362 2549; baseline -0.002 -89"><span class='ocrx_word' id='word_1_206' title='bbox 212 2400 346 2462; x_wconf 84' lang='lat' dir='ltr'><strong>Lucilius</strong></span> <span class='ocrx_word' id='word_1_207' title='bbox 374 2403 544 2478; x_wconf 81' lang='lat' dir='ltr'><strong>satyrarum</strong></span> <span class='ocrx_word' id='word_1_208' title='bbox 566 2401 617 2460; x_wconf 94' lang='lat' dir='ltr'><strong>lib.</strong></span> <span class='ocrx_word' id='word_1_209' title='bbox 636 2398 713 2461; x_wconf 85' lang='lat' dir='ltr'><strong>Vl‘</strong></span> <span class='ocrx_word' id='word_1_210' title='bbox 718 2397 847 2461; x_wconf 88' lang='lat' dir='ltr'><strong>hortare</strong></span> <span class='ocrx_word' id='word_1_211' title='bbox 870 2395 995 2460; x_wconf 87' lang='lat' dir='ltr'><strong>&#39;illerum</strong></span> <span class='ocrx_word' id='word_1_212' title='bbox 1022 2400 1049 2460; x_wconf 91' lang='lat' dir='ltr'><strong>si</strong></span> <span class='ocrx_word' id='word_1_213' title='bbox 1075 2400 1187 2477; x_wconf 90' lang='lat' dir='ltr'><strong>possim</strong></span> <span class='ocrx_word' id='word_1_214' title='bbox 1197 2402 1350 2549; x_wconf 84' lang='lat' dir='ltr'><strong>capiln</strong></span> <span class='ocrx_word' id='word_1_215' title='bbox 1301 2418 1362 2502; x_wconf 81' lang='lat' dir='ltr'><strong>ser·</strong></span> 
     </span>
     <span class='ocr_line' id='line_1_24' title="bbox 211 2483 1210 2572; baseline -0.002 -22"><span class='ocrx_word' id='word_1_216' title='bbox 211 2485 296 2550; x_wconf 86' lang='lat' dir='ltr'><strong>tiri&#39;’.</strong></span> <span class='ocrx_word' id='word_1_217' title='bbox 347 2489 426 2548; x_wconf 88' lang='lat' dir='ltr'><strong>idem</strong></span> <span class='ocrx_word' id='word_1_218' title='bbox 448 2489 500 2548; x_wconf 92' lang='lat' dir='ltr'><strong>lib</strong></span> <span class='ocrx_word' id='word_1_219' title='bbox 519 2489 594 2548; x_wconf 83' lang='lat' dir='ltr'><strong>vm</strong></span> <span class='ocrx_word' id='word_1_220' title='bbox 621 2483 690 2572; x_wconf 86' lang='lat' dir='ltr'><strong>(VI</strong></span> <span class='ocrx_word' id='word_1_221' title='bbox 705 2483 1022 2571; x_wconf 81' lang='lat' dir='ltr'><strong>Guelferbytanus)“</strong></span> <span class='ocrx_word' id='word_1_222' title='bbox 1026 2494 1210 2566; x_wconf 85' lang='lat' dir='ltr'><strong>quarumet</strong></span> 
     </span>
     <span class='ocr_line' id='line_1_25' title="bbox 211 2574 1361 2659; baseline -0.001 -21"><span class='ocrx_word' id='word_1_223' title='bbox 211 2574 410 2659; x_wconf 87' lang='lat' dir='ltr'><strong>digeemus&#39;’.&#39;</strong></span> <span class='ocrx_word' id='word_1_224' title='bbox 448 2578 513 2639; x_wconf 90' lang='lat' dir='ltr'><strong>Hoc</strong></span> <span class='ocrx_word' id='word_1_225' title='bbox 531 2580 605 2639; x_wconf 89' lang='lat' dir='ltr'><strong>scire</strong></span> <span class='ocrx_word' id='word_1_226' title='bbox 623 2579 730 2640; x_wconf 90' lang='lat' dir='ltr'><strong>medici</strong></span> <span class='ocrx_word' id='word_1_227' title='bbox 749 2581 854 2656; x_wconf 88' lang='lat' dir='ltr'><strong>opiner</strong></span> <span class='ocrx_word' id='word_1_228' title='bbox 873 2578 1004 2638; x_wconf 86' lang='lat' dir='ltr'><strong>efficium</strong></span> <span class='ocrx_word' id='word_1_229' title='bbox 1023 2582 1069 2639; x_wconf 88' lang='lat' dir='ltr'><strong>est</strong></span> <span class='ocrx_word' id='word_1_230' title='bbox 1086 2576 1228 2639; x_wconf 86' lang='lat' dir='ltr'><strong>sollertis·</strong></span> <span class='ocrx_word' id='word_1_231' title='bbox 1252 2574 1361 2638; x_wconf 85' lang='lat' dir='ltr'><strong>‘tenuis</strong></span> 
     </span>
     <span class='ocr_line' id='line_1_26' title="bbox 211 2663 1361 2747; baseline -0.002 -19"><span class='ocrx_word' id='word_1_232' title='bbox 211 2687 282 2729; x_wconf 88' lang='lat' dir='ltr'><strong>uere</strong></span> <span class='ocrx_word' id='word_1_233' title='bbox 309 2669 397 2729; x_wconf 84' lang='lat' dir='ltr'><strong>herne</strong></span> <span class='ocrx_word' id='word_1_234' title='bbox 425 2668 548 2746; x_wconf 88' lang='lat' dir='ltr'><strong>implere</strong></span> <span class='ocrx_word' id='word_1_235' title='bbox 576 2687 606 2729; x_wconf 90' lang='lat' dir='ltr'><strong>se</strong></span> <span class='ocrx_word' id='word_1_236' title='bbox 635 2669 737 2742; x_wconf 84' lang='lat' dir='ltr'><strong>debet,</strong></span> <span class='ocrx_word' id='word_1_237' title='bbox 763 2670 875 2747; x_wconf 90' lang='lat' dir='ltr'><strong>plenus</strong></span> <span class='ocrx_word' id='word_1_238' title='bbox 897 2663 1068 2728; x_wconf 82' lang='lat' dir='ltr'><strong>extenuare&#39;</strong></span> <span class='ocrx_word' id='word_1_239' title='bbox 1098 2670 1219 2728; x_wconf 89' lang='lat' dir='ltr'><strong>auctore</strong></span> <span class='ocrx_word' id='word_1_240' title='bbox 1242 2667 1361 2728; x_wconf 80' lang='lat' dir='ltr'><strong>Celsel</strong></span> 
     </span>
     <span class='ocr_line' id='line_1_27' title="bbox 212 2757 631 2835; baseline -0.007 -17"><span class='ocrx_word' id='word_1_241' title='bbox 212 2777 274 2835; x_wconf 88' lang='lat' dir='ltr'><strong>cap.</strong></span> <span class='ocrx_word' id='word_1_242' title='bbox 296 2760 314 2818; x_wconf 84' lang='lat'><strong>3</strong></span> <span class='ocrx_word' id='word_1_243' title='bbox 338 2779 367 2835; x_wconf 94' lang='lat' dir='ltr'><strong>p.</strong></span> <span class='ocrx_word' id='word_1_244' title='bbox 389 2758 439 2834; x_wconf 84' lang='lat'><strong>18,</strong></span> <span class='ocrx_word' id='word_1_245' title='bbox 459 2757 631 2818; x_wconf 84' lang='lat' dir='ltr'><strong>5Daremb.</strong></span> 
     </span>
    </p>

    <p class='ocr_par' dir='ltr' id='par_1_4' title="bbox 300 2839 1362 2926">
     <span class='ocr_line' id='line_1_28' title="bbox 300 2839 1362 2926; baseline 0.001 -20"><span class='ocrx_word' id='word_1_246' title='bbox 300 2839 384 2908; x_wconf 83' lang='grc'><strong>309.</strong></span> <span class='ocrx_word' id='word_1_247' title='bbox 408 2847 523 2907; x_wconf 88' lang='lat' dir='ltr'><strong>Neuius</strong></span> <span class='ocrx_word' id='word_1_248' title='bbox 550 2866 585 2907; x_wconf 84' lang='lat' dir='ltr'><strong>ex</strong></span> <span class='ocrx_word' id='word_1_249' title='bbox 612 2847 806 2926; x_wconf 89' lang='lat' dir='ltr'><strong>grammatice</strong></span> <span class='ocrx_word' id='word_1_250' title='bbox 830 2867 858 2924; x_wconf 95' lang='lat' dir='ltr'><strong>p.</strong></span> <span class='ocrx_word' id='word_1_251' title='bbox 880 2850 952 2922; x_wconf 89' lang='lat'><strong>119,</strong></span> <span class='ocrx_word' id='word_1_252' title='bbox 973 2848 1012 2905; x_wconf 78' lang='lat'><strong>21</strong></span> <span class='ocrx_word' id='word_1_253' title='bbox 1040 2842 1188 2922; x_wconf 56' lang='lat' dir='ltr'><strong>‘Gigarta</strong></span> <span class='ocrx_word' id='word_1_254' title='bbox 1217 2846 1362 2907; x_wconf 89' lang='lat' dir='ltr'><strong>intestina</strong></span> 
     </span>
    </p>
   </div>
   <div class='ocr_carea' id='block_1_3' title="bbox 210 2928 1366 3461">
    <p class='ocr_par' dir='ltr' id='par_1_5' title="bbox 210 2928 1366 3461">
     <span class='ocr_line' id='line_1_29' title="bbox 211 2928 1361 3018; baseline -0.002 -21"><span class='ocrx_word' id='word_1_255' title='bbox 211 2936 391 3015; x_wconf 80' lang='lat' dir='ltr'><strong>gallinarum</strong></span> <span class='ocrx_word' id='word_1_256' title='bbox 415 2938 582 2996; x_wconf 64' lang='lat' dir='ltr'><strong>coelestim</strong></span> <span class='ocrx_word' id='word_1_257' title='bbox 600 2928 797 3018; x_wconf 84' lang='lat' dir='ltr'><strong>(conquisita)</strong></span> <span class='ocrx_word' id='word_1_258' title='bbox 817 2940 909 2997; x_wconf 87' lang='lat' dir='ltr'><strong>cocta.</strong></span> <span class='ocrx_word' id='word_1_259' title='bbox 946 2936 1080 2996; x_wconf 84' lang='lat' dir='ltr'><strong>Lucilius</strong></span> <span class='ocrx_word' id='word_1_260' title='bbox 1099 2935 1150 2994; x_wconf 92' lang='lat' dir='ltr'><strong>lib.</strong></span> <span class='ocrx_word' id='word_1_261' title='bbox 1169 2936 1245 2996; x_wconf 87' lang='lat' dir='ltr'><strong>Vlll</strong></span> <span class='ocrx_word' id='word_1_262' title='bbox 1265 2932 1361 3011; x_wconf 77' lang='lat' dir='ltr'><strong>“pise-</strong></span> 
     </span>
     <span class='ocr_line' id='line_1_30' title="bbox 210 3020 1361 3102; baseline -0.001 -17"><span class='ocrx_word' id='word_1_263' title='bbox 210 3028 271 3085; x_wconf 79' lang='lat' dir='ltr'><strong>rici</strong></span> <span class='ocrx_word' id='word_1_264' title='bbox 307 3029 378 3085; x_wconf 89' lang='lat' dir='ltr'><strong>sunt</strong></span> <span class='ocrx_word' id='word_1_265' title='bbox 413 3027 476 3085; x_wconf 88' lang='lat' dir='ltr'><strong>siue</strong></span> <span class='ocrx_word' id='word_1_266' title='bbox 511 3025 585 3084; x_wconf 90' lang='lat' dir='ltr'><strong>adeo</strong></span> <span class='ocrx_word' id='word_1_267' title='bbox 620 3020 778 3100; x_wconf 80' lang='lat' dir='ltr'><strong>tcpclia‘&#39;.&#39;</strong></span> <span class='ocrx_word' id='word_1_268' title='bbox 835 3023 953 3085; x_wconf 86' lang='lat' dir='ltr'><strong>Gizeria</strong></span> <span class='ocrx_word' id='word_1_269' title='bbox 989 3028 1020 3084; x_wconf 92' lang='lat' dir='ltr'><strong>et</strong></span> <span class='ocrx_word' id='word_1_270' title='bbox 1055 3025 1178 3102; x_wconf 87' lang='lat' dir='ltr'><strong>hepatia</strong></span> <span class='ocrx_word' id='word_1_271' title='bbox 1214 3028 1361 3085; x_wconf 88' lang='lat' dir='ltr'><strong>memorat</strong></span> 
     </span>
     <span class='ocr_line' id='line_1_31' title="bbox 211 3114 1360 3192; baseline 0 -19"><span class='ocrx_word' id='word_1_272' title='bbox 211 3114 367 3174; x_wconf 87' lang='lat' dir='ltr'><strong>Habinnas</strong></span> <span class='ocrx_word' id='word_1_273' title='bbox 391 3115 470 3191; x_wconf 88' lang='lat' dir='ltr'><strong>apud</strong></span> <span class='ocrx_word' id='word_1_274' title='bbox 493 3114 611 3175; x_wconf 88' lang='lat' dir='ltr'><strong>Petreu.</strong></span> <span class='ocrx_word' id='word_1_275' title='bbox 630 3132 693 3192; x_wconf 90' lang='lat' dir='ltr'><strong>cap.</strong></span> <span class='ocrx_word' id='word_1_276' title='bbox 714 3116 755 3173; x_wconf 85' lang='grc'><strong>66</strong></span> <span class='ocrx_word' id='word_1_277' title='bbox 780 3134 847 3174; x_wconf 91' lang='lat' dir='ltr'><strong>cum</strong></span> <span class='ocrx_word' id='word_1_278' title='bbox 869 3134 960 3176; x_wconf 88' lang='lat' dir='ltr'><strong>cenae</strong></span> <span class='ocrx_word' id='word_1_279' title='bbox 983 3114 1070 3174; x_wconf 90' lang='lat' dir='ltr'><strong>medo</strong></span> <span class='ocrx_word' id='word_1_280' title='bbox 1094 3114 1215 3174; x_wconf 90' lang='lat' dir='ltr'><strong>habitae</strong></span> <span class='ocrx_word' id='word_1_281' title='bbox 1238 3114 1360 3174; x_wconf 88' lang='lat' dir='ltr'><strong>delicias</strong></span> 
     </span>
     <span class='ocr_line' id='line_1_32' title="bbox 211 3196 1366 3284; baseline 0.001 -23"><span class='ocrx_word' id='word_1_282' title='bbox 211 3205 343 3262; x_wconf 88' lang='lat' dir='ltr'><strong>enarrat:</strong></span> <span class='ocrx_word' id='word_1_283' title='bbox 357 3198 468 3280; x_wconf 70' lang='grc' dir='ltr'><strong><em>ἡπάτια</em></strong></span> <span class='ocrx_word' id='word_1_284' title='bbox 476 3221 688 3282; x_wconf 87' lang='lat' dir='ltr'><strong>saepenumero</strong></span> <span class='ocrx_word' id='word_1_285' title='bbox 697 3207 803 3280; x_wconf 89' lang='lat' dir='ltr'><strong>poetae</strong></span> <span class='ocrx_word' id='word_1_286' title='bbox 814 3206 920 3265; x_wconf 89' lang='lat' dir='ltr'><strong>comici</strong></span> <span class='ocrx_word' id='word_1_287' title='bbox 929 3203 1036 3264; x_wconf 78' lang='lat' dir='ltr'><strong>Graeci</strong></span> <span class='ocrx_word' id='word_1_288' title='bbox 1048 3204 1173 3263; x_wconf 91' lang='lat' dir='ltr'><strong>laudaut</strong></span> <span class='ocrx_word' id='word_1_289' title='bbox 1182 3196 1304 3284; x_wconf 82' lang='lat' dir='ltr'><strong>(Athen.</strong></span> <span class='ocrx_word' id='word_1_290' title='bbox 1314 3203 1366 3262; x_wconf 80' lang='lat'><strong>111</strong></span> 
     </span>
     <span class='ocr_line' id='line_1_33' title="bbox 211 3283 1358 3373; baseline 0.002 -23"><span class='ocrx_word' id='word_1_291' title='bbox 211 3311 240 3367; x_wconf 93' lang='lat' dir='ltr'><strong>p.</strong></span> <span class='ocrx_word' id='word_1_292' title='bbox 262 3283 372 3373; x_wconf 68' lang='lat'>1071)</span> <span class='ocrx_word' id='word_1_293' title='bbox 393 3310 469 3368; x_wconf 90' lang='lat' dir='ltr'><strong>quae</strong></span> <span class='ocrx_word' id='word_1_294' title='bbox 487 3291 611 3369; x_wconf 83' lang='lat' dir='ltr'><strong>Apicius</strong></span> <span class='ocrx_word' id='word_1_295' title='bbox 624 3292 668 3351; x_wconf 91' lang='lat' dir='ltr'><strong>IV</strong></span> <span class='ocrx_word' id='word_1_296' title='bbox 685 3296 747 3352; x_wconf 88' lang='lat'><strong>116</strong></span> <span class='ocrx_word' id='word_1_297' title='bbox 767 3294 901 3370; x_wconf 90' lang='lat' dir='ltr'><strong>appellat</strong></span> <span class='ocrx_word' id='word_1_298' title='bbox 919 3293 1070 3354; x_wconf 85' lang='lat' dir='ltr'><strong>iecuscula</strong></span> <span class='ocrx_word' id='word_1_299' title='bbox 1087 3293 1276 3372; x_wconf 81' lang='lat' dir='ltr'><strong>gallinarum,</strong></span> <span class='ocrx_word' id='word_1_300' title='bbox 1297 3295 1358 3353; x_wconf 80' lang='lat'><strong>137</strong></span> 
     </span>
     <span class='ocr_line' id='line_1_34' title="bbox 211 3378 1361 3461; baseline 0.002 -22"><span class='ocrx_word' id='word_1_301' title='bbox 211 3380 362 3440; x_wconf 85' lang='lat' dir='ltr'><strong>iecuscula</strong></span> <span class='ocrx_word' id='word_1_302' title='bbox 375 3381 532 3457; x_wconf 88' lang='lat' dir='ltr'><strong>pullorum.</strong></span> <span class='ocrx_word' id='word_1_303' title='bbox 556 3381 639 3441; x_wconf 92' lang='lat' dir='ltr'><strong>Idem</strong></span> <span class='ocrx_word' id='word_1_304' title='bbox 653 3382 777 3458; x_wconf 83' lang='lat' dir='ltr'><strong>Apicius</strong></span> <span class='ocrx_word' id='word_1_305' title='bbox 791 3382 834 3440; x_wconf 87' lang='lat' dir='ltr'><strong>IV</strong></span> <span class='ocrx_word' id='word_1_306' title='bbox 852 3384 910 3442; x_wconf 85' lang='grc'><strong>141</strong></span> <span class='ocrx_word' id='word_1_307' title='bbox 935 3378 1058 3461; x_wconf 81' lang='lat' dir='ltr'><strong>‘gizeria</strong></span> <span class='ocrx_word' id='word_1_308' title='bbox 1070 3383 1219 3460; x_wconf 90' lang='lat' dir='ltr'><strong>pullorum</strong></span> <span class='ocrx_word' id='word_1_309' title='bbox 1236 3378 1361 3458; x_wconf 89' lang='lat' dir='ltr'><strong>cequis&#39;,</strong></span> 
     </span>
    </p>
   </div>
   <div class='ocr_carea' id='block_1_4' title="bbox 210 3470 1361 4530">
    <p class='ocr_par' dir='ltr' id='par_1_6' title="bbox 210 3470 1361 4530">
     <span class='ocr_line' id='line_1_35' title="bbox 211 3470 1360 3549; baseline 0.003 -20"><span class='ocrx_word' id='word_1_310' title='bbox 211 3471 350 3529; x_wconf 83' lang='lat' dir='ltr'><strong>similiter</strong></span> <span class='ocrx_word' id='word_1_311' title='bbox 371 3472 430 3529; x_wconf 89' lang='lat'><strong>181</strong></span> <span class='ocrx_word' id='word_1_312' title='bbox 452 3471 480 3526; x_wconf 87' lang='lat' dir='ltr'>V</span> <span class='ocrx_word' id='word_1_313' title='bbox 501 3472 573 3531; x_wconf 82' lang='lat'>200.</span> <span class='ocrx_word' id='word_1_314' title='bbox 611 3470 707 3531; x_wconf 83' lang='lat' dir='ltr'><strong>Sicuti</strong></span> <span class='ocrx_word' id='word_1_315' title='bbox 730 3471 809 3549; x_wconf 84' lang='lat' dir='ltr'><strong>apud</strong></span> <span class='ocrx_word' id='word_1_316' title='bbox 827 3472 969 3546; x_wconf 88' lang='lat' dir='ltr'><strong>Nonium,</strong></span> <span class='ocrx_word' id='word_1_317' title='bbox 991 3473 1037 3531; x_wconf 86' lang='lat' dir='ltr'><strong>ita</strong></span> <span class='ocrx_word' id='word_1_318' title='bbox 1060 3491 1094 3530; x_wconf 86' lang='lat' dir='ltr'><strong>ex</strong></span> <span class='ocrx_word' id='word_1_319' title='bbox 1117 3471 1193 3532; x_wconf 90' lang='lat' dir='ltr'><strong>cedd</strong></span> <span class='ocrx_word' id='word_1_320' title='bbox 1211 3475 1242 3532; x_wconf 89' lang='lat' dir='ltr'><strong>et</strong></span> <span class='ocrx_word' id='word_1_321' title='bbox 1262 3472 1360 3549; x_wconf 78' lang='lat' dir='ltr'><strong>Apicii</strong></span> 
     </span>
     <span class='ocr_line' id='line_1_36' title="bbox 211 3552 1358 3639; baseline 0.003 -21"><span class='ocrx_word' id='word_1_322' title='bbox 211 3562 242 3618; x_wconf 93' lang='lat' dir='ltr'><strong>et</strong></span> <span class='ocrx_word' id='word_1_323' title='bbox 264 3558 351 3619; x_wconf 88' lang='lat' dir='ltr'><strong>Pauli</strong></span> <span class='ocrx_word' id='word_1_324' title='bbox 380 3552 430 3639; x_wconf 85' lang='lat' dir='ltr'><strong>(ex</strong></span> <span class='ocrx_word' id='word_1_325' title='bbox 457 3559 546 3619; x_wconf 82' lang='lat' dir='ltr'><strong>Festo</strong></span> <span class='ocrx_word' id='word_1_326' title='bbox 569 3580 598 3637; x_wconf 89' lang='lat' dir='ltr'><strong>p.</strong></span> <span class='ocrx_word' id='word_1_327' title='bbox 619 3562 660 3619; x_wconf 81' lang='lat'><strong>95</strong></span> <span class='ocrx_word' id='word_1_328' title='bbox 690 3556 811 3639; x_wconf 78' lang='lat' dir='ltr'><strong>‘gizeria</strong></span> <span class='ocrx_word' id='word_1_329' title='bbox 838 3579 873 3619; x_wconf 83' lang='lat' dir='ltr'><strong>ex</strong></span> <span class='ocrx_word' id='word_1_330' title='bbox 901 3561 1004 3621; x_wconf 88' lang='lat' dir='ltr'><strong>multis</strong></span> <span class='ocrx_word' id='word_1_331' title='bbox 1033 3560 1164 3622; x_wconf 87' lang='lat' dir='ltr'><strong>obsoniis</strong></span> <span class='ocrx_word' id='word_1_332' title='bbox 1192 3556 1358 3637; x_wconf 88' lang='lat' dir='ltr'><strong>decerpta&#39;)</strong></span> 
     </span>
     <span class='ocr_line' id='line_1_37' title="bbox 211 3640 1359 3731; baseline 0.003 -25"><span class='ocrx_word' id='word_1_333' title='bbox 211 3653 242 3708; x_wconf 85' lang='lat' dir='ltr'><strong>et</strong></span> <span class='ocrx_word' id='word_1_334' title='bbox 265 3648 483 3709; x_wconf 80' lang='lat' dir='ltr'><strong>Glossariorum</strong></span> <span class='ocrx_word' id='word_1_335' title='bbox 508 3640 597 3730; x_wconf 77' lang='lat' dir='ltr'><strong>(OGL</strong></span> <span class='ocrx_word' id='word_1_336' title='bbox 616 3649 647 3708; x_wconf 95' lang='grc' dir='ltr'><strong><em>Π</em></strong></span> <span class='ocrx_word' id='word_1_337' title='bbox 665 3669 694 3726; x_wconf 92' lang='lat' dir='ltr'><strong>p.</strong></span> <span class='ocrx_word' id='word_1_338' title='bbox 715 3651 766 3722; x_wconf 87' lang='lat'><strong>33,</strong></span> <span class='ocrx_word' id='word_1_339' title='bbox 786 3651 827 3709; x_wconf 78' lang='lat'><strong>62</strong></span> <span class='ocrx_word' id='word_1_340' title='bbox 851 3650 898 3709; x_wconf 89' lang='lat' dir='ltr'><strong>III</strong></span> <span class='ocrx_word' id='word_1_341' title='bbox 918 3650 992 3725; x_wconf 83' lang='grc'><strong>488,</strong></span> <span class='ocrx_word' id='word_1_342' title='bbox 1014 3653 1050 3708; x_wconf 95' lang='grc'><strong>11</strong></span> <span class='ocrx_word' id='word_1_343' title='bbox 1078 3649 1105 3706; x_wconf 89' lang='lat' dir='ltr'>V</span> <span class='ocrx_word' id='word_1_344' title='bbox 1126 3651 1200 3724; x_wconf 76' lang='grc'>642,</span> <span class='ocrx_word' id='word_1_345' title='bbox 1220 3641 1276 3731; x_wconf 80' lang='grc'><strong>23)</strong></span> <span class='ocrx_word' id='word_1_346' title='bbox 1303 3650 1359 3709; x_wconf 78' lang='lat' dir='ltr'><strong>dif-</strong></span> 
     </span>
     <span class='ocr_line' id='line_1_38' title="bbox 211 3737 1359 3814; baseline 0.002 -17"><span class='ocrx_word' id='word_1_347' title='bbox 211 3738 289 3799; x_wconf 89' lang='lat' dir='ltr'><strong>ficile</strong></span> <span class='ocrx_word' id='word_1_348' title='bbox 312 3741 358 3798; x_wconf 86' lang='lat' dir='ltr'><strong>est</strong></span> <span class='ocrx_word' id='word_1_349' title='bbox 380 3741 513 3798; x_wconf 88' lang='lat' dir='ltr'><strong>statuere</strong></span> <span class='ocrx_word' id='word_1_350' title='bbox 536 3741 638 3797; x_wconf 65' lang='lat' dir='ltr'><strong>uuum</strong></span> <span class='ocrx_word' id='word_1_351' title='bbox 658 3740 770 3813; x_wconf 69' lang='lat' dir='ltr'><strong>gizeria</strong></span> <span class='ocrx_word' id='word_1_352' title='bbox 792 3757 832 3798; x_wconf 90' lang='lat' dir='ltr'><strong>an</strong></span> <span class='ocrx_word' id='word_1_353' title='bbox 852 3741 966 3814; x_wconf 70' lang='lat' dir='ltr'><strong>piperis</strong></span> <span class='ocrx_word' id='word_1_354' title='bbox 989 3740 1029 3799; x_wconf 91' lang='lat' dir='ltr'><strong>sit</strong></span> <span class='ocrx_word' id='word_1_355' title='bbox 1052 3737 1253 3799; x_wconf 83' lang='lat' dir='ltr'><strong>scribendum:</strong></span> <span class='ocrx_word' id='word_1_356' title='bbox 1279 3757 1359 3799; x_wconf 89' lang='lat' dir='ltr'><strong>acce·</strong></span> 
     </span>
     <span class='ocr_line' id='line_1_39' title="bbox 211 3827 1360 3906; baseline 0 -19"><span class='ocrx_word' id='word_1_357' title='bbox 211 3827 257 3887; x_wconf 90' lang='lat' dir='ltr'><strong>dit</strong></span> <span class='ocrx_word' id='word_1_358' title='bbox 284 3828 363 3905; x_wconf 89' lang='lat' dir='ltr'><strong>qued</strong></span> <span class='ocrx_word' id='word_1_359' title='bbox 388 3846 409 3902; x_wconf 76' lang='lat'><em>9</em></span> <span class='ocrx_word' id='word_1_360' title='bbox 432 3832 462 3887; x_wconf 89' lang='lat' dir='ltr'><strong>et</strong></span> <span class='ocrx_word' id='word_1_361' title='bbox 488 3846 505 3888; x_wconf 83' lang='grc' dir='ltr'><strong><em>τ</em></strong></span> <span class='ocrx_word' id='word_1_362' title='bbox 532 3828 651 3887; x_wconf 83' lang='lat' dir='ltr'><strong>litterae</strong></span> <span class='ocrx_word' id='word_1_363' title='bbox 678 3829 711 3885; x_wconf 91' lang='lat' dir='ltr'><strong>in</strong></span> <span class='ocrx_word' id='word_1_364' title='bbox 738 3829 887 3904; x_wconf 82' lang='lat' dir='ltr'><strong>scriptura</strong></span> <span class='ocrx_word' id='word_1_365' title='bbox 914 3828 1154 3906; x_wconf 86' lang='lat' dir='ltr'><strong>Anglesaxenica</strong></span> <span class='ocrx_word' id='word_1_366' title='bbox 1186 3846 1276 3904; x_wconf 86' lang='lat' dir='ltr'><strong>quam</strong></span> <span class='ocrx_word' id='word_1_367' title='bbox 1309 3845 1360 3887; x_wconf 92' lang='lat' dir='ltr'><strong>ue·</strong></span> 
     </span>
     <span class='ocr_line' id='line_1_40' title="bbox 211 3909 1359 3998; baseline -0.002 -21"><span class='ocrx_word' id='word_1_368' title='bbox 211 3921 281 3977; x_wconf 89' lang='lat' dir='ltr'><strong>cant</strong></span> <span class='ocrx_word' id='word_1_369' title='bbox 303 3917 472 3977; x_wconf 87' lang='lat' dir='ltr'><strong>simillimae</strong></span> <span class='ocrx_word' id='word_1_370' title='bbox 497 3917 592 3976; x_wconf 88' lang='lat' dir='ltr'><strong>altera</strong></span> <span class='ocrx_word' id='word_1_371' title='bbox 615 3917 739 3977; x_wconf 84' lang='lat' dir='ltr'><strong>alterius</strong></span> <span class='ocrx_word' id='word_1_372' title='bbox 763 3917 844 3976; x_wconf 84' lang='lat' dir='ltr'><strong>fuere</strong></span> <span class='ocrx_word' id='word_1_373' title='bbox 868 3909 1129 3998; x_wconf 80' lang='lat' dir='ltr'><strong>(wattenbachius</strong></span> <span class='ocrx_word' id='word_1_374' title='bbox 1149 3917 1314 3995; x_wconf 88' lang='lat' dir='ltr'><strong>Anleitung</strong></span> <span class='ocrx_word' id='word_1_375' title='bbox 1337 3937 1359 3976; x_wconf 85' lang='lat' dir='ltr'><strong>z.</strong></span> 
     </span>
     <span class='ocr_line' id='line_1_41' title="bbox 210 3999 1359 4087; baseline -0.001 -22"><span class='ocrx_word' id='word_1_376' title='bbox 210 4006 263 4066; x_wconf 89' lang='lat' dir='ltr'><strong>lat.</strong></span> <span class='ocrx_word' id='word_1_377' title='bbox 283 3999 451 4085; x_wconf 86' lang='lat' dir='ltr'><strong>Palaeogr.⁴</strong></span> <span class='ocrx_word' id='word_1_378' title='bbox 469 4006 567 4084; x_wconf 85' lang='lat' dir='ltr'><strong>Leipz.</strong></span> <span class='ocrx_word' id='word_1_379' title='bbox 589 4008 672 4066; x_wconf 89' lang='grc'><strong>1886</strong></span> <span class='ocrx_word' id='word_1_380' title='bbox 692 4026 720 4082; x_wconf 92' lang='lat' dir='ltr'><strong>p.</strong></span> <span class='ocrx_word' id='word_1_381' title='bbox 741 4000 808 4087; x_wconf 80' lang='lat'>50).</span> <span class='ocrx_word' id='word_1_382' title='bbox 859 4007 972 4067; x_wconf 88' lang='lat' dir='ltr'><strong>Tamen</strong></span> <span class='ocrx_word' id='word_1_383' title='bbox 999 4009 1079 4066; x_wconf 88' lang='lat' dir='ltr'><strong>recte</strong></span> <span class='ocrx_word' id='word_1_384' title='bbox 1114 4006 1240 4066; x_wconf 89' lang='lat' dir='ltr'><strong>adnotat</strong></span> <span class='ocrx_word' id='word_1_385' title='bbox 1266 4006 1359 4066; x_wconf 87' lang='lat' dir='ltr'><strong>Lach-</strong></span> 
     </span>
     <span class='ocr_line' id='line_1_42' title="bbox 211 4091 1361 4174; baseline 0.001 -20"><span class='ocrx_word' id='word_1_386' title='bbox 211 4114 350 4157; x_wconf 87' lang='lat' dir='ltr'><strong>maunus:</strong></span> <span class='ocrx_word' id='word_1_387' title='bbox 379 4091 508 4155; x_wconf 80' lang='lat' dir='ltr'><strong>‘Gizeria</strong></span> <span class='ocrx_word' id='word_1_388' title='bbox 530 4099 636 4156; x_wconf 92' lang='lat' dir='ltr'><strong>neutro</strong></span> <span class='ocrx_word' id='word_1_389' title='bbox 659 4115 765 4174; x_wconf 89' lang='lat' dir='ltr'><strong>genere</strong></span> <span class='ocrx_word' id='word_1_390' title='bbox 791 4096 943 4156; x_wconf 89' lang='lat' dir='ltr'><strong>dicuutur:</strong></span> <span class='ocrx_word' id='word_1_391' title='bbox 970 4095 1049 4155; x_wconf 88' lang='lat' dir='ltr'><strong>male</strong></span> <span class='ocrx_word' id='word_1_392' title='bbox 1073 4094 1207 4174; x_wconf 85' lang='lat' dir='ltr'><strong>Scaliger</strong></span> <span class='ocrx_word' id='word_1_393' title='bbox 1231 4098 1361 4170; x_wconf 67' lang='lat' dir='ltr'><strong>pipericc</strong></span> 
     </span>
     <span class='ocr_line' id='line_1_43' title="bbox 210 4179 1359 4265; baseline 0 -22"><span class='ocrx_word' id='word_1_394' title='bbox 210 4189 286 4243; x_wconf 80' lang='lat' dir='ltr'><strong>seul.</strong></span> <span class='ocrx_word' id='word_1_395' title='bbox 342 4183 455 4243; x_wconf 84' lang='lat' dir='ltr'><strong>Gallice</strong></span> <span class='ocrx_word' id='word_1_396' title='bbox 487 4183 597 4243; x_wconf 92' lang='lat' dir='ltr'><strong>dicitur</strong></span> <span class='ocrx_word' id='word_1_397' title='bbox 625 4184 721 4260; x_wconf 66' lang='lat' dir='ltr'><strong>pesse·</strong></span> <span class='ocrx_word' id='word_1_398' title='bbox 752 4179 839 4265; x_wconf 83' lang='lat' dir='ltr'><strong>[ceni</strong></span> <span class='ocrx_word' id='word_1_399' title='bbox 869 4184 1035 4245; x_wconf 84' lang='lat' dir='ltr'><strong>Greeberus</strong></span> <span class='ocrx_word' id='word_1_400' title='bbox 1073 4185 1183 4244; x_wconf 88' lang='lat' dir='ltr'><strong>archiu.</strong></span> <span class='ocrx_word' id='word_1_401' title='bbox 1221 4185 1359 4262; x_wconf 83' lang='lat' dir='ltr'><strong>lexieegr.</strong></span> 
     </span>
     <span class='ocr_line' id='line_1_44' title="bbox 210 4268 1360 4353; baseline 0 -22"><span class='ocrx_word' id='word_1_402' title='bbox 210 4272 277 4332; x_wconf 90' lang='lat' dir='ltr'><strong>Lat.</strong></span> <span class='ocrx_word' id='word_1_403' title='bbox 295 4273 327 4332; x_wconf 93' lang='grc' dir='ltr'>Π</span> <span class='ocrx_word' id='word_1_404' title='bbox 347 4274 431 4332; x_wconf 81' lang='grc'><strong>1885</strong></span> <span class='ocrx_word' id='word_1_405' title='bbox 451 4293 479 4349; x_wconf 95' lang='lat' dir='ltr'><strong>p.</strong></span> <span class='ocrx_word' id='word_1_406' title='bbox 496 4274 559 4332; x_wconf 87' lang='grc'><strong>438</strong></span> <span class='ocrx_word' id='word_1_407' title='bbox 578 4272 771 4351; x_wconf 84' lang='lat' dir='ltr'><strong>Keertingius</strong></span> <span class='ocrx_word' id='word_1_408' title='bbox 789 4274 856 4333; x_wconf 89' lang='lat' dir='ltr'><strong>Lat.</strong></span> <span class='ocrx_word' id='word_1_409' title='bbox 875 4293 987 4335; x_wconf 88' lang='lat' dir='ltr'><strong>roman.</strong></span> <span class='ocrx_word' id='word_1_410' title='bbox 1003 4273 1150 4334; x_wconf 83' lang='lat' dir='ltr'><strong>Wdrterb.</strong></span> <span class='ocrx_word' id='word_1_411' title='bbox 1165 4291 1187 4333; x_wconf 89' lang='lat' dir='ltr'><strong>s.</strong></span> <span class='ocrx_word' id='word_1_412' title='bbox 1202 4268 1255 4353; x_wconf 85' lang='lat' dir='ltr'><strong>u.],</strong></span> <span class='ocrx_word' id='word_1_413' title='bbox 1278 4293 1360 4351; x_wconf 87' lang='lat' dir='ltr'><strong>pers</strong></span> 
     </span>
     <span class='ocr_line' id='line_1_45' title="bbox 211 4361 1361 4441; baseline 0 -20"><span class='ocrx_word' id='word_1_414' title='bbox 211 4362 343 4422; x_wconf 86' lang='lat' dir='ltr'><strong>litteram</strong></span> <span class='ocrx_word' id='word_1_415' title='bbox 366 4362 507 4421; x_wconf 83' lang='lat' dir='ltr'><strong>scribitur</strong></span> <span class='ocrx_word' id='word_1_416' title='bbox 529 4362 610 4439; x_wconf 91' lang='lat' dir='ltr'><strong>apud</strong></span> <span class='ocrx_word' id='word_1_417' title='bbox 628 4361 801 4422; x_wconf 86' lang='lat' dir='ltr'><strong>Petronium</strong></span> <span class='ocrx_word' id='word_1_418' title='bbox 819 4364 941 4423; x_wconf 83' lang='lat' dir='ltr'><strong>Festum</strong></span> <span class='ocrx_word' id='word_1_419' title='bbox 960 4365 1108 4441; x_wconf 86' lang='lat' dir='ltr'><strong>Apicium,</strong></span> <span class='ocrx_word' id='word_1_420' title='bbox 1131 4383 1222 4440; x_wconf 90' lang='lat' dir='ltr'><strong>quare</strong></span> <span class='ocrx_word' id='word_1_421' title='bbox 1244 4363 1361 4423; x_wconf 85' lang='lat' dir='ltr'><strong>fallitur</strong></span> 
     </span>
     <span class='ocr_line' id='line_1_46' title="bbox 212 4448 1359 4530; baseline 0.001 -20"><span class='ocrx_word' id='word_1_422' title='bbox 212 4450 245 4510; x_wconf 92' lang='grc' dir='ltr'><strong>Ο.</strong></span> <span class='ocrx_word' id='word_1_423' title='bbox 261 4451 430 4525; x_wconf 79' lang='lat' dir='ltr'><strong>Muellerus,</strong></span> <span class='ocrx_word' id='word_1_424' title='bbox 455 4452 505 4527; x_wconf 93' lang='lat' dir='ltr'><strong>qui</strong></span> <span class='ocrx_word' id='word_1_425' title='bbox 525 4453 642 4510; x_wconf 90' lang='lat' dir='ltr'><strong>mauult</strong></span> <span class='ocrx_word' id='word_1_426' title='bbox 660 4470 726 4510; x_wconf 90' lang='lat' dir='ltr'><strong>cum</strong></span> <span class='ocrx_word' id='word_1_427' title='bbox 750 4452 968 4530; x_wconf 84' lang='lat' dir='ltr'><strong>lexicographis</strong></span> <span class='ocrx_word' id='word_1_428' title='bbox 992 4454 1083 4513; x_wconf 82' lang='lat' dir='ltr'><strong>scribi</strong></span> <span class='ocrx_word' id='word_1_429' title='bbox 1099 4448 1232 4527; x_wconf 75' lang='lat' dir='ltr'><strong>piperie’</strong></span> <span class='ocrx_word' id='word_1_430' title='bbox 1266 4450 1359 4522; x_wconf 88' lang='lat' dir='ltr'><strong>Quem</strong></span> 
     </span>
    </p>
   </div>
   <div class='ocr_carea' id='block_1_5' title="bbox 0 0 1534 5010">
    <p class='ocr_par' dir='ltr' id='par_1_7' title="bbox 0 0 1534 5010">
     <span class='ocr_line' id='line_1_47' title="bbox 0 0 1534 5010; baseline 0 0"><span class='ocrx_word' id='word_1_431' title='bbox 0 0 1534 5010; x_wconf 95' lang='lat' dir='ltr'><strong> </strong></span> 
     </span>
    </p>
   </div>
  </div>
 </body>
</html>
