3000 5002
501 345 598 401 ineos
617 346 674 401 eeu.
693 364 721 400 u.
743 351 926 401 issi-isse.
1226 344 1292 410 395

143 516 210 576 ideo
238 516 313 576 seles
341 516 499 576 masculini
527 517 643 593 generis
673 518 719 576 est
746 519 780 575 ut
809 515 891 592 apud
919 514 1067 575 Lucilium
1095 510 1168 576 “ore
1199 515 1292 575 selem

144 609 273 679 expiauit
296 600 476 666 amorum''.’
524 606 720 682 Sumpserunt
742 608 867 682 uterque
891 607 1019 682 scriptor
1040 604 1116 665 illud
1143 606 1291 683 irsgmeu·

143 699 208 755 tum
231 714 266 755 ex
289 695 366 755 libro
388 694 441 754 ubi
463 698 636 772 corruptum
659 698 721 755 iem
744 697 874 770 explosit
900 694 1055 772 legebatur
1082 695 1218 754 uerbum:
1246 713 1291 754 ex·

138 789 256 860 pirouit
271 784 424 860 columne,
439 788 590 860 exputruit
602 785 811 859 Bsebrsnsius,
825 785 982 845 Lucretius
995 785 1027 844 Π
1042 786 1105 844 354
1126 780 1292 863 ‘ssnguunis

144 877 282 952 expirans
314 873 444 933 celidum
477 874 513 934 de
545 878 663 951 pectore
695 871 826 935 flumen'.
877 874 977 934 Vertit
1008 873 1142 934 Lucilius
1172 873 1291 933 Homer.

144 963 249 1042 odyss.
269 985 282 1023 ε
302 966 366 1024 322
390 961 533 1042 στόματος
556 956 584 1023 δ’
610 961 765 1036 ἐξέπτυσεν
786 963 885 1041 ἅλμην
908 961 1027 1043 πικρήν.

235 1046 342 1114 1246.
366 1053 477 1112 Paulus
502 1072 536 1113 ex
560 1054 647 1114 Festo
670 1075 699 1131 p.
721 1057 771 1130 70,
792 1055 810 1113 3
836 1049 1004 1130 ‘Depuuere
1023 1044 1191 1135 (Depsuirc
1212 1055 1293 1113 recte

144 1135 306 1225 Scaliger),
333 1142 462 1202 caedere.
513 1141 646 1203 Lucilius
675 1139 865 1221 “palmisque
892 1143 1039 1204 misellam
1071 1144 1203 1218 depuuiit
1233 1135 1293 1222 (its

144 1232 199 1293 cod
223 1231 319 1292 Guell
348 1235 378 1292 et
401 1232 530 1307 Moneo,
558 1232 612 1292 ulii
638 1224 772 1314 dspusit)
799 1226 882 1306 me”‚
908 1232 940 1292 id
967 1236 1014 1294 est
1039 1232 1211 1292 uerberauit
1237 1252 1291 1291 me.

146 1323 224 1399 quod
247 1325 347 1399 ipsum
370 1341 404 1381 ex
429 1320 542 1381 Grseco
565 1325 611 1382 est
634 1341 692 1400 spo
714 1325 749 1382 tu
771 1316 893 1398 paieiu’.
929 1322 974 1380 De
997 1323 1123 1396 (λιμναία
1146 1321 1292 1382 uocsbulo

144 1413 215 1472 conf
245 1411 393 1472 Solmseui
426 1411 504 1470 stud.
528 1412 566 1471 sd
589 1412 658 1472 bist.
682 1430 823 1472 sonorum
841 1412 860 1470 l.
879 1411 946 1471 Lot.
965 1432 994 1489 p.
1016 1413 1077 1471 166
1111 1413 1163 1488 qui
1194 1412 1294 1486 dcpoit

144 1501 272 1579 scripsit.
326 1501 438 1560 Temen
470 1519 524 1560 uec
555 1502 699 1575 reposera
730 1500 855 1561 uerbum
888 1521 941 1561 nec
972 1503 1093 1575 domuit
1128 1502 1292 1578 perfectum

145 1589 242 1651 edhuc
265 1594 337 1667 epto
360 1591 532 1650 testimonio
554 1590 713 1667 probatum
736 1594 789 1650 est.
827 1589 924 1660 Quare
947 1592 1041 1650 sotius
1064 1591 1121 1650 erit
1139 1591 1294 1664 inpertire

145 1680 231 1739 uerbi
259 1680 398 1759 analogio
426 1681 483 1738 uiti
511 1680 547 1739 (le
575 1680 631 1740 boc
658 1680 823 1757 composito
850 1679 1001 1739 iudicium.
1052 1678 1142 1740 Recte
1174 1680 1294 1753 depoire

145 1771 358 1848 grammaticus
382 1771 430 1828 cui
448 1768 587 1829 debemus
605 1769 714 1829 Nseuii
733 1769 838 1830 comici
858 1761 937 1851 (134
947 1762 988 1851 Β)
1007 1788 1126 1829 uersum
1146 1764 1294 1845 ‘depuuiit

145 1856 215 1938 (cod
233 1855 345 1936 clepsit)
364 1878 411 1919 me
428 1860 568 1919 miserem
586 1859 626 1918 ed
643 1855 756 1919 nscem'
777 1879 865 1935 quem
883 1859 1019 1919 imitatus
1033 1862 1079 1919 est
1093 1877 1159 1918 cum
1175 1859 1292 1918 Terent.

144 1948 263 2009 Phorm.
283 1951 346 2009 327
381 1944 600 2010 ‘deuerberssse
632 1968 727 2026 usque
760 1948 799 2008 ed
831 1944 953 2023 necem',
985 1952 1050 2007 tum
1077 1947 1211 2008 Lucilius
1238 1949 1294 2008 hoc

144 2050 243 2098 uersu.
300 2037 494 2115 Gompsrsuit
525 2040 629 2099 Douse
651 2039 729 2099 Fest.
752 2059 781 2114 p.
803 2040 920 2114 191‚4
954 2033 1122 2115 ‘obpuuist
1156 2037 1294 2097 uerberat

146 2121 347 2207 (scribendum
379 2124 522 2208 cerberei)
550 2147 569 2187 e
595 2128 745 2204 puuieudo
773 2128 805 2187 id
832 2131 878 2188 est
909 2124 1063 2202 feriendo',
1090 2129 1294 2202 pauimentum

146 2217 214 2275 elie.
261 2215 401 2276 Formam
423 2218 556 2290 depositi
577 2237 645 2277 cum
672 2218 726 2278 cod
750 2216 886 2276 Gudisno
914 2220 945 2277 et
967 2218 1137 2277 Moneceusi
1164 2217 1293 2276 serusui.

146 2305 209 2364 Alii
231 2304 411 2382 trisyllabon
434 2307 616 2383 scripserunt
644 2302 823 2383 ‘palmisque
845 2305 993 2366 misellum
1015 2307 1149 2383 Depuuit
1175 2325 1223 2364 me
1249 2305 1294 2365 in·

146 2394 300 2454 finitiuum
321 2394 466 2469 σιμνκινο
489 2397 542 2472 qui
565 2395 750 2455 arbitrantur
772 2398 851 2455 recte
874 2414 937 2456 esse
959 2395 1105 2455 traditum
1123 2396 1142 2454 l.
1162 2414 1184 2454 s.
1204 2413 1226 2454 s.
1246 2414 1299 2471 sp.

147 2483 281 2544 Paulum.
328 2483 441 2543 Temen
467 2486 645 2561 pronomine
671 2503 716 2543 me
739 2488 765 2543 tc
787 2501 818 2543 ss
845 2503 933 2561 saepe
960 2486 992 2543 iu
1021 2486 1102 2544 exitu
1129 2485 1294 2543 hexametri

146 2573 248 2651 posuit
274 2576 371 2650 pocta.
422 2573 528 2650 Itsque
557 2573 712 2651 depuuire‚
740 2577 774 2634 ut
801 2574 974 2633 debsttucrc
1003 2574 1083 2651 spud
1112 2573 1295 2648 Petronium,

146 2662 339 2723 deuerberere
368 2662 447 2738 apud
475 2663 654 2723 Terentium.
701 2663 842 2732 Queritur
868 2664 971 2741 puelle
998 2663 1137 2724 similitor
1164 2664 1295 2722 uesicis

147 2756 238 2830 etque
265 2749 444 2831 ῥαπιζομένη
468 2752 623 2813 Menandri
649 2757 679 2812 ct
705 2754 760 2812 ille
778 2753 830 2811 ΑΡ
849 2754 877 2811 V
898 2754 961 2812 288
981 2744 1023 2811 Ἦ
1040 2761 1132 2832 γραῦς
1155 2747 1174 2829 ἡ
1198 2750 1294 2830 τρικό-

147 2862 257 2920 ρανος,
285 2836 304 2918 ἡ
328 2836 486 2919 ἡμετέρους
509 2840 559 2902 διὰ
587 2840 720 2920 μόχθους
750 2841 855 2920 μοίρης
885 2839 1032 2920 ἀμβολίην
1059 2840 1183 2901 τταλλοίκι
1211 2840 1293 2913 δεξα-

147 2928 222 3008 μένη
244 2926 349 3010 ἄγριον
372 2921 443 3011 ἦτορ
466 2929 522 3010 ἔχει
545 2928 595 2991 καί
617 2929 752 3012 θέλγεται
775 2921 840 2992 οὔτ’
864 2928 912 2991 erl
934 2935 1031 3013 χρυσῷ
1053 2927 1119 2990 οὔτε
1147 2926 1294 3013 ζωροτέρῳ

148 3020 257 3098 μείζονι
290 3019 441 3104 κισσυβίῳ.
487 3019 542 3098 τὴν
574 3020 688 3102 κούρην
721 3013 749 3080 δ’
783 3018 841 3081 αιέλ
867 3018 1076 3101 περιδέρκεται·
1103 3018 1131 3080 εί
1151 3015 1195 3087 Ιίλέ
1227 3011 1293 3078 κατ’

148 3107 243 3187 αὐτὴν
274 3106 395 3193 ἀθρήσῃ
427 3109 567 3188 κρυφίοις
601 3107 710 3188 ὄμμασι
746 3107 933 3190 ῥεμβομένην
967 3102 987 3169 ἃ
1024 3106 1097 3189 μέγα
1132 3106 1296 3186 τολμήισσα

148 3199 328 3278 ῥαπίσμασιν
350 3195 428 3277 ἀμφί
450 3199 593 3280 ιτρόσοιττα
616 3197 737 3276 πλήσσει
755 3199 811 3278 τὴν
833 3195 951 3277 ἁπαλὴν
969 3197 1068 3279 οίκτρὰ
1086 3194 1295 3277 κινυρομένην.

240 3280 346 3349 1246.
370 3289 476 3350 Festus
498 3311 527 3367 p.
547 3291 620 3364 301,
642 3293 683 3349 10
707 3285 809 3349 ‘Solox
827 3290 906 3362 lens,
929 3308 1038 3364 cresso,
1061 3292 1091 3348 et
1108 3306 1197 3365 pecus
1217 3287 1295 3364 quod
1387 3294 1390 3302 '

148 3381 260 3455 passim
283 3379 417 3456 pasoitur
439 3397 498 3438 nou
519 3381 639 3438 tectum.
660 3424 710 3437 ...
730 3381 761 3439 et
777 3378 911 3439 Lucilius
931 3374 1063 3453 “postcli
1082 3425 1088 3436 .
1104 3424 1132 3436 ..
1152 3369 1295 3438 soloce''.'

149 3468 259 3528 Paulus
282 3487 312 3543 p.
332 3469 406 3542 300,
425 3470 444 3526 3
470 3463 572 3527 ‘Solox
594 3468 666 3528 lone
688 3487 796 3543 cresse,
820 3469 868 3527 uel
890 3487 980 3544 pecus
1002 3469 1073 3527 leue
1097 3486 1157 3527 nou
1183 3469 1296 3526 motum

149 3604 155 3615 .
180 3584 187 3614 .“
212 3604 218 3615 ,
242 3556 283 3615 Et
314 3556 446 3616 Lucilius
479 3551 612 3630 “possou
640 3605 646 3617 .
671 3604 677 3616 .
702 3605 708 3616 .
735 3559 814 3618 λίνου
846 3560 936 3634 etque
964 3551 1106 3617 soloce'’.’
1154 3556 1179 3615 ll
1206 3556 1295 3616 Festo

150 3639 192 3727 (p.
213 3647 287 3720 242,
307 3640 363 3726 29)
387 3665 468 3707 nunc
489 3647 629 3707 mutilato
653 3648 725 3707 olim
743 3647 854 3709 Paulus
876 3668 905 3724 p.
926 3649 999 3723 243,
1019 3648 1038 3706 5
1063 3643 1207 3706 ‘Psstoles
1225 3664 1296 3705 oues

150 3734 224 3794 (isto
247 3738 348 3811 posuit
370 3756 424 3811 pro
452 3732 619 3813 pescuoles'
644 3729 734 3816 (Cato
753 3757 782 3812 p.
802 3738 854 3809 66,
875 3729 1006 3819 Ilorci).
1051 3736 1141 3795 Recte
1163 3735 1296 3808 pascalis

149 3823 277 3883 editores
301 3823 411 3884 Lucilii
433 3827 464 3884 et
487 3823 622 3900 Getonis3
645 3846 665 3884 u
689 3826 799 3885 extrito.
820 3825 909 3885 utin
933 3825 1057 3885 carriotis
1081 3818 1296 3906 (petrones,

151 3912 310 3973 Febrsrius
329 3905 478 3995 (Append.
493 3914 584 3974 Probi
597 3915 628 3973 in
644 3915 722 3974 erch.
736 3916 820 3975 lexic.
835 3915 901 3974 Lat.
915 3915 958 3974 XI
975 3917 1060 3975 1900
1073 3934 1102 3990 p.
1118 3916 1192 3987 329,
1207 3913 1270 3972 208
1288 3956 1296 3986 ,

150 4005 287 4076 quattuor
313 4021 361 4078 ep.
389 4002 521 4061 Ennium
552 3995 665 4082 (onnel.
684 4003 699 4062 l
719 4005 760 4063 93
773 3996 813 4084 V)
846 4002 1027 4079 disyllabon,
1059 4004 1222 4074 μνοίααλὶικ
1248 4020 1296 4077 sp.

152 4090 310 4149 Afranium
335 4092 435 4152 237ss
458 4092 636 4169 trisyllabon
659 4093 845 4168 comparauit
867 4091 900 4151 L.
914 4092 1089 4152 Muellerus:
1116 4091 1187 4151 conf
1206 4089 1297 4149 Lind-

151 4182 217 4256 ssyi
245 4179 280 4239 de
304 4181 322 4238 l.
346 4180 412 4239 Lot.
436 4199 499 4258 cep.
519 4181 550 4241 Π
572 4180 592 4257 5
612 4183 654 4242 54
683 4179 912 4241 Schuchbsrdtii
939 4182 975 4241 de
1002 4181 1164 4240 uocslismo
1187 4180 1206 4239 l.
1229 4178 1296 4239 Lot

151 4270 232 4347 uulg.
250 4269 281 4329 H
299 4290 327 4346 p.
348 4271 411 4329 467
423 4289 504 4347 seqq.
535 4272 595 4350 Agr
618 4271 654 4330 de
673 4269 779 4331 ouibus
798 4273 932 4347 apparet,
956 4289 1082 4347 querum
1100 4287 1209 4347 genere
1227 4271 1298 4328 sunt

151 4358 223 4418 duo:
254 4359 389 4435 pessulos
416 4363 562 4420 uocsntur
589 4380 665 4437 quse
692 4363 790 4419 tectsc
816 4378 876 4418 nou
903 4363 974 4420 sunt
1000 4357 1140 4432 subulis,
1169 4359 1297 4419 ultorum

152 4466 244 4525 genus
267 4448 436 4511 uilletioum
459 4452 505 4509 est
527 4449 628 4509 ouium
651 4454 797 4511 lectarum.
830 4448 913 4509 Festi
935 4449 1028 4511 uerbs
1049 4447 1127 4512 mole
1149 4448 1299 4512 intellexit
