3060 5010
577 332 667 388 xxvl
684 351 713 392 u.
732 339 882 389 ese-esa.
1240 335 1304 400 241

157 505 257 563 rantes
290 503 420 563 clament
453 499 612 564 ‘mordicus
644 507 745 581 petere
777 524 883 564 aurum
911 524 927 564 e
954 504 1075 565 flamma
1107 506 1258 583 expediat,
1290 525 1306 565 e

157 611 248 652 caeno
281 589 404 653 cibum’:
436 594 508 653 conf
528 595 566 653 66
588 614 616 652 6.
642 595 715 653 669.
770 594 874 654 Vtitur
904 595 1069 671 prouerbiis
1101 595 1205 672 qualia
1237 598 1308 653 sunt

157 682 290 759 Xenoph.
304 683 391 743 Mem.
410 683 426 741 I
446 684 475 759 3,
496 686 537 742 10
560 674 647 755 οὗτος
662 730 668 742 .
685 730 690 743 .
707 680 784 743 ,κᾶν
803 683 845 756 εἰς
863 692 923 762 wop
942 683 1041 745 ἅλοιτο
1057 676 1206 765 (Sympos.
1222 685 1304 760 4,16

158 770 265 831 06666.
287 775 337 848 21,
358 764 392 854 7)
411 771 491 831 Plut.
511 770 606 832 Crass.
626 791 689 850 cap.
711 777 729 832 2
753 773 789 833 de
813 771 913 833 Crassi
935 773 1052 834 diuitiis
1075 771 1110 832 τὰ
1133 770 1165 834 di
1188 776 1306 833 πλεῖστα

156 860 280 941 τούτων,
303 860 330 921 εἰ
352 861 401 922 δεῖ
418 859 488 940 μετὰ
511 861 701 941 βλασφημίας
723 860 816 923 εἰπεῖν
839 860 871 923 τὸ
895 859 1017 941 ἀληθές,
1041 861 1074 924 ἐκ
1096 860 1191 944 πυρὸς
1214 860 1306 940 συνή-

156 972 225 1031 γαγε
244 948 442 1030 καὶπολέμου
462 943 601 1033 (Aristot
620 952 694 1012 rhet
713 953 745 1011 H
763 971 827 1030 cap.
844 954 862 1012 6
882 975 910 1031 p.
927 953 1042 1013 1383b
1059 945 1124 1035 25).
1162 953 1307 1012 Similiter

157 1039 275 1100 Petron.
296 1042 337 1100 43
362 1035 412 1100 ‘ab
436 1059 501 1101 asse
525 1043 620 1101 creuit
640 1044 671 1101 et
688 1045 812 1120 paratus
830 1042 890 1102 fuit
907 1042 1104 1119 quadrantem
1123 1043 1159 1102 de
1178 1044 1307 1103 stercore

158 1130 306 1189 mordicus
329 1126 446 1190 tollere'
461 1131 523 1197 ,ubi
549 1131 618 1190 uide
640 1131 864 1192 Friedlaenderi
891 1132 990 1193 66666.
1010 1131 1069 1192 016.
1089 1131 1192 1192 defin.
1211 1132 1243 1191 Π
1263 1133 1304 1191 55

159 1214 327 1296 ‘pecuniam
347 1253 388 1262 -
408 1239 484 1297 quae
508 1221 629 1297 quidem
651 1223 700 1281 uel
721 1241 789 1281 oum
806 1222 939 1300 periculo
958 1221 1128 1298 quaerenda
1145 1225 1191 1281 est
1208 1217 1305 1282 uobis’

158 1308 194 1368 de
217 1328 277 1386 rep.
296 1309 344 1369 111
364 1311 392 1380 5,
411 1311 430 1369 8
452 1306 566 1389 ‘geram
583 1330 695 1371 morem
714 1311 808 1388 uobis,
831 1315 862 1372 et
879 1331 927 1371 me
945 1312 1076 1372 oblinam
1095 1313 1203 1372 sciens:
1227 1310 1307 1388 quod

158 1401 314 1474 quoniam,
342 1400 394 1477 qui
418 1419 523 1460 aurum
546 1405 707 1478 quaerunt,
735 1421 794 1462 non
816 1404 927 1478 putant
949 1401 1007 1461 sibi
1031 1402 1248 1461 recusandum.
1265 1396 1305 1459 ..'

158 1489 274 1549 Terent.
293 1488 369 1549 Eun.
389 1491 454 1550 490
482 1484 564 1550 ‘nam
592 1492 643 1568 qui
671 1492 741 1551 huic
768 1493 902 1550 animum
924 1491 1077 1552 adsentari
1103 1490 1268 1566 induxeris,
1291 1510 1307 1550 e

158 1578 279 1638 flamma
300 1582 401 1656 petere
424 1582 454 1639 te
477 1580 576 1640 cibum
598 1599 685 1658 posse
709 1576 858 1641 arbitror’.

247 1662 331 1729 660.
359 1670 474 1729 Nonius
497 1690 525 1747 p.
547 1671 620 1746 269,
641 1673 659 1728 7
699 1665 873 1746 ‘conficere
911 1670 1058 1749 colligere.
1084 1717 1089 1728 .
1115 1717 1120 1729 .
1146 1717 1152 1729 .
1175 1669 1307 1730 Lucilius

158 1758 208 1816 lib.
228 1757 327 1816 XXVI
351 1752 433 1818 “non
456 1762 486 1819 te
509 1759 734 1820 multitudinem
757 1763 878 1820 tuorum
902 1779 993 1837 quam
1016 1762 1048 1819 in
1076 1761 1176 1820 album
1200 1760 1308 1819 indidit

158 1867 178 1907 o
201 1849 318 1907 (1666666
342 1851 459 1923 conficis
485 1844 571 1908 ibt'?
618 1849 743 1909 Numeri
769 1851 1017 1910 recte-indentur
1045 1868 1162 1909 currem
1189 1851 1308 1926 praeter

158 1938 278 2010 conficis
301 1937 380 2014 quod
403 1939 435 1996 in
457 1939 555 1998 media
574 1939 690 2016 syllaba
708 1941 787 2000 male
806 1940 925 2000 feritur:
949 1933 1069 1999 tudrum
1088 1939 1257 2016 disyllabon
1275 1939 1307 1998 in

158 2045 261 2087 uersus
306 2027 454 2103 principio
499 2030 631 2105 positum
680 2030 905 2089 commendatur
950 2029 1119 2090 comoediae
1165 2028 1306 2106 exemplis

159 2107 262 2196 (st
280 2116 442 2176 Muellerus
465 2117 501 2177 de
520 2116 618 2176 Plaut.
636 2119 753 2195 prosod.
772 2139 801 2196 p.
821 2111 911 2200 279),
933 2119 1023 2194 quom
1042 2122 1076 2179 in
1094 2119 1212 2179 hiatum
1229 2119 1307 2195 pati-

158 2208 208 2264 tur
230 2206 407 2283 legitimum,
430 2206 556 2283 denique
574 2209 623 2266 uel
642 2210 749 2268 indidit
767 2209 912 2285 producta
930 2209 1039 2268 ultima
1057 2210 1190 2269 excusari
1208 2211 1309 2286 potest

159 2293 239 2371 apud
265 2295 409 2371 palliatae
436 2295 627 2355 imitatorem.
679 2298 791 2356 'lamen
818 2299 967 2358 sententia
995 2298 1153 2357 admodum
1183 2298 1309 2358 obscura

159 2386 213 2443 est
265 2384 424 2458 Oouftcere,
456 2387 491 2444 ut
517 2405 552 2444 ex
580 2386 685 2445 ceteris
713 2388 854 2464 exemplis
887 2390 1026 2464 apparet,
1058 2388 1160 2447 eadem
1192 2390 1309 2447 ratione

158 2472 319 2534 secundum
346 2474 477 2534 Nonium
507 2478 684 2552 usurpatum
716 2478 773 2552 est,
806 2496 867 2552 qua
886 2476 967 2535 0666.
986 2476 1014 2534 b.
1035 2474 1068 2535 G.
1088 2477 1120 2535 H
1139 2477 1207 2551 4,5
1242 2472 1308 2536 ‘hos

158 2580 244 2639 posse
268 2562 410 2623 conficere
433 2566 549 2624 armata
571 2565 657 2623 milia
681 2561 812 2625 centum’
837 2565 936 2625 Plano.
955 2565 987 2624 in
1006 2564 1066 2625 016.
1087 2567 1173 2642 epist.
1191 2566 1219 2624 X
1239 2567 1268 2640 8,
1288 2567 1306 2625 6

160 2648 272 2712 ‘tentas
300 2654 414 2730 copias,
441 2657 569 2730 quantas
592 2654 648 2714 hae
673 2658 776 2733 gentes
797 2701 803 2713 .
823 2702 829 2714 .
850 2702 855 2714 .
877 2653 1018 2715 conficere
1045 2651 1180 2731 possunt'
1211 2646 1308 2737 (cuius

159 2760 229 2801 usus
257 2743 345 2819 plura
372 2744 507 2820 exempla
539 2743 679 2803 adferunt
709 2745 837 2822 interpp.
863 2743 997 2805 Caesaris
1016 2745 1034 2802 l.
1053 2763 1075 2804 6.
1096 2736 1133 2825 6.)
1162 2742 1221 2804 Cic.
1253 2763 1307 2821 pro

158 2830 255 2891 Flaoc.
276 2834 317 2891 20
342 2828 430 2892 ‘duae
453 2835 584 2893 rationes
608 2833 805 2893 conficiendae
826 2829 981 2910 pecuniae'
1002 2825 1082 2914 (Ter.
1102 2834 1219 2893 Phorm.
1241 2827 1307 2915 38).

159 2920 270 2999 Agitur
293 2941 362 3000 ergo
387 2925 440 2981 aut
462 2922 498 2981 de
517 2923 709 2983 multitudine
728 2924 861 2983 ciborum
880 2926 934 2984 aut
951 2922 987 2982 de
1006 2942 1195 2983 nummorum
1213 2923 1308 2999 copia.
1410 2989 1419 3001 g

160 3009 218 3070 Sed
250 3011 427 3071 offendimur
458 3015 505 3072 tot
536 3012 622 3072 rebus
655 3012 857 3092 singularibus
890 3013 920 3071 in
954 3012 1057 3073 eodem
1088 3032 1176 3072 uersu
1208 3031 1308 3073 occur·

159 3100 300 3160 rentibus.
346 3100 466 3161 Etenim
490 3104 567 3162 61666
589 3104 714 3179 conficis,
738 3103 835 3162 itaet
858 3103 975 3163 derlee
998 3102 1138 3179 displicet
1159 3105 1191 3161 in
1210 3102 1308 3162 medio

160 3209 247 3249 uersu
277 3192 377 3268 posita
409 3192 506 3251 forma
536 3192 665 3269 plenior:
702 3192 774 3251 conf
802 3192 1026 3270 Engelbrechtii
1058 3192 1159 3252 studia
1191 3193 1307 3252 Terent.

159 3299 187 3356 p.
208 3280 259 3339 25.
304 3279 513 3342 Lachmannus
536 3283 656 3359 scripsit
680 3276 788 3341 ‘nonne
810 3281 1034 3342 multitudinem
1061 3285 1195 3356 tuorum,
1218 3302 1308 3358 quam

160 3369 191 3428 in
214 3369 315 3430 album
338 3370 448 3430 indidit
469 3371 529 3432 iam
553 3371 666 3447 dextra,
689 3371 825 3432 conficies
847 3367 945 3448 tibi‘7’,
968 3375 1073 3432 contra
1094 3372 1254 3432 Muellerus
1276 3372 1308 3430 in

159 3458 257 3518 Nonio
287 3455 395 3520 ‘nonne
422 3461 647 3520 multitudinem
673 3464 806 3536 tuorum,
839 3481 931 3537 quam
958 3462 990 3521 in
1022 3461 1124 3521 album
1154 3461 1309 3522 indidistei

160 3546 276 3625 661666,
304 3551 417 3610 confeci
443 3546 532 3610 tibi?
566 3551 713 3610 Neutrum
743 3551 899 3630 intellego:
927 3570 1022 3628 neque
1050 3553 1170 3611 omnino
1198 3550 1308 3626 album,

160 3637 295 3716 λεύκωμα
318 3640 394 3698 11166
417 3638 598 3700 Graecorum
622 3642 743 3719 agnosci
765 3660 851 3718 posse
875 3640 1005 3700 arbitror
1023 3640 1074 3700 sed
1093 3640 1308 3700 6166661661-

160 3727 220 3786 nis:
253 3722 296 3786 ‘in
328 3747 360 3788 os
392 3749 492 3789 meum
522 3730 611 3790 hodie
643 3732 708 3790 uini
738 3733 856 3809 guttam
888 3726 995 3789 indidi’
1027 3729 1124 3789 Plant.
1149 3727 1214 3788 066.
1235 3730 1307 3787 247.

160 3815 266 3891 Itaque
290 3819 437 3895 temptaui
461 3814 532 3878 ‘non
555 3821 585 3878 66
608 3819 832 3879 multitudinem
856 3838 956 3879 curem
979 3837 1069 3896 quam
1091 3819 1124 3877 in
1143 3819 1246 3877 aluum
1263 3819 1308 3876 in·

161 3905 233 3981 didi,
255 3906 315 3965 ista
334 3906 439 3967 dextra
456 3909 615 3968 confecisse
633 3904 696 3967 ibi':
721 3905 791 3970 ‘non
810 3927 910 3969 curem
928 3908 1061 3970 ciborum
1081 3910 1111 3966 et
1129 3907 1309 3967 ferculorum

161 3995 277 4071 copiam
306 4015 396 4072 quam
423 3997 455 4056 in
487 4000 541 4057 tua
572 4015 644 4057 cena
676 4000 783 4058 uoraui
814 4001 845 4058 te
876 4000 908 4058 in
940 4017 1032 4058 caeno
1065 3996 1218 4075 collegisse
1249 3999 1309 4058 ista

161 4103 268 4160 spurca
286 4087 340 4145 tua
363 4082 487 4146 dextra’:
511 4087 647 4162 loquitur
668 4089 827 4164 parasitus.

250 4168 334 4236 662.
357 4175 473 4236 Nonius
487 4196 515 4253 p.
527 4177 629 4251 254,6
647 4172 780 4253 ‘Capera
794 4178 935 4254 accipere.
951 4175 1135 4236 ...Lucilius
1149 4175 1200 4234 lib.
1210 4175 1309 4235 XXV]

162 4259 274 4325 “malis
300 4284 414 4326 neeesse
444 4267 538 4326 lutum
557 4313 562 4325 .
584 4313 590 4325 .
611 4313 616 4325 .
630 4283 730 4342 purae
749 4313 754 4325 .
775 4313 781 4325 .
802 4314 808 4325 .
827 4262 971 4326 eibum”.'
1017 4266 1100 4325 Idem
1123 4285 1151 4342 p.
1172 4267 1246 4341 337,
1267 4269 1308 4326 10

162 4347 313 4430 ‘Lautum
333 4356 484 4415 mundum.
507 4355 644 4438 ¹Lucilius
658 4355 709 4415 lib.
724 4355 822 4416 XXVI
838 4351 949 4416 “malis
963 4373 1075 4417 6666666
1089 4359 1130 4416 est
1143 4357 1256 4416 lautum
1266 4403 1273 4416 .
1285 4404 1308 4416 ..

161 4441 304 4504 eibum”.'
350 4446 395 4506 De
418 4448 567 4524 scriptura
593 4465 697 4507 uersus
725 4447 799 4507 satis
827 4450 944 4508 constat
970 4446 1084 4507 duobus
1107 4446 1198 4505 Nonii
1225 4447 1308 4507 teeti·

214 4552 300 4595 Isnotlil
313 4555 412 4597 661166
426 4556 508 4598 idm.
530 4557 560 4597 11.
955 4554 963 4558 ⁶
1061 4551 1094 4600 16
