3060 5010
229 355 291 420 176
669 354 731 409 xlv
750 374 776 409 u.
797 362 946 411 ιιι-ιιι.

228 526 316 600 26,1
343 521 388 584 ‘L
402 526 561 587 Mescinius
586 545 621 584 ea
644 544 758 586 mecum
782 526 998 587 necessitudine
1024 526 1196 588 coniunctus
1220 532 1273 604 est,
1298 529 1376 606 qnod

225 614 300 673 mihi
323 618 464 691 quaestor
486 608 556 674 fuit'
582 617 674 688 10,1
701 610 789 674 ‘Cum
820 615 857 674 ad
881 620 911 675 te
934 620 1004 676 tuus
1029 620 1239 692 quaestor...
1258 618 1376 694 profici-

226 706 366 779 sceretur,
385 750 392 762 .
408 751 436 762 ..
456 707 529 765 satIs
550 751 555 762 .
573 751 578 761 .
595 749 600 763 .
620 704 860 765 commendatum
883 705 940 765 tibi
963 726 1029 765 eum
1058 706 1227 766 arbitrabar
1250 707 1287 766 ab
1311 711 1376 785 ipso

225 813 306 853 more
330 796 485 868 maiorum,
508 797 560 871 qui
581 795 726 853 ...hanc
752 797 932 870 quaesturae
955 796 1194 856 coniunctionem
1217 797 1376 856 liberorum

226 883 436 955 necessitudini
464 885 629 960 proximam
657 883 755 942 uoluit
782 879 870 944 esse':
897 885 966 944 uide
989 886 1112 962 interpr.
1131 886 1169 944 ad
1193 886 1228 945 de
1252 891 1327 947 orat.
1346 887 1376 945 II

227 974 299 1033 200.
328 1004 372 1014 -
398 976 457 1048 suit
479 973 719 1050 monosyllabon,
747 975 782 1031 ut
810 975 903 1046 faisse
925 975 975 1034 lib.
990 975 1077 1033 XVII
1100 995 1127 1033 u.
1144 977 1222 1050 542,
1244 977 1376 1036 molestati

226 1062 417 1140 trisyllabon:
446 1062 515 1121 uide
539 1063 577 1121 ad
599 1063 650 1121 lib.
665 1062 696 1121 II
715 1083 742 1124 u.
759 1064 809 1124 91.
835 1065 885 1122 92.
915 1096 951 1105 -
981 1066 1141 1138 larissaeae,
1163 1065 1233 1124 inde
1256 1064 1317 1126 Cic.
1340 1066 1376 1124 de

225 1152 275 1215 fin.
295 1151 310 1210 I
329 1153 385 1226 61,
414 1154 539 1212 tenebris
565 1172 601 1211 ex
624 1153 750 1211 Afranio
775 1145 905 1234 (1091t)
929 1153 1025 1213 Varro
1053 1156 1085 1212 in
1113 1154 1278 1231 Menippeis
1305 1157 1375 1214 195.

228 1243 300 1304 377.
319 1273 364 1283 -
382 1241 499 1316 nebulo,
522 1241 553 1301 id
576 1260 678 1320 genua,
701 1241 810 1301 nebulo
834 1246 864 1301 et
886 1244 957 1303 tells
981 1244 1083 1319 quales
1107 1248 1196 1303 antea
1219 1244 1376 1321 descripsi:

111 1326 114 1334 ’
225 1333 302 1404 qnod
321 1349 414 1406 ηνκκιι
436 1350 491 1407 pro
514 1333 611 1406 qualis
632 1330 704 1389 XVI
726 1351 754 1390 u.
776 1333 848 1390 534.

315 1412 399 1483 469.
423 1420 592 1481 Macrobius
612 1420 838 1495 Satum.V14,
859 1424 876 1480 2
898 1417 987 1481 ‘Nam
1007 1422 1085 1497 quod
1105 1425 1149 1481 ait
1164 1418 1242 1483 “nee
1256 1423 1376 1483 Teucris

226 1510 329 1570 addita
352 1510 427 1569 Iuno
445 1528 573 1586 usquam
596 1505 716 1569 aberit”
739 1510 771 1568 id
794 1514 839 1569 est
862 1510 960 1570 adfixa
983 1516 1013 1570 et
1033 1531 1087 1588 per
1104 1512 1161 1571 hoc
1180 1513 1298 1586 infesta,
1321 1513 1377 1572 hoc

225 1602 287 1659 iam
319 1598 435 1660 dixerat
462 1599 595 1659 Lucilius
628 1599 659 1657 in
691 1599 767 1659 libro
801 1603 908 1675 quarto
940 1600 1054 1660 decimo
1086 1601 1134 1661 his
1164 1601 1297 1661 uersibus
1327 1598 1377 1660 “si

226 1689 301 1747 mihi
320 1735 370 1747 ...
391 1693 547 1748 ακλεκλαολ
572 1683 694 1756 unus”.’
742 1688 863 1749 Seruius
894 1689 931 1748 ad
955 1690 1103 1750 Aeneidos
1124 1690 1166 1749 VI
1186 1692 1228 1751 90
1253 1686 1377 1750 ‘Addita

226 1773 329 1837 Iuno’z
358 1774 500 1837 ‘inimica
547 1781 592 1838 est
622 1782 721 1838 autem
754 1778 877 1839 uerbum
904 1778 1011 1839 Lucilii
1045 1782 1075 1839 et
1108 1783 1313 1857 antiquorum,
1343 1784 1377 1839 ut

226 1867 351 1927 Plautus
385 1862 528 1928 “additus
566 1867 632 1927 Ioni
668 1864 813 1946 Argus'’.'
870 1867 997 1946 Scripsit
1033 1868 1159 1929 Plautus
1191 1870 1292 1928 Aulul.
1312 1871 1375 1929 556

228 1953 333 2027 ‘Quem
349 1957 498 2033 qnondam
512 1957 578 2016 Ioni
592 1957 667 2016 Iuno
682 1957 833 2017 custodem
849 1955 984 2018 addidIt’.
1022 1959 1112 2018 Recte
1127 1959 1376 2035 Eyssenhardtius

226 2052 384 2106 surmont:
424 2047 481 2106 hoc
523 2067 639 2123 queque
679 2046 856 2106 uocabulum
892 2047 1065 2108 Plautinum
1102 2052 1160 2108 est:
1201 2049 1286 2125 Epid.
1312 2051 1377 2107 320

227 2131 429 2212 ‘Expectando
462 2137 569 2195 credor
601 2138 690 2196 miser
721 2140 811 2212 atque
844 2135 1017 2197 exenteror'.
1074 2139 1119 2197 Ex
1153 2138 1207 2197 cod
1240 2138 1376 2197 ParisIno

226 2227 330 2300 utique
359 2228 398 2285 sil
428 2226 631 2302 recipiendum
663 2230 720 2285 est:
753 2226 841 2285 nihili
873 2231 918 2286 est
949 2230 991 2288 sic
1016 2227 1095 2304 quod
1122 2230 1154 2286 in
1181 2228 1376 2288 deterioribus

227 2317 327 2375 extare
349 2315 469 2374 uidetur
491 2315 583 2374 libris.
627 2314 751 2392 Syllaba
774 2315 948 2393 producitur
970 2319 1000 2375 in
1025 2336 1147 2376 caesura
1169 2319 1377 2377 semiternaria

226 2407 262 2463 ut
279 2404 330 2463 lib.
350 2404 392 2464 IX
411 2425 460 2464 uu.
481 2407 553 2465 330.
574 2407 647 2466 361.
684 2403 824 2465 Grauiter
847 2407 978 2482 suspirat
999 2411 1139 2482 quaestor
1156 2408 1208 2466 ille
1226 2407 1376 2485 lucifugos

226 2493 280 2552 snb
302 2496 428 2571 imperio
451 2497 525 2554 noui
547 2496 693 2572 praetoris
717 2498 769 2571 qui
792 2498 881 2555 uexet
910 2515 963 2572 per
990 2499 1091 2556 noctes
1118 2499 1149 2555 et
1175 2496 1238 2556 dies
1265 2497 1376 2555 miIItes

227 2583 341 2642 desidia
363 2585 473 2644 inertes
496 2585 592 2644 factos
615 2585 832 2662 προσκείμενος.

316 2665 399 2736 471.
422 2674 537 2735 Nonius
565 2695 593 2751 p.
608 2675 687 2749 481,
708 2676 748 2732 22
779 2669 972 2735 ‘Libertatem
1001 2676 1045 2734 uti
1072 2694 1126 2752 pro
1154 2676 1198 2734 uti
1228 2675 1376 2735 libertate.

227 2808 278 2822 ...
297 2761 430 2823 Lucilius
448 2767 618 2840 satyrarum
637 2764 688 2823 lib.
703 2763 792 2822 XIIII
812 2759 924 2840 “quem
944 2810 994 2823 ...
1014 2761 1186 2824 libenter”.’
1226 2764 1376 2825 Praetoris

226 2871 322 2911 mores
345 2853 443 2929 lepide
466 2853 607 2913 describit
630 2856 770 2929 quaestor
793 2854 844 2912 ille
863 2855 1025 2933 lucifugus:
1046 2855 1173 2932 Appian.
1187 2855 1263 2914 Iber.
1279 2856 1320 2914 86
1341 2854 1376 2914 de

227 2940 378 3019 Scipione:
392 2941 470 3002 odra
485 2939 538 3020 μὲν
551 2940 661 3014 αὐτοὺς
675 2939 705 3014 ἐς
719 2942 920 3022 σωφροσύνην
941 2940 1113 3022 μετέβαλλεν
1130 2941 1261 3022 ἀθρόας,
1284 2943 1376 3016 εἴθιζε

227 3027 258 3090 dl
281 3028 331 3090 καλ
354 3027 384 3103 ἐς
407 3030 482 3091 aldio
504 3029 564 3091 καλ
587 3029 718 3110 φόβον,
741 3031 936 3112 δυσπρόσιτος
959 3029 1002 3092 ὢν
1025 3030 1074 3093 καὶ
1097 3032 1239 3112 δυσχερὴς
1267 3031 1296 3106 ἐς
1323 3032 1376 3106 τὰς

226 3119 359 3200 χάριτας,
385 3118 435 3179 καὶ
463 3120 586 3199 μάλιστα
612 3119 664 3192 τὰς
687 3122 886 3202 παρανόμους.
915 3120 992 3202 ἔλεγέ
1015 3144 1044 3182 τε
1067 3122 1207 3195 πολλάκις
1230 3121 1299 3195 τοὺς
1322 3119 1376 3201 μλν

227 3207 392 3289 αὐστηροὺς
423 3208 473 3269 καλ
504 3207 649 3287 ἐννόμους
679 3218 739 3270 τῶν
770 3219 940 3291 στρατηγῶν
975 3216 1037 3284 τοῖς
1068 3211 1203 3289 οἰκείοις,
1238 3211 1308 3283 τοὺς
1344 3209 1376 3271 dl

226 3297 351 3377 εὐχερεῖς
373 3296 423 3358 καλ
446 3297 633 3378 φιλοόώρους
656 3305 717 3372 τοῖς
739 3301 890 3379 πολεμίοις
912 3293 988 3360 εἶναι
1011 3302 1172 3380 χρησίμους
1195 3305 1255 3362 κτλ.

316 3379 400 3450 472.
428 3387 560 3449 Donatus
579 3389 617 3449 ad
631 3389 763 3449 Terentii
781 3390 989 3451 Phormionem
1008 3391 1023 3449 Ι
1043 3394 1072 3464 4,
1093 3394 1109 3450 7
1132 3387 1220 3450 ‘Tum
1234 3393 1377 3468 temporis

226 3477 300 3535 mihi
333 3481 485 3553 punctum.
540 3479 687 3538 Punctum
720 3499 773 3555 pro
806 3484 969 3554 moment03
1000 3484 1035 3538 ut
1067 3481 1200 3541 Lucilius
1227 3483 1260 3540 in
1287 3480 1377 3540 XIIII

227 3558 284 3647 (sla
312 3567 340 3625 V
360 3571 387 3625 et
407 3568 574 3628 deteriores:
600 3569 627 3627 X
650 3570 681 3627 in
704 3568 852 3643 Macota,
880 3590 915 3628 ex
937 3570 984 3628 III
1006 3570 1126 3629 Ricard.
1155 3590 1190 3629 ex
1212 3572 1245 3628 ui
1269 3564 1374 3650 Οεσκ.)

228 3650 363 3731 “puncto
382 3675 441 3715 uno
459 3657 533 3716 bora
554 3663 579 3715 et
602 3660 654 3734 qui
678 3678 795 3737 quoque
819 3652 884 3740 (boc
902 3655 944 3740 V)
967 3655 1124 3722 inuasIt”.’
1168 3659 1263 3719 Horai
1281 3659 1376 3718 Laeli-

226 3764 367 3815 maanus,
395 3746 486 3806 horae
513 3747 729 3807 Bostrenum:
755 3749 828 3808 Her.
847 3751 933 3826 epist.
952 3750 983 3808 11
1003 3753 1031 3824 2,
1053 3751 1114 3808 172
1148 3744 1313 3826 ‘tamquam
1337 3751 1378 3808 sit

227 3837 381 3913 proprium
418 3835 561 3913 quiddam
597 3840 707 3913 puncto
744 3839 824 3914 quod
863 3838 981 3899 mobilis
1020 3838 1110 3898 horae
1227 3842 1377 3916 permutet

227 3921 383 3985 dominos'.
421 3926 567 3986 Punctum
586 3930 632 3986 est
650 3927 755 4006 στιγμή
775 3921 861 4008 (conf
872 3929 1045 4005 Tenneryus
1060 3929 1131 3987 lter.
1146 3923 1273 3988 archiol.
1291 3929 1375 3987 1895

226 4034 255 4090 p.
272 4008 361 4096 362),
379 4018 534 4091 tamqnam
552 4034 622 4093 pars
641 4017 744 4075 horae:
768 4016 827 4075 Cic.
846 4037 900 4093 pro
921 4017 993 4078 Sest.
1010 4019 1051 4077 53
1073 4013 1175 4076 ‘immo
1194 4018 1269 4078 hora
1287 4020 1377 4093 atque

227 4104 319 4162 otiam
352 4108 462 4181 puncto
498 4107 640 4182 temporis
679 4102 803 4165 eodem’.
858 4105 963 4166 Graeci
996 4106 1099 4166 dicunt
1130 4104 1236 4187 στιγμὴ
1268 4105 1376 4186 χρόνον

228 4187 404 4272 (Menander
423 4192 500 4252 OAP
518 4195 564 4252 ΙΠ
582 4215 610 4271 p.
628 4196 701 4270 261,
722 4197 805 4255 1067
822 4195 974 4272 Wyttenb.
994 4196 1032 4254 ad
1051 4196 1128 4255 Plut.
1148 4215 1221 4255 mor.
1240 4217 1269 4273 p.
1286 4196 1376 4270 13A3

139 4272 148 4287 ’
227 4301 255 4356 p.
274 4285 334 4341 104
347 4283 385 4342 B:
408 4280 515 4363 ἀκαρὲς
539 4283 616 4362 ὥρας
639 4284 744 4362 μόριον
766 4281 940 4363 ἀκμάσασαν
967 4306 995 4361 p.
1013 4277 1156 4366 109811)
1202 4286 1313 4363 Agitur
1339 4285 1376 4345 de

227 4373 356 4449 impigro
397 4373 495 4447 hoste,
537 4368 602 4448 ‘qui
642 4393 820 4450 unoquoque
861 4379 971 4450 puncto
1012 4375 1102 4434 horae
1139 4371 1262 4434 inuasit'
1306 4377 1324 4433 i.
1352 4394 1375 4432 e.

227 4461 379 4521 lacessiuib
401 4462 611 4522 aduersarium.
