3030 5002
590 339 629 394 111
646 358 673 395 u.
694 343 844 396 uos-107.
1244 337 1288 403 49

136 511 239 587 posita
269 527 361 586 prope
387 507 486 585 Mylas
514 507 663 569 Lucilium
695 508 816 583 adiisse,
849 508 921 585 quia
952 528 987 568 ex
1019 507 1124 569 Sicilia
1155 510 1188 569 iu
1218 509 1288 570 illas

136 600 251 660 insulas
275 601 366 658 etiam
388 598 477 658 hodie
499 597 589 675 Mylis
619 599 762 659 traiectus
790 600 835 659 eet
862 597 1116 659 commodissimus
1134 598 1205 658 XIX
1227 599 1288 659 iere

136 710 175 748 m.
190 710 219 766 p.
239 681 352 770 (Strab.
366 686 410 746 VI
428 707 457 764 p.
478 689 519 747 17
524 680 566 768 7).
607 688 652 747 De
675 687 792 747 Dianae
814 687 971 748 Facelinae
994 688 1106 765 templo
1131 687 1288 748 Schneide-

137 781 236 838 winns
258 777 321 856 egit
343 780 375 836 in
403 776 480 836 libro
505 772 616 837 ‘Diana
638 776 799 838 Phaselitis
827 779 857 837 et
885 774 1003 838 Orestes
1031 777 1111 854 apud
1137 777 1288 856 Rheginos

138 871 171 927 et
200 862 328 927 Siculos’
360 864 524 944 Gottingae
555 868 640 926 1831
672 865 854 927 Studniezlra
879 867 1091 946 Mitteiluugeu
1118 866 1146 926 d.
1160 867 1188 926 d.
1208 866 1286 928 arch.

138 957 212 1017 Inst.
227 977 263 1015 zu
277 955 354 1015 Rom
367 956 414 1014 III
430 956 515 1015 1888
529 976 558 1033 p.
575 958 638 1016 191
658 974 738 1033 seqq.
775 955 883 1017 Vibius
902 955 1061 1034 Sequester
1078 959 1110 1015 in
1128 956 1287 1017 fluuiorum

138 1047 275 1125 catalogo
299 1043 404 1125 Geogr.
423 1044 490 1105 Lat.
509 1046 580 1105 miu.
598 1065 627 1122 p.
644 1046 717 1122 150,
737 1047 779 1104 14
798 1046 897 1106 Riesei
916 1041 1114 1107 ‘Plaetels'nus
1136 1038 1196 1127 (ita
1218 1039 1287 1127 cod)

139 1134 261 1195 Siciliae
283 1137 367 1195 iuxta
390 1132 557 1194 Peloridem
580 1135 703 1195 confinis
726 1135 839 1211 templo
858 1130 994 1195 Dianae'.
1036 1134 1123 1205 Quod
1142 1135 1287 1213 templum

139 1243 234 1303 prope
253 1216 433 1302 Ἀστεμίσιον
451 1222 595 1303 πολίχνην
613 1223 798 1303 βραχυτάτην
816 1226 908 1284 situm
926 1224 1017 1285 fulsse
1035 1224 1165 1302 Appien.
1183 1223 1211 1283 b.
1225 1224 1288 1285 17

139 1315 203 1373 116
228 1317 301 1373 extr.
325 1312 493 1373 edocemur:
515 1314 614 1373 locum
636 1332 732 1390 neque
755 1315 837 1373 fama
857 1312 1002 1374 celebrem
1020 1333 1116 1390 neque
1135 1314 1238 1390 aliqua
1255 1333 1288 1374 re

137 1402 360 1463 memorabilem
382 1422 442 1462 non
464 1405 657 1463 memorasset
678 1405 777 1480 poeta,
799 1404 859 1462 nim
881 1403 1004 1480 praedia
1031 1405 1094 1464 eius
1117 1422 1210 1481 prope
1232 1403 1288 1462 hoo

137 1492 283 1569 templum
314 1493 415 1569 posita
446 1493 576 1552 fuissent
606 1494 686 1552 inter
712 1492 886 1552 Facelinum
917 1492 1027 1552 flumen
1054 1495 1086 1553 et
1111 1492 1287 1554 Messanam.

137 1581 273 1641 Eundem
302 1581 402 1641 locum
430 1580 521 1642 Silius
538 1581 610 1640 XIV
630 1583 695 1641 160
722 1584 838 1660 spectat
865 1601 932 1641 cnm
962 1601 1137 1643 enumerans
1160 1583 1287 1659 populos

139 1670 255 1731 Siculos
279 1666 374 1731 ‘dedit
393 1718 399 1729 .
415 1717 421 1729 .
437 1717 444 1731 .
462 1672 545 1731 mille
568 1671 741 1731 Thoanteae
764 1671 847 1732 sedes
874 1671 1016 1732 Facelina
1043 1666 1170 1732 Dianae’
1204 1665 1291 1754 (coni

141 1760 254 1820 Holmii
275 1761 344 1821 hist
365 1760 446 1821 Sieil.
465 1761 481 1820 I
503 1782 531 1838 p.
549 1753 637 1842 345).
678 1759 802 1821 Venisse
825 1763 920 1840 igitur
942 1764 1033 1838 poeta
1054 1762 1176 1821 uidetur
1197 1763 1288 1822 muri-

137 1851 214 1909 timo
236 1851 343 1910 itinere
366 1853 464 1927 primo
487 1850 535 1909 die
555 1849 731 1909 Palinurum
749 1850 892 1926 Puteolis,
914 1850 1010 1911 altero
1032 1850 1071 1911 ad
1089 1850 1288 1912 Vibonensem

137 1941 249 2015 mnam,
280 1939 350 1998 inde
382 1959 475 2016 prope
501 1939 627 2015 Liparas
655 1940 826 2018 nauigando
857 1939 1053 2000 Artemisium
1085 1942 1187 2018 petiit:
1219 1940 1288 2000 inde

137 2028 288 2090 redimus
315 2029 441 2089 Romam
468 2030 558 2106 petiit
584 2029 765 2104 Messanam,
792 2028 845 2088 ubi
872 2029 1054 2090 commodius
1084 2049 1174 2107 quam
1200 2029 1288 2090 Arte·

137 2119 219 2178 misii
245 2137 354 2178 nauem
381 2120 463 2178 omni
490 2120 623 2195 tempore
650 2120 751 2196 potuit
776 2120 920 2179 inuenire.
970 2119 1006 2178 In
1033 2139 1065 2179 re
1092 2121 1207 2179 incerta
1233 2138 1288 2180 nos

137 2210 257 2267 utemur
283 2209 439 2267 itinerario
467 2207 546 2284 quod
574 2205 701 2267 Ouidius
728 2210 847 2268 metam.
862 2207 918 2266 XV
938 2209 1001 2268 706
1028 2227 1108 2285 seqq.
1136 2209 1288 2268 commode

138 2297 269 2372 exhibet,
297 2297 368 2356 dum
395 2299 481 2357 nauis
508 2297 590 2357 illius
613 2315 734 2358 cursum
757 2297 911 2373 describit,
935 2316 1011 2373 quae
1033 2301 1122 2358 cauto
1146 2300 1177 2357 et
1199 2298 1288 2358 anxio

137 2388 264 2466 remigio
278 2386 451 2464 Aesculapii
465 2388 632 2464 serpentem
646 2386 799 2463 Epidauro
817 2388 943 2447 Romam
957 2386 1086 2447 deuehat
1105 2383 1287 2464 ‘euinoitque

137 2478 246 2551 fretum
287 2475 441 2552 Siculique
482 2478 610 2554 augusta
650 2475 749 2535 Pelori
791 2476 1035 2551 Hippotadaeque
1070 2477 1173 2537 domos
1209 2479 1288 2555 regis

140 2558 174 2646 (i.
185 2584 209 2624 e.
228 2565 348 2626 Aeolias
366 2565 480 2626 insudas
498 2566 561 2626 siue
579 2557 730 2655 Liparas),
752 2566 936 2640 Ternasesque
948 2565 1081 2639 metalla,
1099 2565 1287 2625 1111111111·

139 2674 196 2731 que
218 2657 298 2731 petit
318 2655 473 2733 tepidique
501 2656 616 2714 rosaria
638 2656 744 2714 Paesti.
768 2653 836 2714 inde
864 2654 939 2732 legit
962 2652 1091 2730 Capreas
1112 2659 1288 2728 1111111111·

137 2747 272 2819 riurreque
294 2745 460 2805 Mineruae.
506 2743 552 2804 De
574 2746 634 2804 situ
656 2744 788 2804 locorum
811 2742 880 2803 uide
903 2743 1025 2802 Ricardi
1047 2743 1183 2819 Kieperti
1201 2743 1287 2803 form.

139 2833 200 2893 orb.
221 2835 340 2910 antiqui
362 2833 423 2893 tab.
437 2833 507 2892 XIX
530 2833 739 2893 Berol.1901.

230 2914 312 2984 105.
336 2922 451 2983 Nouius
469 2943 498 3000 p.
509 2925 583 2998 179,
600 2924 640 2982 18
659 2923 778 2999 epoeta
791 2921 858 2998 ipso
873 2916 1039 2998 ‘Deponere
1058 2923 1104 2981 est
1117 2921 1288 2998 desperar03

140 3012 217 3071 unde
240 3014 272 3071 et
294 3012 423 3089 depositi
450 3011 599 3089 desperati
626 3012 773 3072 dicuntum.
820 3009 953 3072 Lucilius
983 3013 1152 3088 satyrarum
1175 3011 1226 3071 lib.
1240 3011 1288 3071 III

141 3096 360 3178 “Symmachus
380 3147 386 3160 .
403 3149 408 3160 .
426 3149 431 3160 .
450 3103 597 3177 depositas
625 3100 770 3162 bubulcus
793 3101 915 3161 1111111
934 3145 984 3159 ...
1004 3096 1158 3178 agebat’'.'
1204 3100 1287 3162 Idem

139 3192 240 3267 p.38,
260 3194 300 3252 16
335 3211 369 3251 ex
401 3193 598 3270 grammatico
627 3186 783 3268 ‘Expirare
815 3190 928 3250 dictum
959 3194 1005 3250 est
1035 3191 1085 3250 uel
1113 3190 1150 3251 ab
1178 3191 1287 3268 spiritu

140 3280 232 3341 effuso
268 3281 318 3341 uel
354 3281 392 3341 ab
429 3281 649 3359 spiraminibus.
704 3279 837 3341 Lucilius
873 3279 924 3339 lib.
943 3279 991 3339 III
1024 3275 1201 3357 “exspirans
1225 3328 1232 3342 .
1253 3326 1286 3340 ..

140 3365 293 3449 agebat”.’
340 3370 377 3431 ln
404 3370 534 3431 editione
557 3369 666 3430 Lucilii
693 3388 754 3446 qua
781 3370 878 3429 utitur
904 3368 1020 3429 Nouius
1047 3390 1076 3446 p.
1098 3372 1160 3430 179
1189 3370 1288 3447 glossa

140 3461 262 3520 1117111
275 3460 429 3536 expulerat
442 3462 603 3539 genuinam
616 3461 773 3520 lectionem
788 3477 879 3535 quam
893 3461 997 3519 auctor
1008 3459 1101 3521 Nouii
1114 3462 1288 3537 grammati-

139 3568 190 3609 cus
218 3551 352 3609 seruauit
378 3570 407 3627 p.
423 3551 481 3609 ³8:
509 3551 580 3610 conf
603 3550 736 3627 prolegg.
754 3568 783 3625 p.
798 3546 888 3607 OXH.
939 3546 1033 3609 Poeta
1048 3550 1223 3609 'meditatur
1251 3549 1288 3608 de

139 3640 315 3699 necessitate
332 3640 449 3699 itineris
468 3638 576 3698 futuri:
594 3637 755 3698 bubulcum
774 3655 861 3697 suum
879 3637 1041 3715 pthisicum
1059 3641 1091 3697 et
1103 3638 1288 3715 decrepitum

140 3747 202 3788 esse
224 3729 415 3804 animamque
433 3746 522 3806 agere
539 3747 592 3805 per
606 3728 723 3787 litteras
741 3729 904 3804 acceperat
941 3726 1039 3797 Quare
1057 3727 1182 3786 fundum
1200 3744 1288 3785 suum

140 3834 170 3876 se
202 3818 298 3877 uisere
329 3817 435 3878 debere
467 3836 527 3894 quo
558 3818 667 3877 rectius
699 3818 801 3876 omnia
836 3815 918 3876 fiant.
974 3815 1145 3892 Symmachi
1176 3816 1287 3875 mortui

141 3925 290 3967 mccessor
316 3905 407 3968 fuisse
434 3907 554 3967 uidetur
580 3906 633 3966 ille
660 3905 819 3981 bubulcus,
847 3925 936 3983 quem
962 3908 1109 3965 memorat
1137 3903 1214 3963 libro
1232 3903 1287 3961 XV

140 3997 257 4056 1511.
307 3995 438 4057 Nomina
470 3995 583 4058 Graece
613 3995 749 4056 indicant
780 3995 936 4072 praedium
966 3995 1072 4071 poetae
1104 3994 1136 4052 in
1167 3993 1287 4072 regione

142 4084 395 4161 (1111111111
419 4086 523 4147 Sicilia
546 4079 628 4166 (uide
653 4085 690 4145 ad
713 4083 812 4144 XXVI
834 4103 863 4142 u.
883 4074 962 4165 667)
983 4084 1075 4141 sitnm
1098 4083 1197 4142 fuisse.

233 4167 314 4237 107.
338 4175 453 4236 Nouius
473 4195 488 4234 e
507 4176 703 4255 grammatico
721 4174 835 4252 psus,
851 4173 891 4231 16
908 4168 1113 4246 ‘Gonmodum
1128 4172 1288 4250 integrum,

141 4267 246 4324 totum.
292 4265 425 4326 Lucilius
449 4260 519 4324 “bis
542 4266 614 4342 quin
638 4269 845 4339 11111111...
865 4263 956 4338 atque
979 4255 1072 4320 00”.’
1118 4260 1246 4322 Versum
1269 4281 1288 4323 1

143 4351 292 4433 Scaligero
322 4354 513 4415 emendatum
539 4356 694 4414 uerissime
721 4353 770 4411 hic
798 4352 901 4428 posuit
926 4352 950 4411 1.
969 4350 1079 4410 Dousa.
1130 4348 1224 4421 Quem
1253 4354 1289 4412 ut

143 4443 308 4523 intellegas,
332 4443 579 4504 considerandum
602 4446 648 4502 est
669 4461 729 4502 uon
752 4439 860 4516 stadia,
883 4440 934 4501 sed
956 4440 1042 4500 milia
1064 4458 1205 4518 passuum
1228 4439 1287 4499 dici

195 4552 280 4594 curun
294 4555 343 4594 reu
358 4553 392 4593 eu
406 4553 489 4593 uin.
516 4553 546 4592 11
1057 4546 1074 4594 4
