3000 5002
209 331 274 395 358
569 329 666 384 incorr.
688 329 744 383 sed.
764 347 791 383 u.
812 286 997 383 irre-riso.

210 496 321 560 ‘carcer
344 502 394 558 uir
418 499 557 558 furcifero
580 493 709 577 dignus’.
745 498 846 575 Atque
868 497 1028 558 Muellerus
1052 497 1173 574 quidem
1195 500 1251 584 hoc
1270 499 1364 559 modo

210 591 337 664 suamet,
360 608 419 666 quo
443 589 606 665 posteriore
628 588 694 648 loco
717 587 788 647 feci:
812 583 905 647 ‘locus
929 589 1055 647 carceris
1078 607 1138 647 non
1159 591 1222 648 tam
1245 589 1364 664 foedus,

210 698 299 756 quarn
322 679 446 758 dignum
469 681 534 738 erat
555 678 674 737 homine
698 671 863 752 scelerato’,
890 676 922 736 id
946 681 991 736 est
1019 673 1126 755 ‘poena
1154 680 1280 738 carceris
1309 681 1363 738 uix

210 770 284 829 satis
311 788 420 847 magna
448 788 502 846 pro
529 766 663 827 furciferi
693 763 867 826 maleficiis’.
919 766 1087 827 Secundum
1118 769 1238 845 linguae
1272 788 1363 827 usum

210 862 337 934 utraque
360 860 439 917 stare
462 860 562 934 potest
584 856 750 933 explicatio.
796 856 876 916 Nam
898 860 977 917 recte
995 849 1118 917 'dicitur
1140 858 1247 917 Latine
1275 859 1363 917 honio

210 966 305 1016 mccc,
333 950 455 1008 serdica.
488 948 657 1007 uerberibus
692 947 812 1021 dignus,
844 945 917 1006 item
949 947 1071 1022 dignum
1102 949 1278 1021 supplicium
1306 940 1362 1029 (ad

210 1037 280 1098 Her.
293 1037 338 1095 IV
356 1038 384 1111 8,
406 1030 471 1118 12),
489 1038 582 1111 digua
597 1053 695 1109 pocae
714 1027 850 1116 (Sallust.
866 1034 929 1095 Cat.
946 1038 997 1111 51,
1012 1028 1056 1118 8),
1075 1036 1192 1096 Terent.
1206 1036 1278 1096 Hoc.
1296 1039 1361 1096 209

212 1122 264 1186 ‘arr
291 1129 444 1200 quicquam
467 1143 526 1200 pro
553 1127 618 1184 istis
643 1125 731 1198 factis
758 1126 879 1200 dmum
909 1128 935 1184 tc
966 1126 1024 1184 dici
1050 1121 1175 1199 potest?
1222 1125 1265 1184 At
1292 1145 1363 1186 con·

211 1218 323 1276 aicium
346 1215 421 1274 illud
445 1232 543 1275 carcer
565 1216 654 1273 sicuti
677 1214 757 1291 apud
778 1214 950 1273 Terentium
972 1216 1016 1273 ita
1040 1214 1120 1292 apud
1137 1214 1285 1276 Lucilium
1309 1235 1364 1276 no·

211 1307 357 1365 minatiuo
381 1323 452 1364 casu
475 1306 608 1381 positum
631 1304 722 1363 trusae
746 1307 975 1363 consentaneum
999 1308 1044 1363 est
1067 1305 1118 1364 uel
1139 1308 1293 1364 uocatiuo:
1316 1308 1364 1364 in·

212 1398 314 1472 crepet
345 1396 440 1472 igitur
471 1395 639 1470 nescioquis
670 1411 789 1453 seruum
822 1412 909 1469 quem
941 1393 1023 1454 dicat
1057 1414 1115 1453 non
1149 1413 1278 1469 carcere,
1310 1395 1364 1455 sed

212 1485 335 1564 dignum
365 1483 520 1561 supplicio.
570 1482 607 1542 In
639 1483 752 1559 optimo
779 1482 834 1543 cod
862 1482 999 1543 Parisino
1027 1482 1065 1542 ad
1093 1483 1237 1543 Andriam
1256 1485 1275 1542 l.
1295 1504 1318 1544 s.
1340 1505 1362 1544 s.

211 1575 324 1652 legitur
352 1567 465 1633 ‘carcer
492 1575 534 1634 eis
562 1574 612 1631 uix
641 1590 756 1633 carcere
784 1567 912 1651 dignus',
945 1573 1078 1633 codicum
1103 1572 1155 1632 CT
1184 1573 1365 1650 archetypus

213 1668 265 1722 eut
289 1662 391 1723 eadem
414 1662 533 1722 uidetur
554 1661 726 1738 praebuisse
755 1664 808 1720 aut
836 1661 955 1721 similia.
1002 1661 1088 1732 Quod
1115 1662 1292 1722 uocabulum
1322 1667 1366 1724 cis

213 1753 270 1812 etsi
292 1771 429 1812 numeros
453 1753 574 1811 minime
598 1750 763 1828 conturbet,
785 1751 932 1826 siquidem
951 1751 1079 1811 Plautus
1102 1753 1134 1810 in
1152 1753 1262 1812 senarii
1281 1756 1366 1812 exitu

213 1842 316 1918 posuit
334 1844 372 1901 iis
391 1833 481 1921 (Rud.
497 1831 563 1920 73),
580 1839 733 1900 quenalis
746 1840 818 1899 XIV
833 1841 875 1900 30
895 1841 1001 1900 eadem
1019 1841 1197 1916 trisyllabon
1211 1833 1259 1922 (L.
1270 1841 1367 1902 Muel-

213 1931 268 1990 leri
287 1930 314 1989 d.
333 1951 357 1989 r.
375 1932 460 1990 metr.
480 1930 524 1989 ed.
544 1929 575 1987 Π
593 1950 621 2006 p.
642 1922 730 2011 297),
753 1931 885 2007 recipere
907 1933 1008 1989 tamen
1031 1930 1176 1989 dubitaui.
1216 1949 1289 1991 mccc
1308 1952 1366 2009 pro

215 2019 348 2080 conuicio
371 2020 505 2097 positum
529 2021 573 2078 est
596 2019 885 2079 recuperares.

305 2111 410 2178 1129.
443 2117 555 2177 Paulus
587 2137 622 2176 er
654 2117 742 2177 Festo
774 2139 802 2194 p.
823 2120 865 2177 44
899 2113 1059 2178 ‘Carissam
1097 2118 1178 2194 apud
1215 2119 1367 2178 lucilium

216 2207 333 2266 uafrum
354 2202 523 2285 significat'.
561 2208 653 2266 Recte
672 2207 746 2267 codd
764 2207 851 2266 Pauli
869 2209 992 2281 uafrrcm
1010 2206 1207 2266 masculinum
1226 2208 1369 2269 exhibent

215 2297 295 2373 quod
327 2297 518 2357 confirmatur
549 2296 650 2374 glossa
682 2294 765 2356 GGL
787 2297 818 2356 Il
849 2316 877 2374 p.
899 2298 955 2371 97,
979 2298 1019 2355 43
1054 2291 1162 2356 ‘carisa
1193 2296 1368 2377 μαυλιστής,

214 2382 438 2465 πορνοβοσκός’.
484 2386 629 2462 Reliquae
652 2387 767 2464 glossae
789 2380 913 2446 similes
926 2404 999 2462 quas
1030 2389 1199 2446 tractarunt
1220 2386 1368 2448 Loeweus

214 2475 362 2551 prodrom.
381 2497 409 2553 p.
426 2477 489 2535 305
509 2494 590 2555 seqq.
610 2474 749 2536 Goetrius
771 2476 901 2534 thesaur.
920 2476 1009 2553 gloss.
1028 2476 1141 2535 emend.
1161 2496 1182 2536 s.
1197 2496 1225 2535 u.
1245 2476 1288 2535 nil
1306 2478 1369 2538 huc

215 2567 373 2642 pertinent.
425 2566 531 2643 Itaque
569 2568 650 2624 errat
685 2564 737 2640 qui
774 2584 881 2624 nornen
917 2583 980 2625 esse
1012 2563 1141 2625 Graecae
1178 2567 1303 2645 originis
1337 2571 1370 2627 et

216 2653 419 2714 deducendum
444 2673 462 2713 a
486 2654 560 2714 Care
584 2658 618 2712 ut
641 2653 776 2714 Cilicissa
799 2673 817 2712 a
842 2653 917 2714 cilix
941 2657 1040 2715 censet
1063 2655 1100 2714 H.
1120 2655 1264 2716 Iordanus
1287 2655 1368 2715 Krit.

216 2744 308 2803 Beitr.
333 2766 356 2803 1.
380 2743 482 2804 Gesch.
506 2743 533 2803 d.
557 2744 610 2803 lat.
635 2742 764 2821 Sprache
793 2765 821 2822 p.
842 2745 884 2803 80
907 2763 1002 2821 seqq:
1039 2744 1091 2803 alii
1130 2744 1272 2804 Latinum
1303 2764 1369 2806 esse

217 2836 354 2893 statuunt
372 2836 577 2910 comparantes
595 2834 725 2893 mantica
744 2832 850 2908 fauiae,
874 2832 979 2893 Stolres
998 2854 1087 2910 quem
1106 2834 1210 2894 laudat
1228 2833 1369 2896 Goetrius

217 2923 236 2980 l.
251 2941 273 2980 s.
288 2941 310 2982 s.
335 2922 481 2983 Celticum
504 2922 618 2981 Urlrelt.
638 2921 852 2998 Sprachschatr
875 2943 903 2998 p.
920 2924 984 2982 330
1008 2915 1062 3006 (ad
1080 2944 1108 3000 p.
1126 2916 1190 3004 70).

308 3011 414 3081 1130.
442 3018 539 3078 Varro
567 3020 604 3079 de
631 3019 735 3098 lingue
761 3019 871 3079 Latina
897 3021 975 3080 libro
1002 3020 1062 3079 VH
1082 3022 1122 3080 96
1153 3017 1199 3080 ‘In
1232 3022 1370 3098 pluribus

218 3109 315 3169 uerbis
343 3128 363 3169 a
389 3112 459 3168 ante
483 3127 498 3169 c
520 3109 574 3168 alii
596 3112 720 3185 ponunt,
754 3109 807 3169 alii
838 3129 910 3184 non3
942 3114 978 3169 ut
1010 3110 1091 3188 qnod
1122 3111 1233 3188 partim
1264 3111 1371 3172 dicunt

218 3232 403 3311 <accipitrum
421 3229 555 3312 partim>
573 3237 732 3312 sceptrum,
755 3235 809 3294 alii
832 3234 933 3294 Plauti
952 3204 1159 3296 fineracricem
1182 3237 1234 3296 alii
1252 3205 1368 3296 finere-

218 3359 322 3417 hicem
345 3350 560 3440 (ferroutricem
583 3352 723 3441 Laetus),
751 3361 793 3420 sio
821 3329 957 3420 finisicia
984 3380 1018 3420 ac
1042 3362 1196 3421 foenisicia
1219 3353 1371 3442 (scaistcr'a

217 3440 325 3529 idem),
361 3466 397 3507 ac
426 3450 532 3508 rustici
562 3449 698 3526 Pappum
729 3445 752 3527 †
784 3451 929 3509 maesiam
964 3470 1023 3509 non
1056 3453 1206 3510 moesium.
1257 3469 1276 3510 a
1308 3471 1369 3527 quo

218 3537 351 3597 Lucilius
388 3537 491 3597 scribit
528 3531 668 3598 “cecilius
706 3559 743 3598 ue
774 3539 902 3599 misticus
934 3534 1031 3599 fiat”.’
1089 3540 1245 3600 Diomedes
1277 3538 1369 3599 GLI

219 3647 246 3703 p.
263 3627 337 3701 452,
358 3626 436 3685 laK
456 3622 669 3687 ‘Detractionis
690 3629 801 3704 species
820 3631 889 3688 sunt
908 3648 1000 3705 aeque
1015 3631 1166 3705 quattuor,
1185 3628 1371 3690 detractione

218 3716 370 3792 temporis,
388 3716 516 3790 litterae,
535 3717 677 3793 syllabae,
696 3717 915 3795 adspirationis.
997 3720 1126 3793 litterae,
1144 3721 1179 3778 ut
1195 3720 1220 3779 ei
1235 3718 1372 3780 detracta

220 3825 238 3864 a
269 3806 372 3865 littera
398 3809 500 3883 pretor
527 3806 672 3880 dicamus,
703 3810 737 3865 ut
764 3806 896 3866 Lucilius
926 3800 1037 3890 (lucius
1064 3800 1151 3890 codd)
1179 3804 1300 3884 “prator
1330 3829 1370 3868 ne

220 3896 348 3955 rusticus
370 3891 458 3970 fiat’',
481 3914 548 3955 cum
570 3895 677 3956 debeat
700 3915 734 3956 ae
756 3899 945 3973 pronuntiari
968 3899 1097 3975 praetor,
1127 3898 1179 3958 sed
1202 3901 1371 3959 structurae

220 3988 319 4064 gratia
342 3985 459 4062 syllaba
481 3986 572 4063 longa
595 3983 774 4062 corripitur’.
819 3987 919 4047 Verba
941 3988 1010 4047 inde
1034 4009 1051 4046 a
1074 3989 1125 4047 scd
1150 4020 1190 4029 -
1212 3991 1372 4063 corripitur

222 4075 301 4134 delet
323 4075 448 4150 Keilius,
471 4095 569 4135 errare
588 4075 762 4136 Diomedem
786 4078 864 4136 recte
883 4082 982 4138 censet
999 4076 1215 4137 Lachmannus.
1257 4077 1371 4137 Eodem

220 4164 309 4223 modo
332 4164 444 4223 errauit
461 4165 673 4243 grammaticus
692 4164 730 4224 ad
748 4167 850 4224 incert.
864 4186 893 4226 1.
910 4169 1004 4226 1242.
1041 4166 1132 4226 Libro
1144 4166 1188 4225 IX
1207 4167 1371 4244 adscripse-

221 4258 292 4312 runt
332 4253 540 4315 Lachmannus
576 4254 737 4315 Muellerus
778 4255 832 4313 alii
867 4258 961 4316 secuti
995 4256 1027 4315 L.
1046 4256 1078 4314 Il.
1099 4256 1296 4316 Schmidtium
1333 4257 1371 4317 de

221 4341 330 4401 Lucilii
352 4341 403 4401 lib.
418 4342 460 4401 IX
479 4364 507 4420 p.
523 4344 551 4403 8.
598 4345 710 4403 'lamen
738 4344 794 4404 hoc
816 4365 844 4403 u.
864 4364 925 4404 non
953 4346 1052 4425 agitur
1079 4344 1115 4404 de
1139 4345 1372 4425 orthographia,

222 4432 273 4491 sed
297 4431 332 4490 de
354 4433 598 4507 pronuntiatione
620 4434 745 4493 rustica:
769 4434 805 4493 de
823 4434 1038 4513 orthographia
1060 4434 1138 4494 enim
1157 4450 1193 4493 uc
1211 4433 1372 4515 dipthongi
