3060 5010
217 361 281 426 140
329 307 334 320 ·
664 361 702 437 rx
720 378 748 416 u.
768 366 917 417 arr-aei.

215 534 342 610 apparet
363 531 475 592 Lucilii
502 550 605 591 uersus
632 531 706 593 istos
735 551 797 593 esse
825 531 863 591 ad
889 530 1047 591 historiam
1076 533 1231 592 nominum
1259 533 1367 610 quibus

213 623 331 683 litteras
354 623 491 682 solebant
513 622 667 681 nominare
690 625 805 682 ueteres
827 624 907 681 recte
926 621 1124 681 statuendam.
1161 622 1261 699 Atque
1280 622 1367 684 dccet

214 712 318 773 Velius
337 712 357 771 l.
377 731 398 772 s.
418 731 440 772 s.
459 733 487 790 p.
508 712 560 784 46,
580 715 635 771 17:
664 707 797 772 ‘quenti
819 713 890 772 sunt
912 713 1014 771 tamen
1038 713 1090 787 qui
1118 714 1149 771 et
1176 712 1238 772 sine
1266 714 1365 772 uoceli

214 804 324 879 putent
346 820 431 878 posse
455 800 603 879 syllabam
627 801 699 861 fieri.
740 801 819 861 Nam
842 801 1109 861 animaduertimus
1132 801 1213 878 apud
1238 803 1365 863 comicos

213 911 227 952 s
260 894 291 952 et
323 893 337 950 t
368 893 483 970 pariter
514 892 641 968 scriptas
672 890 790 952 litteras
822 893 857 951 ut
888 890 970 968 apud
1002 890 1175 952 Terentium
1208 892 1242 952 in
1273 891 1365 951 Phor·

216 982 316 1042 mione
339 973 435 1064 (742)

641 1066 664 1150 †
687 1090 746 1131 non
769 1071 796 1130 is
819 1071 939 1131 obsecro
963 1072 1009 1131 est

304 1181 394 1238 quern
416 1163 446 1221 te
470 1179 586 1238 semper
608 1160 719 1220 dicunt.
766 1159 802 1219 St
826 1160 897 1236 quid
920 1159 974 1220 has
997 1164 1110 1222 metues
1133 1163 1223 1224 fores:

212 1253 269 1312 hoc
297 1271 311 1312 s
340 1253 371 1311 et
397 1254 412 1311 t
439 1252 552 1328 pariter
583 1251 737 1310 renuntiat
768 1250 929 1311 silentium.
980 1250 1037 1310 Sed
1065 1253 1093 1313 si
1119 1252 1188 1321 hoc,
1205 1255 1364 1327 sectentur,

213 1341 330 1418 possint
357 1343 450 1401 etiam
476 1342 634 1418 plerasque
662 1341 858 1401 consonantes
886 1343 917 1400 et
949 1360 1050 1401 omnes
1083 1341 1276 1402 semiuocales
1309 1361 1363 1418 pro

214 1431 340 1508 syllabis
362 1450 480 1509 ponere.
516 1430 595 1491 Nam
619 1429 699 1509 apud
721 1430 871 1491 Lucilium
894 1430 926 1488 in
948 1448 1036 1506 nono,
1058 1433 1090 1491 in
1114 1451 1173 1509 quo
1197 1432 1233 1490 de
1254 1430 1363 1492 litteris

213 1521 356 1599 disputat,
380 1539 481 1581 omnes
500 1522 598 1580 uicem
616 1519 800 1597 syllabarum
818 1520 953 1598 impleut,
973 1539 1040 1580 cum
1060 1521 1153 1581 dicit.
1170 1565 1177 1579 .
1192 1566 1199 1581 .
1214 1513 1364 1603 (suuntur

213 1612 272 1670 deo
295 1629 370 1685 ecee
392 1611 476 1670 niodo
500 1604 643 1670 marruci
665 1610 778 1670 Desilit
798 1601 989 1691 froymenla).
1036 1611 1172 1688 Apparet
1194 1629 1265 1690 ergo
1289 1612 1364 1672 haec

213 1700 289 1759 nihil
313 1700 395 1759 aliud
418 1718 508 1777 quam
531 1699 630 1760 locum
653 1699 787 1776 syllabae
809 1702 909 1759 tenue
931 1719 986 1760 nec
1008 1702 1109 1760 tamen
1127 1700 1260 1777 syllabas
1278 1697 1362 1761 ease'.

213 1788 296 1860 Quae
311 1791 412 1850 omnia
426 1809 461 1850 ex
476 1790 598 1867 optimis
612 1790 745 1849 fontibus
759 1788 886 1849 deducta
904 1790 1091 1866 ineptissima
1107 1809 1170 1852 esse
1183 1791 1363 1868 Veliumque

214 1879 301 1956 plane
325 1879 432 1959 nugari
455 1881 548 1956 patet,
568 1882 594 1941 si
616 1881 647 1938 in
671 1879 806 1940 uersibus
824 1878 934 1939 Lucilii
952 1880 1091 1959 legantur
1113 1881 1233 1940 litterae
1256 1900 1272 1940 r
1295 1885 1326 1941 et
1347 1901 1362 1942 s

213 1969 298 2028 uelut
335 1987 366 2029 er
402 1972 433 2029 et
474 1987 503 2028 cs
544 1971 807 2049 grammaticorum
847 1988 929 2029 more
971 1962 1075 2049 (Prisc.
1095 1969 1145 2030 GL
1164 1970 1195 2030 H
1213 1990 1241 2048 p.
1263 1974 1296 2046 7,
1320 1974 1361 2031 27

213 2059 344 2134 Pompei.
363 2058 392 2116 V
409 2079 437 2135 p.
460 2062 532 2135 101,
553 2060 593 2119 16
614 2059 695 2138 Serg.
714 2059 758 2118 IV
776 2080 805 2136 p.
825 2060 899 2134 476,
919 2061 958 2120 31
971 2053 1024 2140 Κ),
1051 2079 1127 2136 quae
1155 2060 1223 2136 quis
1248 2062 1362 2139 primus

213 2147 384 2208 adhibuerit
406 2149 575 2208 litterarum
601 2150 723 2208 nomina
749 2150 909 2209 nescimus:
937 2148 989 2209 sed
1015 2150 1255 2228 pronuntiandae
1281 2153 1361 2211 certo

213 2238 338 2298 eundem
365 2238 397 2297 in
425 2238 546 2298 modum
573 2242 657 2313 sunt,
688 2257 747 2317 quo
775 2244 801 2298 at
827 2237 904 2298 illud
932 2240 1123 2316 comicorum3
1156 2259 1251 2318 neque
1283 2243 1362 2301 enim

214 2330 374 2404 quisquam
396 2345 412 2387 a
435 2331 504 2388 etr
526 2329 645 2390 litteras
668 2328 694 2389 si
718 2346 747 2389 cs
769 2331 800 2388 et
823 2347 855 2388 cr
876 2331 1107 2406 pronuntientur
1129 2349 1189 2390 non
1212 2348 1274 2391 esse
1302 2330 1361 2407 syl·
1452 2400 1453 2403 Ἴ

212 2417 297 2478 labae
320 2419 416 2478 dicere
440 2421 493 2478 aut
514 2437 582 2479 cum
604 2423 632 2479 st
654 2438 725 2478 uoce
750 2438 922 2497 comparare
945 2422 1056 2497 potest;
1080 2421 1158 2481 certe
1175 2419 1280 2480 Velius
1298 2419 1361 2497 ipse

212 2508 242 2567 in
267 2508 458 2586 sequentibus
481 2500 524 2589 (p.
545 2511 596 2583 47,
617 2501 672 2590 13)
691 2528 711 2569 x
728 2509 861 2569 litteram
884 2528 944 2569 non
967 2511 1056 2570 uocat
1078 2511 1117 2579 ix,
1140 2509 1190 2569 sed
1209 2527 1248 2579 cs,
1271 2529 1361 2587 quam

212 2598 286 2658 dicit
309 2598 475 2677 significare
499 2598 623 2678 aliquid,
646 2618 700 2658 nec
722 2601 823 2660 tamen
846 2617 908 2659 esse
931 2599 1078 2676 syllabam
1102 2602 1155 2659 aut
1176 2599 1269 2660 lexin:
1296 2603 1360 2660 tum

211 2709 239 2764 p.
260 2690 311 2763 47,
332 2692 386 2748 11:
411 2684 490 2748 ‘Non
513 2709 583 2768 ergo
607 2687 804 2750 accedendum
828 2691 873 2748 est
894 2688 943 2764 iis,
966 2688 1019 2766 qui
1041 2691 1151 2765 putant
1172 2690 1235 2750 sine
1261 2689 1361 2750 uocali

213 2777 360 2854 syllabam
378 2780 445 2851 fieri
458 2797 545 2854 posse
563 2770 640 2859 (add
652 2779 778 2853 Kellios,
797 2796 843 2837 om
857 2771 933 2857 cod),
951 2782 987 2838 ut
1006 2780 1097 2839 etiam
1113 2778 1361 2858 significationem

212 2870 295 2927 uocis
317 2867 466 2942 terminet
490 2870 633 2946 quoniam
654 2872 682 2928 at
704 2860 780 2950 (odd
797 2859 927 2948 Keilies)
950 2869 1102 2929 silentium
1120 2868 1283 2929 denuntiet.
1320 2869 1361 2928 nt

212 2959 324 3016 errant:
356 2978 427 3018 nam
455 2961 486 3016 et
513 2978 530 3017 r
558 2957 708 3036 significat
734 2958 849 3035 aliquid
877 2951 935 3039 (sic
967 2961 1046 3019 enim
1077 2951 1232 3040 necamus)
1265 2978 1360 3036 neque

211 3049 312 3106 tamen
335 3047 402 3107 ideo
426 3046 543 3124 syllaba
565 3049 619 3106 aut
641 3047 715 3107 lexis
739 3050 792 3108 est.
830 3048 870 3107 Et
887 3048 960 3108 haec
978 3051 1046 3128 ipsa
1064 3050 1183 3109 constat
1200 3068 1235 3109 er
1254 3067 1269 3107 c
1288 3050 1319 3108 et
1336 3067 1359 3123 a,

210 3156 264 3194 nec
287 3137 354 3195 ideo
376 3138 407 3196 et
424 3136 510 3195 illam
528 3136 687 3214 quisquam
706 3137 854 3214 syllabam
873 3137 958 3213 dixit,
980 3140 1032 3199 sed
1051 3138 1199 3216 duplicem
1217 3139 1358 3198 litteram.

212 3225 326 3284 Deinde
355 3225 427 3301 quid
455 3225 534 3302 quod
562 3229 591 3286 et
619 3245 706 3288 uoces
733 3245 792 3286 nou
821 3228 968 3304 scriptiles
995 3228 1107 3288 habent
1135 3230 1235 3287 tamen
1267 3228 1358 3306 signi·

211 3313 388 3389 ficationem,
413 3316 550 3391 quamuis
574 3317 664 3376 scribi
686 3336 747 3376 non
769 3315 907 3393 possint?
941 3319 1020 3377 Nam
1043 3322 1074 3378 et
1096 3316 1259 3397 digitorum
1286 3335 1359 3378 sono

211 3422 318 3480 pueros
342 3404 380 3464 ad
402 3405 641 3482 respondendum
665 3401 798 3466 ciamus’.
835 3406 895 3467 Vbi
917 3426 978 3467 non
1000 3409 1080 3468 recte
1101 3407 1218 3467 Keilius
1240 3406 1360 3485 scripsit

212 3487 241 3552 ‘x
263 3492 413 3571 significat
431 3493 560 3570 aliquidt
583 3495 626 3558 sic
644 3496 723 3556 enim
741 3497 868 3556 litteram
884 3493 1048 3574 uccamus’,
1071 3517 1137 3557 cum
1155 3497 1260 3558 Velius
1278 3496 1360 3556 dicat

211 3601 241 3643 cs
264 3585 328 3643 siue
350 3603 369 3642 x
392 3602 454 3644 esse
478 3587 650 3645 uocantium
674 3588 763 3645 sicuti
785 3585 894 3665 ψύττα,
917 3588 995 3648 sicut
1017 3592 1044 3647 st
1065 3605 1137 3647 uoce
1160 3589 1258 3648 tacere
1276 3587 1358 3646 iube-

210 3692 286 3747 mur,
309 3672 472 3752 digitorum
495 3675 612 3754 crepitu
634 3695 741 3754 pueros
764 3676 803 3736 ad
825 3676 1062 3754 respondendum
1085 3678 1203 3737 ciamus.
1246 3675 1358 3747 Quodsi

210 3762 290 3823 Velii
314 3765 419 3825 auctor
440 3782 457 3822 r
480 3765 560 3841 apud
581 3764 733 3826 Lucilium
755 3766 887 3843 positum
909 3785 972 3827 esse
990 3786 1045 3844 pro
1065 3783 1096 3825 er
1113 3766 1254 3841 uouisset,
1276 3765 1309 3825 id
1326 3765 1358 3825 in

210 3872 264 3914 sua
286 3853 515 3914 ratiocinatione
538 3874 594 3932 pro
618 3858 793 3934 argumento
816 3857 971 3932 posuisset.
1016 3856 1123 3932 Itaque
1147 3856 1227 3932 qnod
1248 3855 1359 3915 Lucilii

210 3962 297 4003 uersu
318 3945 379 4004 381
405 3945 459 4020 qni
482 3946 545 4004 exit
567 3946 600 4003 in
619 3946 776 4020 yemicotl
799 3944 941 4020 efficitur,
967 3945 1047 4005 idem
1070 3945 1126 4004 hac
1149 3944 1229 4005 Velii
1257 3944 1357 4023 dispu-

210 4034 324 4093 tatione
351 4032 544 4114 intellegitur.
596 4033 716 4096 Scilicet
746 4035 825 4112 apud
852 4035 1002 4096 Lucilium
1033 4035 1156 4095 nomina
1187 4034 1357 4095 litterarum

209 4124 280 4181 sunt
303 4125 356 4182 aut
385 4125 450 4183 soni
477 4124 647 4184 litterarum
674 4125 733 4201 ipsi
761 4126 814 4184 aut
840 4124 963 4186 nomina
985 4124 1105 4186 Graeca.
1147 4125 1237 4202 Apud
1258 4125 1356 4184 Plaut

208 4211 297 4270 Merc.
318 4212 382 4272 304
409 4213 579 4273 litterarum
608 4232 696 4274 sonos
728 4233 782 4291 pro
813 4215 984 4277 nominibus
1016 4234 1078 4277 esse
1109 4215 1231 4274 uidetur
1261 4217 1356 4274 metro

210 4301 316 4373 scinci,
339 4319 407 4360 cum
429 4301 511 4364 dicat
532 4304 606 4364 haec
628 4303 777 4380 Demipho
801 4299 910 4365 ‘Hodie
932 4307 976 4366 ire
998 4306 1032 4365 in
1053 4305 1157 4365 ludum
1180 4305 1282 4381 occepi
1306 4304 1356 4363 lit-

208 4390 353 4449 terarium
375 4390 561 4469 Lysimache,
582 4395 683 4454 ternas
706 4395 767 4454 scic
789 4394 859 4453 iam.
877 4394 911 4454 L.
932 4393 1009 4467 Quid
1031 4392 1152 4454 ternas?
1175 4393 1212 4453 D.
1230 4388 1355 4454 Ano’.

210 4479 377 4540 Trinummi
394 4500 423 4541 n
443 4483 506 4543 915
530 4485 566 4544 ut
592 4484 764 4560 corruptum
791 4484 906 4544 omitto.
951 4485 1084 4544 Nomina
1110 4484 1212 4544 autem
1238 4483 1354 4543 littera·
