3036 5004
558 378 646 435 XXIX
664 397 691 434 u.
711 385 862 437 edd-806.
1220 381 1287 447 283

137 548 345 609 tantummodo
368 548 536 609 abiaticum
559 568 660 611 casum
683 550 772 610 huius
796 550 924 609 nominis
947 551 1027 627 apud
1051 549 1190 627 antiquos
1216 553 1286 611 scri-

137 641 238 714 ptores
265 639 402 698 inueniri.
453 637 558 699 Posuit
584 639 711 700 Plautus
740 640 770 698 in
805 658 907 700 uersus
937 641 1018 699 exitu
1041 641 1061 699 l.
1085 659 1107 699 s.
1131 640 1287 701 schemae

137 730 283 805 correpta,
306 728 493 789 Achaeorum
516 731 636 788 secutus
659 728 821 789 dialectum
845 746 912 788 cum
931 728 1099 805 Hesychius
1117 748 1139 790 s.
1154 748 1182 788 u.
1197 726 1287 809 σχίμα

137 816 243 877 doceat
265 816 400 877 Achaeos
428 819 471 877 ita
498 820 614 880 locutos
642 838 698 896 pro
725 826 836 898 σχῆμα,
863 821 968 879 contra
995 817 1129 898 legitime
1153 818 1287 879 Naeuius

138 906 215 965 TRF
236 909 274 966 31
301 905 371 966 edit.
392 909 410 966 3
436 901 593 968 ‘Bacchico
612 927 680 967 cum
698 903 869 983 schemata'3
888 908 989 968 Plauti
1007 908 1175 984 exemplum
1193 911 1287 969 secuti

138 1014 201 1056 esso
220 995 361 1056 uidentur
381 995 526 1057 Caecilius
546 990 611 1078 (57.
634 998 711 1057 76R
730 997 799 1058 odit.
820 989 861 1078 3)
873 997 1055 1074 Pomponius
1071 999 1143 1058 150.
1171 997 1287 1057 Medius

137 1088 217 1145 inter
243 1084 386 1145 Plautum
418 1089 449 1144 et
475 1086 625 1146 Naeuium
657 1089 689 1146 iu
721 1086 776 1146 hoc
808 1105 864 1147 usu
897 1089 959 1147 atat
988 1085 1131 1147 Lucilius.
1177 1086 1287 1148 Versus

137 1175 258 1234 uidetur
290 1179 423 1251 spectare
456 1176 588 1236 Atticam
621 1176 772 1252 quandam
804 1176 1000 1236 comoediam:
1033 1177 1104 1236 conf
1129 1177 1219 1237 Isocr.
1252 1176 1288 1237 de

138 1264 266 1325 antidea.
288 1265 348 1325 181
375 1265 411 1324 de
435 1268 500 1328 arte
523 1264 726 1343 paedotribica
749 1256 786 1342 ἧς
808 1262 828 1343 ἡ
851 1263 1035 1345 γυμναστικὴ
1059 1262 1145 1346 μέρος
1163 1262 1226 1326 ἔστί
1236 1312 1242 1324 .
1259 1313 1286 1324 ..

137 1351 259 1414 ἐπειδὰν
285 1351 341 1434 γὰρ
369 1353 480 1433 λάβωσι
503 1354 654 1432 μαθητάς,
682 1355 714 1415 οἱ
737 1351 791 1433 μὲν
818 1354 1006 1434 παιδοτρίβαι
1032 1352 1067 1414 τὰ
1094 1354 1227 1434 σχήματα
1253 1353 1288 1415 τὰ

100 1464 104 1468 ·
138 1441 214 1523 πρὸς
235 1440 291 1520 τήν
313 1440 445 1524 ἀγωνίαν
468 1441 615 1524 εὑρημένα
638 1442 706 1516 τοὺς
730 1452 896 1521 φοιτῶντας
923 1443 1128 1505 διδάσκουσινε
1158 1444 1194 1505 de
1221 1444 1287 1522 pul'·

140 1532 307 1593 chiitndine
330 1533 513 1594 schematum
533 1533 591 1593 (lic.
611 1533 660 1592 Or.
682 1534 744 1593 228
770 1528 816 1593 ‘ut
834 1534 912 1594 enim
934 1533 1063 1594 athletas
1083 1534 1288 1595 ...uidemus

139 1622 214 1682 nihil
238 1641 291 1682 nec
313 1623 440 1683 nitendo
463 1624 559 1683 facere
588 1626 675 1682 caute
702 1643 755 1683 nec
783 1623 912 1701 petendo
939 1624 1142 1699 uehementer,
1169 1624 1201 1682 in
1228 1642 1288 1700 quo

139 1731 199 1772 uon
221 1715 320 1772 motus
342 1712 391 1772 hic
413 1712 524 1772 habeat
550 1713 732 1789 palaestram
760 1712 923 1789 quandam,
950 1716 987 1772 ut
1014 1712 1155 1790 quicquid
1183 1713 1215 1772 in
1239 1713 1288 1772 h'i's

139 1801 226 1860 rebus
249 1800 304 1860 fiat
326 1802 443 1861 utiliter
466 1802 504 1863 ad
526 1821 673 1880 pugnam,
701 1803 778 1862 idem
807 1802 845 1861 ad
871 1803 1024 1879 aspectum
1051 1802 1143 1862 etiam
1170 1803 1211 1863 ait
1237 1820 1288 1862 uc

139 1887 285 1964 nuatum’3
313 1891 349 1950 de
372 1910 413 1951 or.
432 1892 479 1951 HI
499 1894 564 1953 200
592 1886 853 1967 ‘quemadmodum
882 1893 934 1967 qui
962 1894 1090 1951 utuntur
1117 1893 1208 1952 armis
1235 1894 1290 1951 aut

139 1981 291 2057 palaestra
310 1999 369 2041 nou
388 1982 486 2040 solum
504 1980 562 2041 sibi
580 1981 697 2041 uitandi
716 1985 770 2041 aut
787 1981 918 2041 feriundi
936 1982 1083 2040 rationem
1102 2000 1165 2041 esse
1178 1980 1288 2041 haben-

140 2070 208 2131 dam
231 2073 349 2147 putent
372 2071 422 2130 sed
446 2071 537 2130 etiam
559 2074 594 2130 ut
617 2090 683 2129 cum
706 2074 865 2131 uenustate
884 2066 1082 2130 moueantur’.
1098 2103 1139 2112 -
1156 2072 1289 2147 antiquo,

140 2161 210 2219 coni
226 2159 334 2218 Athen.
353 2159 424 2218 XIV
442 2180 470 2236 p.
491 2161 555 2220 629
566 2159 605 2218 B:
623 2159 682 2220 ἔστι
701 2155 733 2220 δὲ
752 2156 802 2219 καί
820 2157 855 2219 τὰ
873 2167 932 2228 τῶν
951 2157 1080 2239 ἀρχαίων
1099 2160 1289 2240 δημιουργῶν

140 2246 290 2328 ἀγάλματα
313 2256 366 2326 τῆς
388 2253 514 2320 παλαιᾶς
538 2245 684 2328 ὀρχήσεως
707 2249 845 2323 λείψανα·
869 2247 915 2308 διὸ
939 2245 989 2308 καί
1012 2246 1138 2327 συνέστη
1160 2247 1196 2308 τὰ
1216 2247 1289 2309 κατὰ

139 2336 195 2416 τὴν
217 2336 404 2417 χειρονομίαν
427 2334 650 2417 ἐπιμελεστέρας
673 2336 722 2397 διὰ
745 2336 856 2416 ταύτην
878 2335 933 2415 τὴν
951 2337 1057 2398 αἰτίαν.
1094 2335 1216 2415 ἐζήτουν
1233 2335 1289 2418 γὰρ

141 2424 198 2487 κᾶν
220 2426 311 2512 ταύτῃ
333 2426 464 2505 κινήσεις
487 2424 579 2499 καλὰς
601 2424 651 2487 καί
673 2423 872 2505 ἐλευθερίους,
895 2423 928 2486 ἐν
950 2418 991 2509 τῷ
1013 2417 1047 2487 εὖ
1065 2425 1098 2488 τὸ
1116 2423 1289 2509 piperata-

141 2515 352 2596 λαμβάνοντες·
381 2513 431 2576 ιιαί
452 2515 488 2577 τὰ
510 2515 642 2596 σχήματα
665 2513 826 2596 μετέφερον
848 2512 988 2576 ἐντεῦθεν
1011 2514 1054 2588 είς
1075 2514 1146 2588 τοὺς
1173 2514 1289 2596 κόρους,

140 2603 173 2666 ἐκ
196 2602 228 2667 δὲ
251 2613 311 2666 τῶν
332 2614 428 2686 χορῶν
450 2605 492 2679 είς
514 2604 585 2679 τοὺς
606 2605 793 2687 παλαίστρας.

231 2689 314 2756 805.
337 2696 455 2756 Nonius
479 2717 508 2774 p.
529 2696 642 2764 248AE
671 2690 814 2770 ‘Bellum,
847 2694 981 2772 elegans,
1013 2695 1119 2754 melius
1151 2693 1289 2770 prudens.

141 2784 274 2845 Lucilius
292 2785 344 2845 lib.
358 2785 504 2845 XXVIIII
524 2779 677 2845 “aetatem
694 2830 699 2842 .
716 2831 722 2842 .
738 2830 744 2843 .
758 2778 892 2862 putas'’.'
926 2783 1019 2844 Aetas
1037 2784 1128 2862 longa
1145 2784 1290 2862 magistra

142 2873 230 2935 Ouid.
249 2874 360 2935 heroid.
380 2874 407 2931 V
428 2876 483 2934 96:
517 2870 631 2935 ‘credas
660 2869 783 2933 bonum'
812 2873 927 2951 opinor,
954 2875 1183 2937 antecesserunt.
1219 2873 1291 2934 Alia

142 2963 359 3044 significatione
384 2958 477 3024 ‘aetas
500 2961 584 3024 tulit'
609 2964 726 3024 Terent
746 2963 838 3023 Andr.
858 2964 936 3023 443:
964 2963 1056 3022 simili
1078 2961 1204 3047 Adelph,
1225 2964 1288 3022 855

143 3048 325 3130 ‘Numquam
354 3053 399 3113 ita
426 3056 583 3131 qnisquam
611 3053 685 3114 bene
712 3052 859 3113 subducta
884 3053 1001 3113 ratione
1029 3051 1067 3111 ad
1096 3052 1192 3112 uitam
1223 3049 1290 3126 init,

142 3145 215 3221 quin
237 3163 285 3203 res
304 3145 391 3204 'aetas
414 3163 487 3203 usus
509 3162 625 3220 semper
647 3143 762 3220 aliquid
776 3142 920 3219 adportet
937 3137 1029 3202 noui':
1053 3141 1190 3202 consuit.
1209 3141 1289 3202 XXX

133 3252 170 3292 «u.
192 3235 286 3294 1054.
1257 3244 1260 3249 “

153 3330 159 3362 ῑ
232 3315 316 3383 806.
339 3322 455 3382 Nonius
478 3343 507 3400 p.
527 3323 600 3397 436,
620 3325 660 3382 31
687 3316 853 3400 ‘Cupiditas
877 3324 908 3380 et
930 3320 1038 3398 cupido
1061 3319 1179 3380 diuersa
1207 3324 1290 3382 suu‘t:

142 3431 213 3471 nam
240 3411 389 3488 cupiditas
415 3411 512 3471 leuior
543 3414 596 3472 est.
646 3411 779 3472 Lucilius
806 3409 857 3471 lib.
879 3410 1022 3470 XVIIII
1051 3405 1239 3488 “cupiditas-⁷
1252 3430 1291 3470 er

143 3502 264 3570 tomice,
287 3502 393 3575 cepido
415 3518 450 3560 cc
471 3503 557 3562 aeae
579 3519 743 3578 numquam
765 3495 918 3575 tollitur’'‚
946 3499 1027 3577 quod
1050 3499 1198 3577 cupiditas
1221 3492 1291 3578 pare

143 3589 290 3667 quaedam
308 3590 349 3671 ait
361 3590 561 3674 ¹temperatior
579 3591 710 3651 defluens
729 3609 763 3650 ex
782 3585 940 3666 cupidine’.
973 3588 1063 3649 Libro
1079 3589 1195 3648 XXIX
1211 3592 1291 3649 recte

134 3678 287 3740 adscribit
314 3679 536 3741 Lachmannua:
563 3681 641 3741 idem
669 3679 796 3740 adnotat
823 3674 952 3740 ‘Nonius
980 3673 1105 3738 deliro?
1130 3678 1291 3756 scribitque

138 3774 170 3828 ‘ct
195 3771 289 3828 culm
335 3768 378 3828 At
404 3769 519 3830 Nonius
546 3773 610 3830 aine
637 3769 727 3830 dubio
754 3769 874 3846 scripsit
900 3769 1005 3844 capide
1034 3786 1068 3827 cc
1094 3769 1185 3827 etucc
1206 3784 1290 3826 ιιαιιι-

144 3876 237 3932 quom
260 3858 369 3918 ίοίίίίαν
396 3858 484 3918 sicuti
512 3878 547 3919 ex
575 3860 638 3919 eiua
665 3858 852 3919 enarratione
880 3857 1079 3936 intellegitint
1110 3870 1206 3933 neque
1238 3859 1292 3930 eet,

144 3947 237 4025 qnod¹
251 3946 408 4025 deceptum
435 3956 503 4007 eum
534 3966 588 4008 sua
620 3947 752 4008 stultitia
783 3948 888 4021 cepido
920 3946 1101 4006 adiectiuum
1119 3936 1291 4009 ¹credidisse

145 4037 323 4098 arbitremur
344 4055 400 4114 pro
420 4035 618 4110 substantiae,
640 4035 708 4097 ideo
727 4036 865 4114 quodid
888 4035 968 4112 qnod
985 4035 1228 4095 recte-traditum
1247 4037 1293 4094 est

135 4131 180 4187 'eu
201 4127 288 4187 stallo
310 4129 378 4204 post
400 4125 477 4185 illud
495 4133 534 4186 ἀι
556 4127 670 4186 tomice
691 4126 797 4202 apice
814 4125 950 4203 positum
973 4123 1132 4187 admodum
1159 4124 1291 4202 languet.

144 4217 251 4294 Itaque
273 4216 411 4277 lacunam
435 4216 625 4276 statuendam
648 4226 711 4276 esse
734 4215 933 4278 manifestum·
949 4217 995 4274 est
1017 4232 1108 4291 quam
1130 4213 1187 4274 hoc
1204 4213 1293 4275 modo

137 4307 276 4384 expleas:
305 4302 464 4384 ‘cupiditas
488 4323 523 4365 ex
546 4306 665 4366 homine
687 4301 776 4384 <tolli
803 4303 915 4383 poterIt
940 4304 1107 4382 praeceptis
1126 4301 1232 4364 ‘bonim
1260 4307 1293 4364 at

145 4414 222 4473 quae
245 4396 350 4456 innata
372 4398 419 4456 est
440 4391 541 4470 mala>
566 4393 674 4473 cupido
698 4415 733 4456 ex
755 4395 852 4456 stulto
872 4396 1035 4471 numquam
1059 4388 1197 4455 tollitor'.
1229 4393 1292 4454 llx-

145 4485 219 4547 cidit
241 4488 321 4546 enim
342 4486 374 4546 iu
398 4485 560 4565 archetypo
583 4503 659 4548 unus
680 4498 794 4548 uersus.
826 4483 914 4559 Quia
928 4482 1048 4548 intersit
1064 4483 1293 4546 intermontes
