3060 5010
628 375 667 430 xl
685 394 712 431 u.
732 383 883 435 411-111.
1269 379 1334 447 155

272 538 356 609 413.
378 546 494 607 Nonius
516 567 546 625 p.
561 548 617 623 22,
638 549 680 607 30
709 541 874 625 ‘'lh-icones,
904 550 1014 610 morosi
1038 551 1069 610 et
1091 548 1130 610 ad
1151 549 1334 612 reddendum

182 637 258 697 dun'.
310 637 444 697 Lucilius
474 639 644 714 satyranun
673 637 724 697 lib.
748 637 791 697 XI
821 633 982 698 “Lucilius
1011 630 1072 717 (111
1099 631 1141 721 G)
1173 640 1262 701 Cotta

177 729 285 803 paceni
313 718 435 809 (pancci
454 718 496 807 G)
525 745 651 806 magnus
678 727 738 787 fuit
759 729 835 788 trico
854 773 861 787 .
878 776 884 787 .
900 775 907 788 .
925 723 1057 804 lentns”,
1084 728 1118 788 id
1147 733 1192 790 eat
1214 726 1333 792 facilis'.

182 817 266 877 Idem
297 836 325 893 p.
348 818 426 892 333,
452 819 492 877 10
526 812 679 891 ‘Lentum,
711 818 808 878 facile.
853 817 987 878 Lucilius
1020 821 1189 896 satyrarum
1221 819 1272 879 lib.
1291 821 1334 880 XI

184 902 299 967 “Gotta
318 953 324 967 .
340 952 347 965 .
363 954 368 965 .
383 924 488 980 pacem
510 925 637 984 magnus
660 909 731 966 trice
753 908 811 981 suit
901 904 1044 968 lentus”.’
1087 908 1240 969 Vocabulo
1264 913 1334 969 1111

183 1015 253 1057 usus
281 997 327 1056 ast
355 998 459 1056 auctor
485 997 567 1056 uitae
595 997 669 1056 Veri
696 999 886 1074 imperatoris
914 1016 977 1075 cap.
997 999 1070 1073 4,6
1101 994 1146 1057 ‘ut
1173 1003 1335 1079 uagaretnr

184 1089 270 1146 nocte
292 1106 348 1163 per
369 1085 508 1146 tabernas
533 1106 567 1147 ac
589 1086 749 1163 lupanaria
772 1086 889 1147 obtecto
913 1089 1012 1164 capite
1030 1087 1196 1149 cucullione
1215 1090 1334 1169 uulgari

183 1177 314 1237 uiatorio
343 1178 374 1236 et
397 1178 606 1237 comissaretur
633 1195 700 1236 cum
728 1172 911 1237 triconibus'.
950 1177 1036 1237 Adde
1058 1180 1185 1239 tesseras
1208 1179 1334 1240 lusorias

183 1264 218 1326 de
251 1266 359 1342 quibus
386 1266 555 1326 Huelsenus
578 1268 641 1345 egit
663 1267 783 1327 11111111.
810 1266 836 1326 d.
865 1286 955 1327 roem.
980 1268 1059 1327 arch
1082 1267 1155 1328 inst.
1180 1269 1223 1328 XI
1248 1270 1332 1330 1836

182 1377 211 1433 p.
228 1357 305 1416 2312
333 1356 412 1433 apud
442 1355 599 1416 Comenses
627 1358 797 1416 etiamnunc
827 1359 922 1431 trigon
953 1359 1155 1418 cunctatorem
1187 1359 1334 1437 appellari

183 1446 303 1506 Diezins
322 1445 426 1506 edocet
439 1445 574 1505 nocabul.
589 1446 748 1525 etymolog.
764 1438 823 1527 (ed.
840 1438 941 1527 1887)
960 1467 988 1523 p.
1000 1448 1073 1506 327.
1089 1481 1132 1489 -
1146 1447 1179 1507 L.
1194 1447 1334 1509 Aurelius

185 1534 282 1610 Cotta,
301 1534 336 1595 de
355 1555 415 1613 quo
433 1536 480 1596 his
498 1534 633 1596 uersibus
654 1538 764 1614 agitur,
782 1537 835 1596 illo
854 1539 987 1614 tcmpore
1005 1538 1067 1597 iam
1085 1539 1151 1598 erat
1169 1537 1334 1613 defunctus,

183 1627 236 1702 qui
263 1625 366 1686 consul
393 1627 458 1685 erat
485 1644 563 1686 anno
592 1619 750 1705 6101141.
801 1626 878 1686 Aere
911 1626 1008 1686 alieno
1037 1626 1162 1687 obrutus
1190 1631 1221 1687 11
1247 1630 1334 1705 inops

183 1714 252 1790 fuit,
275 1713 425 1791 Scipionis
447 1717 596 1790 11111111,
620 1716 672 1793 qui
695 1718 815 1776 auctore
834 1715 901 1775 Val.
919 1716 997 1775 Max.
1016 1715 1060 1775 VI
1080 1718 1108 1790 4,
1130 1718 1147 1775 2
1174 1712 1253 1776 ‘cum
1272 1717 1333 1777 Ser.

184 1803 334 1882 Sulpicius
359 1803 456 1865 Galba
479 1807 509 1863 et
532 1805 672 1866 Aurelius
696 1806 830 1867 consules
852 1807 885 1866 in
907 1809 1014 1866 senatu
1037 1806 1250 1866 contenderent
1268 1810 1335 1867 uter

183 1893 325 1954 aduersus
361 1894 533 1954 Viriathum
569 1896 602 1955 in
637 1895 816 1972 Hispaniam
853 1897 1023 1955 mitteretur
1136 1891 1335 1972 “neutrum”,

183 1985 291 2062 inquit,
316 1979 415 2044 “mihi
437 1986 519 2044 mitti
542 1985 650 2062 placet,
673 1986 745 2063 quia
768 1985 845 2045 alter
867 1985 943 2045 nihil
965 1985 1064 2060 habet,
1087 1985 1176 2046 alteri
1194 1987 1271 2046 nihil
1289 1991 1335 2047 est

183 2068 280 2134 satis”
303 2074 332 2148 5,
351 2076 371 2133 4
396 2069 561 2152 “magnam
583 2074 704 2134 landem
726 2078 757 2135 et
774 2075 851 2135 illud
870 2076 1029 2154 collegium
1048 2075 1236 2137 tribunorum
1254 2077 1335 2152 tulit,

183 2163 277 2240 quod,
305 2181 372 2223 cunr
398 2183 475 2224 unus
503 2183 539 2224 ex
569 2184 604 2225 eo
634 2162 668 2223 L.
689 2164 777 2225 Cotta
805 2164 913 2225 fiducia
941 2167 1146 2227 sacrosanctae
1175 2167 1334 2243 potcstatis

183 2253 379 2313 creditoribus
410 2255 472 2314 suis
505 2255 578 2314 satis
611 2255 708 2315 facere
740 2255 847 2330 nollet,
879 2255 1011 2316 decreuit
1040 2257 1066 2315 si
1095 2273 1186 2330 acqua
1212 2256 1335 2316 solueret

178 2343 338 2418 preamium
356 2363 451 2420 neque
470 2343 556 2404 daret
574 2363 642 2404 cum
661 2363 720 2421 quo
739 2346 859 2420 sponsio
873 2344 966 2419 fieret,
984 2363 1016 2405 11
1030 2344 1252 2421 appellantibus
1267 2365 1335 2405 eum

184 2433 379 2494 creditoribus
402 2434 515 2493 auxilio
537 2429 719 2493 futmum’'.’
758 2430 821 2494 ‘Bis
840 2435 943 2495 consul
961 2434 1061 2494 fuerat
1078 2434 1111 2495 P.
1125 2434 1286 2495 Africanus
1305 2439 1336 2495 et

183 2523 258 2583 duos
276 2524 405 2583 terrores
419 2523 508 2584 huius
521 2525 649 2600 imperii,
665 2522 876 2602 Carthaginem
890 2523 1156 2600 Numantiamque,
1175 2524 1335 2599 deleuerat,

184 2631 251 2672 cum
279 2614 433 2674 accusauit
463 2612 497 2673 L.
519 2608 650 2673 Gottam'
684 2605 759 2694 (cio.
783 2633 837 2691 pro
864 2614 940 2672 Mur.
966 2613 1022 2672 582
1055 2611 1243 2690 Oxyrhynm
1262 2613 1334 2690 Pap.

183 2702 242 2763 nol.
260 2701 305 2762 IV
328 2723 356 2779 p.
374 2694 461 2783 115).
502 2702 597 2764 Filius
617 2705 669 2780 qui
687 2704 870 2778 11111111
889 2705 1015 2763 constat
1051 2704 1160 2763 Paceni
1177 2704 1335 2764 uocatiuus

184 2795 230 2852 est
252 2812 270 2851 a
293 2792 447 2868 Paconius,
471 2793 550 2869 qnod
568 2812 675 2852 nomen
694 2812 838 2872 agnoscas
857 2793 975 2869 oportet
994 2790 1123 2869 (111-ο
1148 2791 1262 2852 011111.
1284 2794 1334 2869 59,

187 2882 246 2941 161
275 2876 420 2942 ‘Anchari
443 2883 474 2942 et
495 2881 605 2943 Paceni
627 2882 798 2959 pastoribus
822 2882 910 2944 huius
938 2882 1061 2941 uilicum
1091 2883 1153 2941 uim
1176 2885 1207 2942 et
1229 2901 1334 2944 manus

184 2966 343 3032 attulisse'.
396 2972 513 3032 Nomen
545 2974 591 3031 111
624 2972 816 3051 Paelignum,
849 2963 953 3045 (Albia
988 2971 1101 3032 Pacina
1124 2970 1196 3032 011.
1215 2971 1246 3031 H
1270 2974 1334 3033 150

183 3060 316 3140 Pagnius
341 3061 384 3120 IX
411 3062 497 3121 3633
531 3061 672 3123 Pacinius
701 3062 744 3122 XI
771 3053 871 3143 2779)
909 3062 1038 3122 Petinus
1070 3080 1121 3122 rex
1152 3064 1335 3122 memoratur

184 3152 262 3212 Fest.
277 3172 306 3228 p.
323 3153 458 3227 222,11.
496 3151 624 3228 Scripsit
637 3153 732 3231 igitur
749 3152 883 3213 Lucilius
902 3153 966 3212 siue
984 3155 1118 3212 saturam
1136 3171 1227 3211 unam
1245 3152 1334 3212 huius

185 3240 256 3300 libri
283 3242 347 3301 siue
376 3243 474 3301 totum
502 3241 613 3301 librum
636 3242 675 3302 ad
697 3242 858 3302 Paconium
881 3241 1030 3319 quendam
1052 3244 1195 3302 amicum:
1223 3242 1335 3302 similes

184 3333 254 3390 sunt
280 3348 385 3391 uersus
412 3330 463 3391 lib.
482 3331 527 3390 IV
547 3333 610 3392 143
630 3350 710 3409 seqq.
756 3332 801 3392 De
828 3332 956 3393 lectione
989 3333 1119 3392 constat:
1151 3351 1221 3392 nam
1253 3331 1336 3409 apud

183 3419 260 3480 Non.
279 3441 308 3497 p.
325 3420 388 3481 338
417 3421 493 3481 codd
514 3439 633 3496 paeon,
660 3442 689 3499 p.
706 3423 746 3481 22
770 3424 878 3496 paceni
904 3422 938 3481 L.
972 3420 1079 3498 Itaque
1102 3421 1190 3482 nihili
1213 3424 1258 3482 est
1280 3420 1334 3482 cod

184 3507 210 3569 G
240 3510 342 3585 lectio,
375 3510 426 3587 qui
457 3511 513 3572 hoc
540 3511 606 3572 loco
632 3510 742 3572 habeat
764 3513 884 3585 paneri,
912 3530 1008 3587 neque
1038 3512 1159 3571 omnino
1182 3510 1335 3588 probanda

184 3602 270 3660 uetus
298 3600 352 3659 illa
380 3602 550 3661 coniectura
576 3602 714 3670 Panaeti,
742 3601 821 3660 unde
849 3600 887 3661 ad
915 3599 1092 3661 Panaetium
1119 3600 1198 3660 hunc
1224 3600 1335 3660 librum

184 3707 247 3749 esse
270 3690 415 3766 scriptum
439 3690 599 3749 effecerunt
622 3692 768 3751 nonnulli.
792 3723 836 3733 -
858 3689 892 3750 L.
908 3689 997 3752 Cotta
1015 3710 1112 3765 senex,
1135 3691 1227 3751 crassi
1250 3692 1336 3765 pater

184 3775 287 3853 huius]
315 3777 418 3838 eodem
450 3778 538 3839 modo
570 3781 682 3840 1418
713 3781 848 3858 loquitur
869 3797 923 3839 neo
947 3781 1036 3841 aliter
1059 3780 1161 3840 Cicero
1184 3778 1220 3838 dc
1244 3798 1285 3839 or.
1305 3777 1335 3837 H

186 3867 249 3926 265
275 3862 326 3926 ’11.
342 3865 444 3927 Cicero
468 3887 569 3942 senex,
596 3868 684 3929 huius
714 3870 774 3929 uiri
801 3870 908 3947 optimi
937 3870 1032 3930 nostri
1055 3869 1214 3929 familiaris
1236 3863 1333 3944 pater'

186 3957 222 4015 de
245 3958 307 4016 nat
326 3955 405 4016 deor.
424 3956 440 4016 I
460 3959 501 4018 79
526 3952 573 4028 Ὁ.
593 3955 726 4033 Catulus,
748 3957 836 4019 huius
861 3959 992 4037 collegae
1015 3960 1045 4019 11
1063 3957 1223 4018 familiar-Is
1241 3958 1336 4017 nostri

184 4040 283 4123 pater’
306 4045 338 4106 H
358 4047 429 4121 2,d
458 4044 494 4107 de
521 4046 570 4107 111.
593 4046 639 4106 lH
665 4050 719 4124 16,
739 4049 780 4107 66
814 4043 1008 4108 ‘Arbronium
1041 4048 1186 4121 Silonem,
1217 4047 1336 4124 patrem

184 4136 272 4198 huius
291 4131 413 4197 Silonis’
434 4135 501 4197 Sen.
516 4155 627 4198 suasor.
642 4137 673 4196 H
689 4140 738 4199 19.
776 4135 857 4197 Satis
875 4137 973 4214 lepide
992 4136 1112 4198 Cottam
1131 4136 1207 4196 dixit
1224 4137 1336 4196 soluere

183 4227 260 4286 111111
282 4227 399 4294 lentum,
423 4226 443 4286 i.
463 4246 486 4287 e.
510 4226 656 4306 γλίσχρον,
679 4226 862 4286 infinitiuum
881 4224 1061 4287 Graecorum
1083 4245 1165 4286 more
1186 4226 1335 4287 adiectiuc

185 4315 357 4377 adnectens:
376 4314 477 4376 Seneo.
497 4315 533 4375 de
552 4317 647 4378 benef.
661 4316 690 4373 V
705 4318 756 4391 22,
777 4320 793 4376 1
816 4311 931 4395 ‘segnes
950 4318 981 4376 et
998 4316 1087 4392 tardi,
1104 4315 1187 4376 lanta
1204 4317 1335 4392 nomina,

185 4424 245 4465 non
272 4401 364 4467 mala'
394 4405 511 4467 (111111
534 4406 754 4482 Att.X11,2
780 4401 850 4466 ‘Illa
877 4406 913 4467 de
940 4408 1057 4468 ratione
1084 4407 1253 4467 nummaria
1274 4426 1335 4467 non

185 4497 256 4556 sunt
283 4496 345 4557 eius
373 4497 593 4558 modian
621 4499 773 4561 existimas
799 4497 885 4559 illum
912 4499 945 4558 in
972 4499 1031 4559 isto
1059 4516 1165 4580 genere
1187 4495 1335 4560 lentulum
