3036 5004
213 370 280 434 314
576 369 790 424 XXVI-XXIX
808 388 835 423 u.
855 373 1005 424 666-666.

211 542 309 613 ferum
335 558 407 599 num
432 534 569 613 66666”.’
615 539 698 599 Idem
717 559 745 615 p.
767 541 879 612 217‚5
909 533 1066 598 ‘Pertisum
1092 537 1296 596 ‹ci——
1312 539 1368 614 qui

214 629 276 688 Pau
453 623 462 651 '
486 629 574 687 Pauli
600 630 670 705 epit.
689 648 717 704 p.
738 629 801 687 216
832 624 989 704 ‘pertisum
1010 646 1064 703 pro
1088 631 1259 703 pertaesum
1282 627 1368 687 dixe-

212 714 294 778 runt’
319 738 347 794 p.
369 719 409 776 72
439 712 590 778 ‘distisum
618 722 649 777 66
675 719 821 795 pertisum
849 712 998 777 dicebant'
1019 736 1042 776 6Ι
1063 736 1090 793 q.
1110 736 1132 776 s.
1157 716 1217 777 (116.
1236 736 1278 776 66.
1299 718 1366 777 159

213 804 260 867 ‘ex
284 826 343 884 quo
367 807 490 884 quidam
512 809 658 884 pertisum
681 807 773 866 etiam
795 807 914 882 uolunt,
944 806 1024 882 quod
1050 806 1153 866 eadem
1181 806 1367 867 consuetudo

212 917 272 957 non
294 893 456 974 probauit'.
502 897 770 971 6611611666
795 890 936 956 ‘uortices
959 898 990 955 ct
1016 915 1120 956 uorsus
1148 899 1304 972 ceteraque
1333 897 1368 954 in

212 987 338 1047 eundem
361 986 496 1061 modum,
523 1005 599 1062 6666
622 987 736 1062 primus
760 985 860 1061 Scipio
883 985 1044 1045 Africanus
1066 988 1099 1044 in
1122 1005 1138 1045 e
1160 985 1293 1045 litteram
1320 1004 1367 1045 se-

212 1078 340 1136 cundam
358 1076 484 1136 uertisse
503 1070 634 1135 dicitnr’.
671 1074 819 1151 Scipionis
833 1074 975 1151 loquendi
988 1075 1232 1135 consuetudinem
1245 1074 1367 1134 Lucilio

212 1187 272 1227 non
295 1168 399 1242 utique
422 1166 570 1242 placuisse
593 1165 742 1224 testantur
767 1164 880 1240 passim
902 1164 994 1224 Nonii
1022 1164 1097 1224 codd
1125 1159 1211 1246 (conf
1234 1164 1367 1224 indicem

212 1276 337 1335 gramm·
357 1275 380 1316 s.
395 1276 423 1314 u.
438 1247 658 1336 crtbcyrcpbta)
683 1255 735 1331 qui
756 1254 921 1331 praebeant
944 1255 1106 1313 6666166666
1129 1254 1253 1313 similia:
1273 1273 1367 1329 quam

215 1345 363 1422 Scipionis
387 1344 531 1421 loquendi
552 1343 797 1404 consuetudinem
818 1344 875 1403 hoc
893 1343 958 1404 loeo
976 1345 1066 1420 poeta
1083 1342 1242 1420 impugnat
1259 1342 1367 1402 facete.

214 1436 362 1512 Scipionis
390 1435 567 1495 meminerat
594 1438 630 1493 ut
656 1436 715 1493 uiri
746 1433 913 1493 doctissimi
944 1433 1021 1492 libro
1054 1435 1089 1492 ut
1119 1433 1239 1492 uidetur
1266 1432 1368 1492 XXVI

213 1546 241 1584 u.
262 1527 340 1584 594:
363 1524 432 1584 uide
455 1524 506 1583 lib.
524 1523 640 1583 XXVII
658 1545 686 1583 u.
707 1524 779 1583 688.
826 1523 936 1582 Versus
960 1522 1084 1582 alterius
1107 1521 1205 1582 exitus
1229 1525 1275 1581 est
1301 1541 1367 1581 cor-

214 1617 335 1690 ruptus:
362 1634 378 1673 e
406 1614 515 1673 litteris
545 1609 650 1673 ‘dicere
676 1615 774 1686 soum
800 1631 871 1672 6666
894 1607 999 1686 pencs'
1028 1611 1235 1672 Lachmannus
1268 1611 1368 1670 effecit

214 1699 320 1763 ‘dicere
344 1708 545 1763 aerumncmst
566 1699 661 1777 opcs’,
688 1705 733 1762 ita
755 1704 790 1760 ut
811 1701 977 1779 personalis
1005 1702 1045 1761 sit
1072 1703 1253 1761 constructio
1280 1700 1368 1760 uerbi

209 1795 369 1868 pertisum,
402 1792 455 1851 alii
483 1793 551 1851 alia.
603 1792 668 1869 Ego
696 1793 802 1868 scripsi
830 1787 939 1850 ‘dicere
968 1791 1132 1851 humanum
1164 1785 1279 1868 genus',
1310 1809 1368 1867 pro

213 1884 357 1942 6666166666
390 1882 563 1958 genetiuum
595 1880 724 1941 arbitror
756 1881 884 1958 pluralis
917 1899 979 1940 esse
1010 1881 1242 1940 restituendum:
1275 1881 1368 1940 616661

216 1971 316 2048 Scipio
344 1971 484 2031 similiter
511 1969 1018 2046 ap.Macrob.Saturn.H]14‚7
1048 1972 1168 2047 scripsit
1197 1965 1288 2046 ‘quod
1317 1986 1368 2028 me

213 2061 396 2138 reipublicae
424 2061 551 2119 maxime
578 2061 746 2120 miseritum
774 2054 838 2119 est'.
886 2059 1042 2119 Sententia
1068 2060 1164 2139 igitur
1189 2060 1368 2135 imperfecta

215 2152 261 2210 est
293 2153 324 2209 66
355 2148 551 2209 antecedebat
577 2148 664 2208 uelut
696 2144 795 2209 ‘debes
828 2143 950 2207 tamen’.
1003 2147 1099 2209 Locus
1132 2150 1267 2225 sumptus
1302 2166 1368 2208 esse

214 2240 333 2299 uidetur
356 2259 392 2297 66
415 2241 549 2299 oratione
571 2238 719 2315 ScipionIs
744 2240 776 2298 in
800 2257 859 2315 qua
882 2239 1017 2298 homines
1036 2239 1232 2316 descripserat
1254 2238 1368 2314 turpis-

215 2331 305 2389 simos
328 2331 359 2388 66
376 2327 518 2405 perditos,
540 2331 645 2406 utpote
665 2348 791 2405 quorum
810 2326 920 2386 dudum
939 2328 1061 2387 taedeat
1079 2347 1172 2406 genus
1191 2327 1366 2386 humanum.

304 2411 387 2480 965.
411 2419 521 2478 Paulus
545 2437 580 2476 66
602 2419 691 2476 Festo
714 2437 742 2493 p.
763 2418 874 2490 276st
902 2413 1112 2494 ‘Remeligines
1135 2421 1166 2477 et
1188 2435 1321 2476 remorae
1349 2436 1368 2477 a

215 2508 358 2569 morando
386 2508 491 2568 dictae.
517 2511 627 2567 ...66
652 2506 786 2565 Lucilius
814 2500 984 2580 “quaenam
1011 2525 1069 2567 uox
1097 2526 1131 2566 ex
1161 2511 1191 2566 66
1223 2524 1367 2567 resonans

215 2617 280 2657 meo
318 2597 413 2676 gradu
448 2616 597 2657 remoram
637 2591 756 2656 facit''.'
816 2595 922 2656 Festus
950 2615 978 2671 p.
999 2598 1117 2672 acm
1151 2591 1169 2654 ‘.
1190 2641 1196 2653 .
1217 2642 1222 2653 .
1244 2642 1249 2653 .
1271 2641 1276 2654 .
1298 2614 1366 2656 meo

216 2707 250 2764 gr
252 2733 417 2745 .......
422 2683 429 2708 ’
469 2686 569 2746 Verba
591 2705 626 2745 66
649 2685 805 2764 tragoedia
828 2687 948 2762 sumpta
971 2688 1053 2745 sunt:
1082 2704 1116 2745 66
1144 2689 1196 2745 tete
1222 2703 1367 2746 resonans

215 2776 388 2848 Muellerus,
418 2777 555 2850 retempto
577 2795 718 2836 resonans
740 2774 963 2850 6666666666,
992 2793 1026 2834 ea
1050 2779 1119 2835 66616
1141 2773 1303 2852 Bergkius,
1332 2793 1368 2834 66

215 2866 286 2925 aede
313 2865 493 2924 Ribbeckius
520 2865 614 2942 praef.
638 2866 708 2924 edit.
727 2865 803 2923 TRF
821 2865 899 2941 Hp.
919 2864 1014 2924 LXXI
1043 2865 1094 2941 qui
1122 2883 1233 2924 nouum
1268 2863 1368 2923 adfert

214 2954 950 3015 66666661666661616666666.11113556
983 2954 1061 3014 unde
1088 2957 1189 3014 tamen
1219 2954 1295 3012 nihil
1328 2954 1367 3013 ad

216 3045 451 3104 emendationem
476 3047 575 3120 potest
598 3046 694 3104 acciri.
741 3045 806 3122 Ego
832 3043 930 3103 sedem
958 3045 1144 3121 corruptelae
1171 3043 1304 3103 indicaui
1334 3046 1367 3102 in

215 3153 288 3194 uoce
306 3152 466 3209 quaecum:
484 3153 554 3193 nam
572 3137 707 3211 expectes
726 3153 784 3193 non
804 3152 879 3209 6666
897 3133 948 3192 sed
966 3135 1063 3208 666116
1078 3153 1249 3210 pronomen.
1283 3132 1367 3210 Ergo

216 3226 376 3296 6666666666
397 3223 627 3283 restituendum:
650 3224 695 3282 ita
714 3225 793 3282 enim
811 3222 951 3283 locuntur
969 3225 1084 3282 ueteres
1103 3224 1243 3283 scaenici:
1267 3222 1366 3281 Plaut.

217 3312 291 3371 Rud.
313 3314 376 3372 269
402 3309 557 3389 ‘quoinam
580 3332 639 3372 uox
662 3313 737 3372 mihi
764 3331 855 3389 prope
883 3311 932 3371 hic
958 3308 1077 3372 sonat‘l'
1103 3314 1165 3371 332
1196 3307 1299 3389 ‘quoia
1329 3312 1367 3371 ad

217 3404 297 3462 auris
320 3422 379 3462 uox
402 3405 444 3461 mi
467 3397 656 3463 aduolauit‘l'
680 3401 818 3462 Bacchid.
839 3402 903 3461 979
928 3395 1102 3476 ‘quoianam
1124 3421 1184 3461 uox
1206 3421 1299 3477 prope
1319 3420 1367 3460 me

217 3486 335 3551 sonat?
369 3491 450 3550 Trin.
470 3493 511 3551 45
544 3488 645 3568 ‘quoia
671 3491 720 3551 hic
751 3510 809 3550 uox
841 3509 934 3568 prope
966 3510 1012 3549 me
1044 3485 1162 3551 sonat‘l'
1196 3490 1279 3550 Gurc.
1301 3492 1365 3550 113

218 3574 320 3656 ‘quoia
355 3600 413 3640 uox
450 3584 537 3640 sonat
572 3576 709 3656 procul?
743 3582 807 3639 229
843 3576 975 3656 ‘quoiam
1013 3599 1116 3640 uocem
1154 3599 1209 3656 ego
1246 3575 1367 3639 audio?'

216 3671 303 3729 Mero.
324 3671 389 3728 864
418 3665 528 3730 ‘nescio
557 3673 648 3746 quoia
675 3688 733 3729 uox
760 3669 799 3729 ad
827 3687 912 3729 aures
940 3672 983 3728 mi
1010 3664 1178 3729 aduolauit’
1206 3669 1257 3728 ubi
1290 3668 1367 3729 codd

216 3758 304 3819 modo
327 3762 415 3835 reete,
439 3759 526 3819 modo
550 3762 625 3835 6616,
648 3759 735 3820 modo
759 3761 916 3832 6616661.

306 3843 390 3910 966.
415 3848 536 3909 Seruius
564 3852 670 3909 auctus
697 3848 736 3906 ad
758 3847 907 3908 Aeneidos
926 3848 970 3906 VI
990 3852 1006 3907 1
1033 3842 1052 3906 ‘.
1074 3895 1079 3905 .
1100 3895 1106 3906 .
1126 3847 1229 3908 classis
1256 3847 1368 3908 dicitur

216 3938 265 3997 uel
290 3939 369 4015 quod
392 3938 445 3997 fiat
468 3939 504 3997 de
527 3938 664 3999 fustibus.
710 3938 793 3997 calas
816 3929 873 4019 (166
894 3937 1075 4013 Stephanus:
1102 3938 1180 3997 cales
1207 3938 1256 3997 recl
1282 3938 1367 3998 kales

216 4021 303 4109 codd)
332 4031 411 4087 cutm
434 4028 572 4088 dicebant
597 4029 724 4087 maiores
751 4029 846 4088 nostri
874 4029 966 4087 fustes
995 4046 1070 4103 qnos
1097 4027 1260 4104 portabant
1287 4028 1367 4086 serui

218 4120 373 4193 sequentes
397 4117 532 4176 dominos
561 4117 599 4176 ad
625 4117 785 4192 proelinm3
813 4116 892 4176 nnde
920 4119 1010 4176 etiam
1038 4117 1157 4177 calones
1180 4116 1367 4176 dicebantur.

217 4225 287 4265 nam
311 4206 491 4266 consuetudo
515 4210 580 4266 erat
603 4207 708 4265 militis
731 4206 867 4281 Romani,
890 4208 925 4265 ut
947 4207 1011 4282 ipse
1035 4205 1093 4265 sibi
1116 4225 1199 4266 arma
1222 4208 1368 4282 portaret,

217 4296 280 4370 ipse
299 4295 423 4354 uallum.
460 4296 574 4355 uallum
593 4297 694 4354 autem
713 4295 851 4354 dicebant
870 4295 979 4370 calam3
998 4295 1075 4354 sicut
1087 4295 1222 4356 Lucilius
1240 4290 1368 4355 “scinde

158 4433 161 4438 .
218 4384 314 4443 calam
337 4387 371 4442 ut
394 4380 525 4459 ealeas'',
552 4384 584 4443 id
608 4388 653 4444 est
676 4379 718 4444 “o
740 4403 827 4459 puer,
854 4385 959 4462 frange
982 4385 1077 4445 fustes
1100 4389 1131 4444 et
1158 4386 1206 4445 fac
1234 4381 1368 4444 focum''.

217 4473 286 4535 inde
309 4490 379 4556 ergo
410 4473 534 4536 classem
562 4474 674 4535 dictam
701 4473 812 4535 dicunt.
859 4468 923 4532 alii’
943 4494 967 4532 e.
987 4494 1014 4553 q.
1034 4492 1056 4533 s.
1093 4475 1176 4534 Paul.
1196 4474 1274 4536 Fest.
1294 4478 1368 4553 epit.
