3000 5002
217 370 283 438 398
578 370 676 429 muers.
695 371 754 429 sed.
772 389 799 426 u.
819 375 1004 428 litt—126⁶.

219 541 353 602 Lucilius
382 537 493 619 “plure
519 542 600 602 foras
627 542 774 616 nendum,
806 542 885 619 quod
907 559 965 615 pro
991 542 1103 602 micuere
1126 536 1296 618 emptum’',
1331 563 1375 603 an

219 627 323 708 tique’.
371 630 449 690 (loni
468 631 570 690 quen.
589 631 661 690 XIV
681 633 745 691 200
769 628 868 709 ‘pares
891 630 971 708 quod
993 631 1121 690 uendere
1150 633 1250 707 possis
1281 633 1387 709 pluris

220 716 365 780 dimidio'.
410 720 499 781 Foris
522 721 631 780 maluit
657 720 747 781 scribi
771 721 885 797 Dousa,
913 739 1017 780 reuera
1045 722 1090 780 ita
1117 723 1240 797 scripsit
1272 726 1387 784 auctor

219 809 341 881 Queroli
363 831 391 887 p.
413 814 464 885 31,
484 813 524 870 12
536 810 653 888 Peiperi
677 806 866 887 ‘Mysterium
888 810 925 870 de
943 810 1088 888 religione
1107 811 1224 870 faciunt
1244 814 1279 871 et
1299 831 1386 873 com·

219 902 369 960 mercium.
416 898 498 970 Quae
522 902 690 961 communia
714 904 784 959 sunt
807 904 838 960 et
860 902 1003 978 gratuita,
1027 901 1162 959 uendunt
1187 897 1288 960 loris’.
1337 903 1386 963 At

219 989 370 1049 Lucilium
392 991 476 1062 forus
499 992 631 1066 potuisse
654 990 781 1050 scribere
804 992 937 1066 apparet.
975 989 1183 1049 Lachmannus
1209 993 1385 1067 temptauit

220 1075 311 1156 ‘quod
343 1098 397 1156 pro
430 1098 463 1137 re
495 1082 540 1139 est
571 1080 649 1138 forte
681 1081 795 1139 minore
827 1074 993 1155 Emptum’,
1026 1074 1151 1138 ‘minore
1188 1078 1382 1156 coemptum’

210 1187 338 1228 ,uersum
362 1168 441 1227 exire
464 1168 563 1228 uoluit
579 1168 809 1227 Lindemanuus.
842 1169 969 1242 proinde
986 1171 1087 1244 posui:
1110 1169 1182 1229 conl
1198 1168 1303 1229 Planc.
1328 1190 1382 1249 ap.

220 1257 541 1335 cleopatricas
575 1252 679 1334 ‘quod,
712 1277 747 1316 ex
779 1261 842 1316 tarn
870 1257 981 1334 insigni
1013 1258 1146 1318 amicitia
1179 1279 1246 1318 mea
1282 1265 1382 1336 atque

220 1347 365 1423 Caesaris,
383 1347 462 1406 hunc
479 1347 535 1407 filii
553 1348 618 1408 loco
637 1350 668 1406 et
686 1347 768 1406 illius
787 1349 818 1406 et
835 1351 935 1407 uestro
955 1347 1066 1407 iudicio
1085 1348 1295 1424 supetitutum,
1315 1371 1381 1410 non

219 1436 344 1514 proinde
367 1435 474 1496 habere
498 1439 585 1513 turpe
611 1437 685 1496 mihi
713 1432 852 1496 uidetur'.
899 1436 1027 1495 Proinde
1055 1437 1226 1514 disyllabon
1254 1457 1383 1515 semper

220 1527 378 1586 adhibetur
396 1525 476 1602 apud
498 1527 670 1585 Lucretium
688 1518 735 1608 (L.
751 1525 910 1586 Muellerus
928 1525 965 1585 de
983 1546 1015 1585 re
1033 1531 1117 1586 metr.
1137 1527 1174 1585 ed
1186 1527 1218 1586 Π
1236 1548 1266 1603 p.
1283 1522 1381 1604 317).

311 1607 417 1676 1254.
441 1615 562 1674 Seruius
590 1619 695 1674 auctus
724 1616 761 1674 ad
788 1615 938 1674 Aeneidos
956 1616 982 1673 X
1003 1617 1066 1675 623
1097 1611 1213 1693 ‘meque
1241 1616 1301 1677 boe
1330 1619 1382 1679 ita

220 1724 329 1782 ponere
347 1698 460 1766 sentis’.
499 1700 632 1780 ‘Ponere
655 1706 761 1780 faeere,
785 1705 841 1779 uel,
860 1708 895 1764 ut
913 1704 1036 1781 quidam
1055 1705 1169 1780 uolunt,
1188 1707 1381 1768 constituero

220 1799 251 1854 et
281 1792 459 1854 decernere?
478 1841 484 1853 .
500 1840 506 1853 .
522 1841 528 1852 .
547 1813 619 1854 sane
649 1813 758 1870 ponere
790 1789 900 1870 facere,
933 1796 1010 1854 siout
1041 1793 1174 1855 Lucilius
1205 1794 1381 1856 Homerum

220 1888 346 1958 secutus,
365 1884 418 1959 qui
437 1874 481 1963 (A
501 1875 534 1964 2)
554 1885 599 1943 ait
616 1877 690 1963 ἄλγε’
711 1882 831 1961 ἔθηκεν,
854 1883 886 1943 id
904 1887 950 1944 est
967 1884 1039 1945 fecit
1058 1903 1073 1939 e
1089 1903 1105 1939 a
1122 1879 1159 1943 ι’.
1187 1884 1381 1947 Exciderunt

219 1973 329 2033 Lucilii
356 1971 448 2031 uerba
475 1975 598 2049 propter
624 1972 716 2033 uerba
743 1976 778 2032 ut
804 1973 924 2033 uidetur
951 1974 1062 2033 similia
1091 1993 1166 2050 quae
1194 1973 1249 2033 hoc
1283 1977 1379 2036 modo

220 2064 361 2123 restituas
386 2055 588 2123 “‘aerumnas
611 2065 712 2139 posuit
735 2063 818 2122 furor
840 2058 1034 2122 innumeras’'
1058 2063 1154 2123 idest
1173 2058 1264 2123 lecit’.
1300 2064 1379 2125 Ver·

220 2155 300 2211 terat
323 2152 361 2212 ad
383 2151 508 2211 uerbum
529 2154 619 2228 poete
642 2152 747 2212 Iliadis
771 2153 922 2212 exordium
945 2153 998 2211 ubi
1020 2153 1056 2213 de
1079 2154 1125 2211 ira
1148 2155 1218 2231 egit.

313 2233 418 2302 1255.
451 2242 557 2301 Festus
588 2262 617 2318 p.
638 2242 710 2317 258,
731 2243 774 2301 30
807 2237 993 2313 ‘Quartarics
1025 2242 1220 2318 appellabant
1252 2244 1379 2320 antiqui

220 2333 366 2391 muliones
385 2331 611 2406 mercennarios,
633 2332 710 2407 quod
731 2334 870 2408 quartam
888 2335 1004 2408 partem
1022 2336 1184 2409 quaestuus
1203 2333 1377 2409 capiebant

221 2419 353 2480 Lucilius
382 2416 495 2497 “porro
521 2421 656 2480 homines
683 2440 825 2497 nequam,
856 2422 953 2481 malus
985 2425 1020 2481 ut
1052 2423 1234 2497 quartarius,
1266 2423 1378 2499 cippos

221 2512 351 2587 colligere
373 2505 520 2570 omnes”.'
568 2509 701 2588 Scaliger
723 2512 857 2571 mlliserc.
904 2507 1022 2571 ‘notum
1044 2506 1100 2570 est’
1126 2513 1226 2587 iuquit
1255 2506 1377 2589 ‘cippos

221 2601 424 2677 sepulcrorum
438 2600 524 2659 'olim
552 2600 712 2659 secundum
745 2601 811 2660 uias
843 2600 978 2677 publicas
1009 2602 1115 2661 fuisse:
1146 2602 1249 2676 itaque
1281 2602 1377 2662 facile

221 2688 440 2749 collidebantur
463 2709 481 2748 a
503 2690 592 2749 mulis
615 2690 782 2767 sagmariis,
805 2709 874 2749 cum
897 2709 932 2749 ea
955 2687 1172 2767 praeterirent.
1213 2688 1306 2750 Libro
1326 2692 1378 2751 ΙΠ

222 2779 361 2838 attribuit
391 2779 494 2838 Dousa
526 2783 556 2837 et
587 2779 758 2840 Muellerus.
812 2779 907 2839 Mulio
944 2781 1151 2857 perpetuarius
1186 2785 1378 2841 memoratur

223 2867 322 2928 Senec.
343 2868 490 2944 apcccloc.
512 2870 545 2927 6:
577 2868 707 2928 Martial.
727 2869 753 2926 X
774 2871 841 2944 2‚9
875 2868 911 2929 de
938 2870 1141 2947 sepulcrorum
1170 2873 1376 2932 monumentis

223 2952 383 3017 ‘marmora
410 2957 568 3016 Messallae
594 2957 682 3017 findit
712 2958 882 3036 caprificus,
914 2963 946 3018 et
977 2959 1073 3019 audax
1105 2958 1245 3018 dimidios
1272 2959 1376 3037 Crispi

221 3048 313 3106 mulio
350 3047 428 3105 ridet
463 3065 562 3123 equos.
621 3048 664 3106 At
699 3049 790 3108 cartis
827 3067 880 3109 nec
919 3051 1003 3122 furto
1041 3050 1149 3109 nocent
1184 3052 1216 3107 et
1251 3051 1376 3110 saecula

221 3138 346 3212 prosunt
377 3136 498 3212 solaque
534 3156 594 3196 non
626 3141 736 3196 norunt
765 3137 837 3196 haee
875 3141 1067 3196 monumenta
1102 3132 1200 3197 mori’.
1254 3137 1375 3214 Audax,

222 3228 247 3285 si
289 3227 420 3301 quaeris,
461 3226 554 3285 mulio
595 3245 655 3286 non
695 3225 842 3286 diceretur
882 3227 941 3285 nisi
980 3229 1044 3303 ipse
1080 3229 1163 3300 sorta
1197 3229 1230 3286 iu
1266 3247 1375 3288 monu-

222 3317 329 3374 mentis
366 3333 441 3390 quae
477 3333 565 3375 uersu
602 3318 739 3391 sequenti
779 3320 981 3376 memorantur
1021 3316 1225 3377 commisisset.
1283 3317 1373 3377 Vnde

222 3405 302 3482 apud
333 3404 482 3463 Lucilium
513 3423 573 3464 non
605 3407 663 3464 erit
694 3405 881 3466 scribendum
915 3407 1041 3468 collisam
1077 3406 1128 3466 sed
1160 3409 1258 3481 cippos
1289 3408 1372 3467 colle·

219 3511 287 3569 pere
312 3511 410 3553 omnes
436 3493 468 3551 id
491 3497 536 3554 est
558 3494 651 3553 furati
678 3499 749 3554 eunt
775 3495 864 3555 sicuti
893 3495 969 3555 libro
992 3496 1074 3555 XXX
1093 3517 1120 3555 u.
1142 3498 1224 3556 1001
1250 3495 1375 3573 scripsit

221 3586 311 3660 poeta
352 3601 485 3642 sermone
522 3584 642 3661 uulgari
682 3603 752 3645 usus
788 3580 916 3663 ‘colligis
955 3586 1056 3645 onmia
1092 3581 1217 3645 furtim’.
1280 3585 1373 3646 Viam

223 3673 372 3749 quandam
401 3672 552 3749 publicam
584 3693 676 3749 prope
708 3673 810 3733 urbem
841 3676 972 3751 positam
1004 3674 1131 3735 describi
1162 3678 1287 3753 apparet
1318 3676 1373 3736 ubi

222 3763 356 3822 homines
384 3762 478 3838 aliqui
505 3782 633 3839 nequam
662 3765 759 3839 qualis
787 3767 832 3823 est
859 3764 952 3823 mulio
979 3763 1131 3841 improbus
1158 3765 1253 3824 furati
1285 3769 1373 3825 erant

223 3853 338 3929 cippos:
366 3870 463 3912 omues
485 3854 681 3913 accusatiuus.
724 3853 899 3922 Quartarius
923 3857 1063 3930 quartam
1088 3857 1205 3932 partem
1228 3857 1372 3931 quaestus

223 3941 332 4018 accipit
355 3944 508 4017 tamquam
536 3941 650 4002 domini
676 3943 846 4018 partiarius.
893 3942 938 4002 De
960 3943 1043 4003 Indis
1070 3944 1165 4003 tradit
1188 3942 1295 4003 Strabo
1314 3944 1372 4003 XV

223 4051 251 4108 p.
273 4033 336 4091 704
360 4036 473 4108 μισθοῦ
492 4023 520 4090 δ’
545 4028 640 4109 αὐτὴν
664 4025 733 4113 (τὴν
755 4028 865 4112 χώραν)
889 4029 936 4092 ἐπὶ
959 4032 1106 4112 τετάρταις
1124 4029 1293 4113 ἐργάζονται
1310 4042 1372 4093 τῶν

223 4128 359 4201 καρπῶν,
390 4122 494 4180 tertias
524 4125 624 4197 partes
653 4121 798 4197 praebent
829 4120 948 4182 domino
981 4123 1080 4182 coloni
1110 4122 1142 4181 in
1169 4122 1273 4181 Africa
1304 4122 1372 4201 lege

223 4209 370 4270 Hadriani
389 4229 435 4287 ap.
450 4210 571 4270 Brunsii
589 4211 663 4269 font.
681 4210 737 4269 iur.
751 4211 786 4270 a.
801 4210 870 4271 edit.
885 4211 929 4270 VI
947 4233 975 4289 p.
991 4213 1055 4272 383
1074 4211 1121 4270 HI
1139 4212 1175 4269 A.
1191 4210 1371 4272 Schultenus

224 4299 281 4357 Die
299 4317 389 4358 roem.
409 4297 714 4360 Grundherrscbaften
728 4300 835 4360 Wcim.
852 4301 937 4360 1896
956 4322 984 4377 p.
1002 4303 1053 4377 97,
1072 4302 1143 4360 conf
1159 4299 1232 4360 (lato
1251 4300 1288 4360 dc
1306 4319 1371 4379 agr.

224 4388 294 4447 cult.
316 4389 387 4447 136.
433 4388 477 4447 De
500 4388 682 4448 mulionibus
705 4393 736 4449 et
761 4390 927 4450 mulionum
954 4389 1086 4450 mercede
1108 4389 1303 4449 Bluemnerus
1331 4393 1371 4451 ad

224 4477 311 4537 edict
329 4477 455 4538 Dioclet.
473 4478 533 4536 VH
553 4481 602 4538 19.
