3060 5010
230 360 293 424 156
662 357 716 415 ,xl
732 375 760 411 u.
779 362 928 412 ele-417.

229 531 283 589 aut
314 526 506 590 restrictum?
543 548 629 589 nemo
666 529 712 588 est
746 522 866 587 minus'.
922 521 1046 608 [Paceni
1075 527 1248 606 genetiuum
1280 527 1381 604 posuit

228 619 409 696 Lindsayus‚
433 621 518 679 cuius
541 620 624 679 locus
647 617 678 677 in
701 618 754 678 illo
778 636 866 677 uersu
889 637 935 677 me
959 616 1056 676 iudice
1080 635 1139 675 non
1163 609 1231 696 est]

317 701 401 770 416.
423 709 542 768 Nonius
565 729 593 785 p.
609 709 643 782 8,
662 709 703 767 23
730 704 845 767 ‘Tricas
873 708 943 767 sunt
969 706 1173 782 inpedimenta
1200 708 1231 765 et
1253 707 1378 783 inplica-

226 801 331 860 tiones.
356 845 398 858 ...
414 798 548 858 Lucilius
563 800 733 874 satyrarum
747 797 799 860 lib.
813 796 856 855 XI
871 790 949 856 “nec
962 794 1037 854 mihi
1051 813 1149 854 amore
1164 841 1205 853 ...
1220 791 1377 856 uadato‘’.'

227 887 368 948 Amulcro
394 889 498 947 Iunius
526 890 557 947 et
578 887 694 946 librarii
716 886 770 947 cod
794 885 1021 965 Bambergensis
1049 885 1176 944 aliorum
1200 903 1258 949 ¹suo
1281 886 1378 946 Marte

227 980 431 1038 restituerunt.
478 978 566 1036 Trico
596 976 725 1037 uadatus
750 975 839 1036 00110
861 976 913 1035 ille
936 976 982 1036 est
1005 975 1059 1051 qui
1081 974 1288 1034 uadimonium
1310 995 1379 1053 pro·

226 1070 350 1129 miserat
381 1070 414 1127 in
445 1067 492 1127 ius
524 1069 648 1127 uocatus
681 1086 699 1125 a
732 1064 934 1126 creditoribus.
986 1064 1122 1124 Eundem
1149 1065 1296 1143 lignium,
1327 1066 1379 1140 qui

227 1161 361 1233 uocatur,
388 1157 509 1217 uidetur
535 1156 688 1216 lacessisse
716 1155 805 1216 00110
832 1174 920 1232 quem
944 1153 1080 1231 Opimius
1105 1144 1378 1236 (0.421),010111-

226 1248 361 1307 tudinem
393 1250 456 1308 eius
488 1247 629 1322 irridens,
662 1264 715 1305 neo
746 1246 845 1305 minus
877 1243 1016 1323 gnauiter
1045 1244 1097 1304 ille
1129 1244 1198 1304 huic
1224 1245 1379 1321 respondit

228 1357 319 1414 quam
342 1336 472 1414 Opimio,
496 1357 563 1396 cum
585 1335 664 1395 huno
686 1337 831 1395 triconom
854 1334 1025 1412 appellarit,
1047 1335 1136 1393 illum
1159 1335 1314 1395 famosum.

317 1418 400 1488 417.
427 1425 540 1487 Gellius
559 1425 602 1484 XI
622 1427 650 1502 7,
670 1428 688 1485 9
715 1420 769 1484 ‘At
790 1424 842 1484 ille
860 1425 976 1484 iactans
995 1426 1025 1483 et
1043 1424 1172 1503 gestiens
1197 1418 1377 1484 “nonenim

225 1512 399 1576 Lucilium'’
419 1518 519 1592 inquit
538 1510 687 1594 “leffl‘stis
705 1516 758 1591 qui
773 1515 1036 1592 tergiuersatorem
1049 1513 1256 1574 bouinatorem
1271 1509 1376 1574 dioit''.

226 1609 273 1666 est
296 1610 397 1667 autem
419 1608 450 1664 in
474 1605 585 1664 Lucilii
602 1604 644 1662 XI
667 1622 770 1664 uersus
793 1605 852 1672 bic,
882 1604 1021 1662 stricosus
1044 1595 1221 1684 (striohosus
1244 1605 1378 1663 00000111

228 1688 314 1777 codd)
335 1689 525 1755 ..duro''.'
572 1694 641 1753 hino
664 1693 780 1754 Nonius
803 1715 831 1772 p.
849 1694 904 1769 79,
924 1693 964 1752 26
991 1688 1177 1753 ‘Boulalores
1203 1712 1276 1770 quos
1299 1713 1377 1753 nuno

230 1784 396 1846 malitiosos
438 1786 469 1844 et
504 1782 750 1861 tergiuersatores
790 1783 925 1843 dicimus.
983 1781 1118 1842 Lucilius
1154 1782 1205 1842 lib.
1229 1782 1272 1841 XI
1309 1779 1378 1843 “bic

227 1876 377 1934 sitricosus
395 1875 582 1947 bouiotorquc
599 1920 604 1931 .
622 1919 627 1931 .
644 1920 650 1931 .
665 1867 784 1934 duro”.'
824 1872 991 1932 Bouinator
1004 1890 1083 1932 nunc
1096 1871 1152 1933 hoc
1170 1873 1377 1933 tantummodo

226 1965 292 2023 loco
324 1965 477 2024 inuenitur
508 1963 700 2022 uocabulum:
733 1963 827 2022 alium
857 1962 958 2022 locum
986 1961 1151 2038 explicaret
1177 1961 1314 2040 Verrius,
1343 1966 1378 2023 ut

225 2053 337 2113 Paulus
357 2044 399 2134 (p.
416 2045 472 2133 30)
491 2055 621 2112 testatur
639 2055 693 2129 qui
710 2050 801 2111 habet
820 2053 983 2111 boeiootur.
1005 2053 1198 2110 oeouiciotur:
1217 2051 1269 2110 ubi
1287 2052 1378 2112 scribi

225 2143 259 2202 L.
277 2143 439 2203 Muellerus
472 2142 582 2202 uoluit:
615 2143 775 2201 bucinator.
809 2142 994 2200 0000101000.
1045 2138 1166 2201 Glossas
1203 2139 1242 2201 ad
1277 2141 1377 2201 Verrii

225 2233 325 2292 locum
351 2233 534 2311 pertinentes
562 2232 684 2311 collegit
712 2230 851 2291 Goetzius
878 2233 911 2290 in
939 2230 1091 2290 Thesauro
1117 2231 1284 2310 glossarum
1307 2251 1329 2290 s.
1348 2252 1376 2290 u.

227 2324 361 2392 bouinor,
394 2322 474 2400 quod
504 2322 629 2381 uerbum
660 2322 750 2382 sicuti
777 2340 796 2380 a
822 2321 929 2380 Verrio
961 2320 1128 2397 explicatur
1158 2320 1257 2381 uerbis
1285 2322 1376 2380 claena

227 2415 373 2472 concisior
392 2404 492 2494 (001
511 2412 540 2468 V
559 2413 589 2485 8,
609 2414 659 2472 23.
684 2413 735 2486 50,
756 2412 806 2470 32.
830 2412 904 2488 492,
925 2411 975 2470 69.
995 2411 1070 2485 493,
1089 2401 1134 2491 2),
1152 2409 1262 2470 Lucilii
1279 2410 1377 2469 locum

226 2502 287 2562 alio
315 2502 402 2563 modo
430 2505 521 2578 atque
549 2502 665 2562 faciunt
689 2499 802 2561 Gellius
830 2507 861 2560 01
883 2500 998 2560 Nonius
1026 2499 1117 2561 habes
1140 2499 1322 2577 explicatum
1344 2501 1376 2559 in

225 2593 333 2670 glossis
360 2589 767 2671 LatinograeoisII31,13
792 2585 995 2651 ‘bouinatores
1018 2588 1233 2670 0000600001,
1260 2592 1377 2671 doulos

225 2690 380 2753 ποιοῦντες
402 2677 422 2760 1)
445 2677 595 2761 1000χήνῖ
645 2680 859 2740 Bouinatorem
886 2681 1028 2739 nimirum
1055 2680 1287 2740 conuiciatorem
1315 2697 1377 2740 esse

226 2771 364 2831 dicebant
387 2772 575 2851 grammatici
597 2770 735 2829 nonnulli
757 2770 805 2830 his
828 2769 901 2846 ipsis
920 2769 1030 2829 Lucilii
1051 2768 1152 2829 uerbis
1172 2787 1279 2845 parum
1297 2771 1376 2829 recte

225 2862 272 2922 usi
296 2880 371 2937 quae
390 2862 531 2921 secuntur
554 2856 614 2919 ‘ore
631 2861 773 2934 inprobus
792 2854 892 2919 duro’z
916 2854 960 2918 ‘os
977 2853 1096 2919 durum’
1121 2859 1187 2918 Ter.
1206 2858 1282 2918 Eun.
1302 2860 1375 2920 806.

227 2949 285 3010 (lic.
309 2970 364 3028 pro
387 2949 504 3019 Quinot.
525 2952 565 3009 77
587 2945 673 3008 ‘mihi
692 2948 790 3009 uideri
808 2969 859 3010 ore
878 2948 1036 3010 durissimo
1055 2967 1127 3025 esse,
1150 2949 1202 3026 qui
1220 2951 1376 3025 praesento

226 3059 260 3099 eo
283 3043 400 3118 gestum
424 3058 512 3117 agere
535 3034 724 3099 conarentur'
745 3036 832 3099 Ouid.
852 3042 969 3099 metam.
989 3038 1018 3095 V
1037 3040 1098 3098 451
1126 3033 1205 3097 ‘duri
1222 3057 1297 3116 puer
1315 3040 1376 3098 oris

226 3132 257 3187 ot
275 3128 373 3188 audax
391 3128 527 3189 constitit
544 3129 614 3187 ante
633 3127 728 3203 deam,
746 3131 873 3206 risitque
892 3127 1071 3206 cuidamque
1091 3123 1223 3188 uocauit’
1244 3119 1375 3210 (Patron.

227 3219 267 3277 43
289 3212 392 3276 ‘durae
410 3216 519 3278 buccae
537 3209 632 3299 finit’).
669 3217 727 3278 Sed
742 3237 757 3278 0
773 3217 922 3279 Ciceronis
936 3219 1002 3279 loco
1020 3236 1042 3277 s.
1058 3237 1079 3278 s.
1100 3237 1243 3295 apparere
1256 3218 1376 3279 uidetur

226 3307 376 3366 hominem
404 3308 473 3366 oleari
499 3310 560 3366 oris
589 3326 649 3367 non
672 3326 736 3368 esso
758 3309 848 3368 nimis
871 3310 1076 3369 contumacem
1098 3309 1203 3386 lingue
1225 3308 1278 3367 sed
1299 3308 1375 3369 faeie

226 3398 256 3455 et
278 3397 366 3455 uultu
388 3414 494 3473 parum
517 3396 665 3474 pudicum.
707 3396 771 3456 Alii
789 3398 978 3476 grammatici
1000 3417 1060 3459 non
1083 3417 1119 3458 ea
1141 3416 1217 3475 quae
1235 3401 1376 3458 secuntur

225 3484 317 3545 uerba
339 3484 391 3545 sed
413 3485 444 3545 id
464 3487 543 3563 quod
562 3486 711 3547 antecedit
727 3486 906 3547 uocabulum
923 3506 978 3565 pro
998 3487 1190 3548 fundamento
1212 3490 1376 3564 posuerunt

226 3575 432 3651 explicationis
460 3576 556 3636 ueluti
582 3576 695 3637 Placid.
716 3575 800 3636 001
818 3577 847 3634 V
867 3579 900 3652 8,
921 3581 959 3637 11
991 3572 1160 3638 ‘bobinator
1186 3576 1313 3637 tricosus
1345 3579 1376 3636 01

225 3660 408 3725 inconstnna’
433 3656 491 3747 (=
512 3667 563 3742 50,
583 3657 639 3747 33)
658 3666 702 3725 IV
722 3667 774 3744 26,
793 3667 833 3726 23
858 3661 881 3744 1
905 3662 1064 3727 ‘bounator
1088 3669 1180 3727 tn'cat
1201 3661 1373 3727 insidiosus'

225 3753 254 3810 V
274 3757 347 3830 271,
368 3756 408 3815 38
427 3755 581 3816 bibinatur
599 3757 727 3816 tricatus
744 3752 879 3817 insidiat'
900 3748 957 3837 (=
972 3756 1016 3815 IV
1036 3758 1108 3833 602,
1128 3749 1171 3837 3).
1212 3756 1249 3814 In
1267 3756 1374 3834 quibus

224 3844 340 3905 Placidi
375 3845 492 3924 glossae
528 3847 636 3906 summi
672 3863 743 3905 sane
780 3848 923 3906 momenti
954 3845 1037 3925 ideo,
1075 3846 1154 3922 quod
1188 3847 1252 3905 sino
1284 3845 1374 3906 dubio

225 3935 383 3995 lectionem
418 3954 521 3996 uersus
556 3934 668 3996 Lucilii
702 3936 791 3995 initio
824 3935 1001 3996 confirmant
1032 3935 1207 4013 praebentes
1244 3937 1373 3994 tricosus.

225 4022 311 4093 Quod
329 4025 509 4085 uocabulum
527 4025 689 4086 admodum
706 4027 884 4086 astrorum:
904 4025 1070 4102 explicatur
1089 4023 1218 4085 001Π
1238 4026 1311 4100 201,
1331 4027 1371 4083 41

226 4107 364 4175 ‘tricosus
382 4110 496 4194 ἀχρεῖος
510 4113 627 4195 λαγγών
640 4110 838 4189 δυσέκλυτος’,
856 4118 1011 4192 praeterea
1029 4117 1113 4174 extat
1130 4115 1160 4173 in
1180 4116 1374 4191 inscriptione

225 4206 350 4263 metrica
373 4204 454 4280 apud
476 4204 689 4264 Buechelerum
713 4202 796 4264 CLE
815 4204 846 4262 Π
864 4226 892 4282 p.
908 4207 986 4281 403,
1010 4205 1075 4264 870
1098 4198 1270 4265 ‘Alcmenae
1292 4203 1374 4264 Iouis

226 4295 256 4351 et
278 4295 380 4370 magni
403 4294 568 4355 fortissima
589 4293 687 4371 proles
710 4295 836 4354 tricosus
866 4294 965 4354 subito
988 4295 1058 4372 post
1079 4312 1146 4353 mea
1168 4293 1249 4353 10010
1271 4288 1372 4354 uocor’

225 4400 301 4457 quae
324 4384 462 4459 suspecta
488 4384 553 4443 erat
579 4382 743 4443 editoribus
768 4380 1043 4444 01Lv13623'e
1071 4387 1172 4443 tamen
1197 4386 1375 4457 peccasse

224 4471 355 4532 Mmtial.
365 4470 412 4532 III
422 4473 472 4552 63,
484 4475 534 4532 14.
565 4472 703 4533 Tricosus
718 4490 736 4530 0
750 4473 833 4532 tricis
848 4474 920 4549 quin
935 4474 976 4534 sit
989 4472 1187 4533 deriuandum
1200 4491 1260 4532 non
1273 4475 1375 4549 potest
