3060 5010
241 347 307 413 212
681 345 731 402 xx
750 366 777 404 u.
797 352 947 408 see-sao.

241 519 376 596 Apparet
398 519 572 578 conuiuium
594 516 722 577 describi
745 519 918 595 opulentum
942 521 973 577 et
995 518 1162 596 opiparum,
1186 519 1275 595 quale
1294 518 1392 581 Hora·

240 609 301 668 tius
325 627 410 669 serm.
429 607 460 666 H
480 609 498 666 8
519 606 689 685 descripsit:
713 626 802 684 quem
820 628 848 666 ιι.
871 612 908 668 11
930 610 1083 677 imitatum
1102 627 1164 668 esse
1185 609 1264 669 hunc
1282 609 1393 670 Lucilii

241 718 268 757 ιι.
293 697 418 756 ιάιιοιιιῖ
435 696 545 758 Dousa.
590 696 796 757 Praecesserat
818 700 997 776 gustationis
1021 697 1181 775 descriptio
1205 701 1293 758 sicuti
1312 699 1393 776 apud

242 787 401 847 Horatium
419 807 448 846 u.
469 787 487 845 6
514 782 557 845 ‘in
583 787 688 863 primis
711 786 848 847 Lucanus
875 806 948 864 aper
963 836 968 846 .
985 835 991 846 .
1007 835 1013 846 .
1028 790 1110 847 acria
1137 789 1248 848 circum
1275 790 1392 865 rapula,

241 878 385 952 lactucae,
407 876 521 936 radices
537 924 543 936 .
560 923 565 935 .
582 924 588 935 .
603 879 684 952 siser,
707 876 791 952 allec,
811 877 927 936 faecula
946 877 1015 937 Oea.
1035 877 1081 937 his
1102 876 1154 936 ubi
1172 877 1299 937 sublatis
1317 899 1392 955 puer

243 968 303 1027 alte
327 969 441 1026 unctus
465 985 602 1026 acernam
630 985 762 1044 gausape
789 985 937 1043 purpureo
966 985 1099 1026 mensam
1125 962 1286 1044 pertersit’:
1310 969 1391 1026 simi-

241 1056 311 1116 liter
333 1075 381 1133 ap.
400 1056 574 1115 Petronium
597 1059 666 1132 post
689 1055 888 1134 gustationem
908 1048 986 1139 (cap.
1007 1050 1064 1138 31)
1086 1060 1265 1116 euertuntur
1282 1077 1392 1135 purga-

241 1150 342 1206 menta
365 1147 462 1222 scopis
485 1137 564 1226 (cap.
585 1136 650 1226 34).
670 1178 714 1187 —
733 1149 801 1204 laroc
823 1144 907 1221 codd,
931 1150 991 1204 laon
1010 1146 1231 1206 Lachmannus:
1255 1165 1310 1224 ego
1330 1151 1392 1206 tra-

241 1237 337 1296 ditum
360 1238 395 1294 nt
417 1234 467 1294 lib.
486 1234 568 1294 XXX
587 1253 616 1294 u.
637 1236 700 1296 985
724 1237 841 1294 mutere
864 1255 924 1296 non
947 1236 1057 1310 audeo,
1080 1255 1147 1296 cum
1170 1237 1202 1294 in
1225 1254 1282 1296 usu
1304 1238 1392 1296 cotti·

243 1326 326 1385 diani
361 1325 505 1385 sermonis
543 1325 630 1384 facile
666 1329 728 1384 tarn
764 1327 795 1383 et
831 1329 899 1384 teme
935 1325 1087 1400 potuerint
1128 1325 1282 1385 confundi:
1324 1327 1396 1385 conf

243 1415 489 1476 Friedleenderus
513 1414 552 1473 ad
574 1415 676 1473 quen.
695 1414 737 1472 IX
759 1415 830 1473 118.
871 1414 897 1473 Ε
920 1432 1054 1488 sermone
1077 1414 1242 1474 cottidiano
1265 1415 1394 1491 arripuit

239 1523 373 1580 pcuecpc
405 1503 597 1578 uocabulum,
629 1503 777 1562 Gallicum
810 1502 888 1578 quod
921 1523 983 1564 esse
1015 1504 1135 1563 uidetur
1164 1507 1218 1563 aut
1244 1503 1392 1564 Venetam

243 1585 355 1676 (Strab.
374 1591 402 1650 V
421 1614 449 1670 p.
470 1585 557 1674 218).
577 1624 621 1633 -
640 1593 731 1651 letne:
754 1592 855 1652 quen.
875 1592 918 1651 XI
938 1595 998 1652 121
1026 1589 1143 1671 ‘putere
1171 1593 1312 1653 uidentur
1338 1615 1392 1653 ιιιι-

242 1684 353 1761 guenta
376 1685 466 1758 atque
489 1700 586 1757 rosae,
614 1682 692 1741 latos
715 1681 773 1740 nisi
797 1681 924 1741 sustinet
951 1682 1037 1742 orbes
1064 1682 1177 1761 grande
1205 1679 1298 1742 ebur':
1326 1686 1392 1742 uni-

242 1773 349 1847 cuique
377 1771 523 1831 conuiuae
549 1790 605 1830 sua
633 1770 772 1848 apposita
799 1773 864 1830 erat
890 1790 992 1832 mense
1022 1773 1111 1832 nauti
1140 1792 1186 1849 ap.
1210 1773 1328 1832 Patron.
1349 1774 1390 1831 34

242 1861 291 1919 uel
310 1860 389 1920 binis
408 1878 469 1918 una
484 1853 620 1942 (Lucian.
639 1862 755 1919 conuiu.
776 1852 846 1940 38):
869 1862 941 1920 conf
955 1860 1007 1921 lib.
1026 1861 1108 1920 XXX
1127 1882 1155 1920 ιι.
1178 1862 1271 1921 1062.
1299 1861 1392 1921 Paen-

242 1951 381 2009 nltimum
407 1950 485 2009 hunc
513 1948 622 2009 librum
650 1950 794 2028 scriptum
822 1951 912 2011 fuisse
940 1969 1018 2010 anno
1046 1951 1279 2030 feret4lJ107
1304 1960 1394 2028 erpo-

241 2041 354 2099 suimus
387 2039 519 2118 prolegg.
538 2060 567 2116 p.
586 2039 682 2099 XLIX
714 2058 774 2116 quo
806 2058 884 2099 anno
920 2039 1001 2117 apud
1034 2039 1180 2101 Granium
1216 2060 1394 2117 praeconem

242 2128 274 2187 L.
295 2127 417 2190 Oressus
444 2131 547 2188 orator
574 2132 695 2189 cenaret
722 2149 812 2206 quam
842 2149 945 2190 cenem
976 2129 1022 2189 bis
1054 2134 1232 2190 narrauerat
1260 2130 1393 2190 Lucilius

235 2213 326 2302 (uide
338 2219 442 2278 incert.
457 2239 485 2277 n.
503 2211 611 2301 1180).
644 2217 741 2289 Quare
760 2219 835 2278 nihil
854 2219 1038 2295 probabilius
1058 2238 1146 2296 quam
1166 2219 1270 2279 Granii
1289 2238 1393 2280 cenam

242 2310 272 2366 in
297 2309 354 2368 hoc
376 2308 441 2386 ipso
464 2312 617 2368 narratam
645 2310 736 2369 fuisse
763 2307 853 2369 libro:
880 2307 1004 2368 eandem
1031 2311 1141 2368 iterum
1168 2312 1258 2385 poeta
1285 2309 1392 2369 descri-

242 2402 344 2474 pserat
361 2398 411 2457 lib.
426 2397 505 2473 XXI,
523 2399 638 2476 opinor,
657 2399 709 2475 qui
727 2399 825 2475 periit.
854 2396 989 2457 Conuiua
1009 2397 1112 2457 Granii
1130 2401 1203 2458 item
1222 2401 1321 2459 fuerat
1339 2400 1394 2458 illa

242 2490 274 2547 iu
306 2507 380 2548 cena
412 2489 544 2548 Lucilius
577 2507 643 2548 cum
676 2488 787 2548 Itomae
819 2489 983 2547 etiamtunc
1016 2491 1193 2549 uersaretur.
1245 2487 1322 2547 Vide
1355 2488 1394 2548 ad

243 2581 345 2637 incert.
365 2599 393 2638 ιι.
415 2581 500 2638 1174
511 2596 591 2655 seqq.
613 2580 707 2638 1180.

337 2661 421 2729 569.
444 2668 559 2728 Nonius
583 2686 617 2727 ex
640 2667 836 2746 grammatico
854 2688 882 2744 p.
905 2667 977 2743 151,
997 2669 1016 2726 3
1046 2663 1227 2728 ‘Praeeisum
1256 2671 1286 2727 et
1312 2686 1393 2728 ome-

244 2777 323 2835 sum,
350 2760 451 2835 partes
475 2759 572 2818 earnis
596 2760 627 2817 et
648 2759 804 2817 uiscerum.
825 2804 831 2814 .
852 2756 1038 2817 ..Lucilius
1062 2757 1112 2816 lib.
1132 2757 1186 2816 XX
1211 2752 1281 2816 “illi
1304 2776 1394 2832 proc·

243 2851 319 2907 cioeo
342 2839 504 2928 (memineo
526 2839 694 2928 Leidensis)
711 2893 716 2905 .
733 2894 738 2905 .
755 2893 761 2904 .
776 2841 930 2922 opimis''.’
972 2845 1159 2906 Describitur
1181 2849 1273 2924 caput
1295 2866 1393 2906 cenae.

244 2938 323 3013 Apte
346 2956 412 2996 cum
435 2937 491 2995 hoc
509 2954 597 2996 uersu
616 2938 778 3014 coniungas
795 2937 898 2995 incert.
918 2956 946 2994 n.
969 2939 1145 3012 1174seqq.
1166 2932 1288 3014 ‘lingere
1308 2956 1392 3014 prae·

243 3030 335 3100 terea,
357 3025 468 3084 adferri
486 3024 565 3102 quod
584 3027 710 3102 quisque
728 3024 858 3096 uolebat.
895 3026 981 3084 illum
1000 3028 1119 3085 sumina
1137 3024 1285 3086 ducebant
1304 3029 1394 3102 atque

245 3114 374 3173 altilium
397 3115 475 3190 lanx,
497 3115 576 3173 hunc
599 3118 704 3193 pontes
726 3114 882 3174 Tiberinus
905 3114 964 3175 duo
987 3116 1067 3175 iuter
1089 3120 1193 3190 captas
1211 3115 1324 3190 catillo,
1347 3116 1395 3175 illi

244 3203 377 3279 praeciso
401 3207 492 3280 etque
515 3204 611 3281 epulis
633 3207 792 3279 supinantur
813 3201 943 3281 opimis',
965 3206 1011 3264 ita
1034 3207 1068 3264 ut
1090 3204 1122 3264 iu
1145 3204 1282 3282 capiendi
1302 3204 1393 3264 uerbo

244 3292 351 3353 lusisse
373 3294 454 3353 uisus
478 3294 636 3369 aitpoeta.
683 3292 768 3364 Quod
790 3294 905 3371 primus
927 3295 999 3353 feeit
1021 3294 1053 3353 P.
1068 3293 1184 3371 Dousa,
1212 3296 1266 3371 qui
1292 3298 1394 3353 temen

244 3383 345 3458 inepte
368 3381 444 3442 libro
463 3382 507 3440 IV
526 3377 569 3464 (4.
591 3377 626 3465 5)
649 3388 811 3460 utrumque
840 3382 1020 3444 adtribuerit
1046 3383 1254 3463 fragmentum.
1297 3382 1396 3459 Caput

246 3490 336 3530 cenae
360 3466 480 3548 ‘piscee,
507 3471 674 3548 conchylia,
704 3491 808 3532 sumen
836 3477 866 3531 et
893 3473 982 3533 cortis
1010 3476 1128 3533 saturus
1156 3477 1246 3550 etque
1275 3471 1394 3549 paludis

246 3556 327 3621 aues’
357 3578 403 3638 ep.
427 3560 693 3638 unanimos,
715 3564 768 3639 13,
797 3562 878 3638 apud
905 3562 1065 3626 Horatium
1084 3563 1103 3621 l.
1123 3581 1145 3623 s.
1173 3564 1282 3624 cenant
1310 3558 1394 3622 ‘aues

246 3651 402 3728 conchylia
428 3650 523 3729 pisces
552 3642 595 3731 (u.
616 3652 666 3710 27.
687 3652 727 3710 86
739 3643 848 3733 sequ),
881 3651 912 3710 iu
939 3651 1065 3712 Luciani
1097 3654 1237 3712 conuiuio
1266 3671 1330 3729 cap.
1352 3652 1392 3710 38

246 3739 278 3801 τὸ
301 3736 410 3813 ἐντελὲς
433 3735 650 3819 ὀνομαζόμενον
673 3740 809 3820 δεῖπνον,
837 3739 889 3819 μία
913 3737 994 3822 ὄρνις
1017 3738 1126 3826 ἑκάστῳ
1150 3738 1200 3800 καὶ
1227 3738 1313 3820 κρέας
1340 3737 1395 3812 ὑὸς

247 3828 292 3890 sal
315 3833 412 3914 λαγῷα
434 3826 484 3888 καὶ
507 3828 609 3909 lxdie:
632 3830 788 3906 conchylia
806 3831 885 3890 cenis
904 3830 1044 3890 adhibere
1064 3830 1185 3890 Aemilii
1206 3828 1310 3889 Scauri
1328 3830 1394 3906 lege

246 3922 436 3998 sumptuaria
445 3918 604 3978 uetabatur
614 3911 696 4000 (uide
708 3920 746 3979 ad
754 3919 884 3979 libXIH
893 3940 921 3978 u.
932 3917 1024 3997 440):
1035 3919 1103 3979 uide
1115 3920 1153 3979 ad
1162 3922 1299 3979 incertu.
1308 3921 1393 3977 1174

247 4029 322 4086 quae
355 4009 572 4069 ednoteuimus.
610 4005 726 4069 οὔθατα
753 4013 788 4068 ut
814 4012 905 4086 capnt
936 4028 1026 4069 cenae
1058 4012 1270 4070 commemorat
1302 4007 1395 4067 etiam

246 4097 436 4160 Philodemus
451 4099 490 4158 ad
502 4098 641 4159 Pisonem
657 4097 707 4157 ΑΡ
721 4098 764 4157 XI
778 4101 828 4157 44.
839 4131 882 4140 —
893 4100 1060 4177 capiuntur,
1076 4102 1110 4159 ut
1123 4099 1253 4159 Martial.
1268 4097 1341 4155 XIH
1352 4098 1392 4156 56

248 4182 302 4246 ‘Te
325 4189 449 4250 fortasse
472 4191 569 4268 magis
592 4190 694 4266 capiat
716 4188 752 4247 de
771 4189 887 4266 uirgine
905 4208 1005 4265 porca,
1028 4209 1075 4248 me
1098 4190 1234 4248 materna
1253 4187 1339 4266 graui
1358 4186 1395 4245 de

247 4293 299 4335 sue
321 4278 414 4337 uulua
436 4273 538 4354 eapit'.

337 4359 420 4428 570.
444 4365 557 4427 Gellius
575 4368 692 4441 11114,
713 4369 755 4426 10
779 4362 896 4443 ‘Itaque
919 4367 1052 4427 Lucilius
1078 4367 1182 4428 eadein
1209 4369 1327 4427 secutus
1343 4413 1349 4425 .
1366 4414 1394 4426 ..

247 4455 364 4514 iamin
391 4457 532 4517 uicesimo
560 4457 747 4516 manifestius
776 4452 954 4516 “dimidiam
982 4453 1110 4518 horam”
1139 4460 1237 4519 dicere
1263 4457 1395 4518 studiose
