3000 5002
514 385 610 439 incert.
631 385 689 439 sed.
709 402 737 439 u.
758 388 942 440 stes-1847.
1233 386 1300 450 429

150 573 208 629 quo
233 552 425 613 Gasaubonns
452 556 484 613 et
510 552 632 613 Iahnius
662 573 728 613 cum
752 554 875 615 scribat:
905 550 950 614 ‘ut
973 556 1128 614 msscire
1142 555 1211 614 uolo
1234 554 1302 632 dici3

148 644 223 701 mihi
250 642 369 703 consciu
396 644 423 701 si
453 661 531 718 snm,
559 663 596 703 ne
624 643 764 703 damnum
792 638 914 704 faciam’
936 645 1054 704 omissis
1079 643 1202 719 reliquis
1224 664 1302 720 quae

149 731 327 793 scholiastae
359 750 422 792 esse
454 732 500 791 illi
533 731 726 792 arbitrantur.
782 733 846 810 Ego
882 733 915 792 in
947 733 1138 794 distinctione
1171 733 1301 793 codicem

149 821 356 881 Britannicum
386 822 479 881 malni
511 824 597 899 sequi
629 822 682 898 qui
712 824 792 881 recte
823 821 968 882 Graecam
1000 823 1128 882 termam
1160 822 1303 899 praebeat

144 911 296 985 periodos:
318 929 388 970 nam
411 910 503 970 uerba
524 913 598 972 scire
620 912 672 970 beo
694 927 724 970 sc
741 914 832 970 noscit
849 911 922 971 mihi
941 911 1080 973 subtilius
1098 916 1130 971 et
1148 911 1301 971 obscurius

148 1018 211 1059 esse
243 999 324 1060 dicta
355 999 495 1059 uidentur
527 1016 616 1078 quam
650 1019 726 1076 quae
757 1001 935 1060 scholiastae
968 1018 1030 1060 esse
1057 1002 1174 1077 possint
1201 1001 1301 1079 glossa

148 1092 285 1166 recteque
308 1087 459 1149 deducunt
482 1108 619 1149 numeros
643 1090 767 1150 alterius
789 1108 894 1150 uersus
916 1090 1088 1167 dactylicos.
1130 1090 1155 1149 Is
1177 1089 1300 1151 Cornuti

148 1181 315 1239 commento
347 1178 470 1239 Iahnius
499 1178 593 1239 edidit
620 1180 675 1240 hoc
703 1178 837 1238 scholion
864 1177 944 1256 quod
972 1181 1155 1258 corrigamus
1182 1183 1301 1256 oportet

148 1267 262 1327 auxilio
295 1267 429 1327 codicum
460 1268 646 1329 Monacensis
669 1288 706 1345 p.
728 1269 769 1335 23
803 1267 912 1328 Lieblii
944 1268 1138 1329 Beruensium
1170 1289 1199 1345 p.
1222 1272 1245 1328 9,
1265 1270 1301 1329 ed
1352 1318 1355 1325 .

148 1356 300 1416 vaiaraii
327 1356 481 1435 Burgdorf
486 1355 595 1418 1375Ἰ
621 1350 688 1439 (qui
717 1357 794 1417 illud
821 1357 899 1434 quod
927 1360 1015 1418 initio
1040 1360 1134 1434 posui
1167 1358 1299 1418 scholion

148 1465 215 1506 cum
226 1441 338 1506 Lucilii
356 1446 492 1507 uersibus
510 1448 582 1507 item
601 1450 746 1507 omittunt
766 1451 801 1506 ut
814 1445 1052 1507 vindobonensis
1073 1449 1139 1507 131.
1155 1466 1230 1508 saec.
1245 1440 1300 1530 X):

149 1531 191 1594 ‘in
215 1539 334 1595 tantum
357 1539 402 1596 est
425 1537 551 1598 scientia
572 1540 627 1597 tua
650 1536 688 1595 ad
711 1536 838 1596 nihilum
856 1536 978 1597 redacta
996 1540 1032 1595 ut
1050 1536 1164 1613 aliquid
1184 1542 1210 1596 lo
1227 1540 1300 1599 scire

147 1628 273 1695 sessos,
306 1627 364 1685 nisi
397 1626 520 1687 alterius
552 1626 694 1689 iudicium
725 1625 761 1686 de
793 1628 918 1687 scientia
949 1630 1003 1686 tua
1037 1622 1195 1686 consulas':
1222 1647 1301 1704 quae

147 1715 307 1792 explicatio
339 1708 420 1775 lacta
451 1729 515 1776 esse
547 1715 666 1776 uidetur
696 1714 734 1775 ad
762 1717 910 1778 uetustius
939 1715 1015 1776 illud
1042 1716 1176 1776 scholion
1203 1720 1234 1776 et
1262 1717 1300 1777 ad

147 1804 348 1882 fragmentum
371 1804 488 1864 Lucilii.
512 1836 556 1847 -
579 1804 638 1864 Pro
661 1808 802 1881 corrupto
821 1807 946 1867 dicimus
964 1804 1107 1865 substitui
1125 1806 1196 1864 dum
1214 1808 1299 1866 cuius

148 1893 353 1970 compendium
378 1895 454 1954 male
478 1895 602 1955 soluerit
625 1894 765 1954 librarius
788 1895 958 1972 archetypi,
985 1913 1039 1971 pro
1061 1913 1134 1966 'asra
1161 1895 1300 1972 suppleui

147 1999 307 2043 samonum:
329 1984 447 2061 reliqua
474 2002 547 2045 sana
574 1983 713 2044 uidentur
741 2002 813 2044 esse.
844 2016 888 2026 -
910 1989 943 2042 ot
964 2002 1009 2044 ose
1032 1986 1106 2043 scire
1126 1986 1216 2044 uolo:
1232 1988 1303 2044 conl

148 2071 244 2132 Plaut
265 2071 330 2133 Cas.
351 2074 413 2132 287
445 2069 528 2149 ‘qnid
556 2075 631 2133 uelis
659 2073 746 2134 modo
774 2073 805 2132 id
833 2074 923 2132 uelim
953 2094 999 2132 me
1028 2068 1115 2133 scire’
1140 2066 1299 2155 (Draegcri

147 2162 263 2236 syntax.
281 2161 350 2221 hist.
370 2161 441 2238 ling.
460 2160 527 2221 Lat.
546 2162 581 2221 ed
608 2163 638 2221 Π
661 2162 720 2222 ιιοΙ.
739 2162 770 2221 lI
797 2183 824 2239 p.
841 2165 902 2223 401
912 2156 953 2244 ιι).
983 2195 1026 2204 -—
1053 2166 1185 2224 conscius
1208 2183 1297 2240 quam

147 2253 337 2326 sumptuosus
373 2253 415 2310 sit
450 2251 582 2310 familiae
618 2253 755 2328 peccanti
791 2254 990 2328 exposuerunt
1029 2253 1160 2313 Martial.
1188 2252 1230 2311 VI
1256 2255 1299 2314 50

146 2338 249 2398 quen.
268 2339 315 2398 III
336 2341 408 2398 113.
433 2342 474 2398 49
490 2360 584 2417 seqq.:
608 2341 692 2399 mimi
715 2342 832 2400 conscia
854 2341 1007 2409 inducitur
1034 2341 1114 2418 apud
1138 2340 1297 2402 Horatium

148 2427 283 2488 sermIl
308 2430 341 2503 7,
365 2429 407 2488 59
437 2421 967 2511 (conf12,1301uuen.V144).
1002 2462 1042 2471 -
1076 2434 1151 2491 seire
1186 2432 1299 2492 lsocsc

146 2520 236 2578 noscit
253 2517 357 2577 eodem
375 2517 464 2577 modo
482 2517 595 2578 dietum
614 2537 672 2594 quo
691 2518 801 2579 dicitm
819 2520 850 2576 in
869 2518 1022 2578 comoedia
1040 2519 1141 2579 Plauti
1154 2519 1217 2579 Mil.
1234 2523 1295 2580 511

148 2602 196 2665 ‘ue
219 2608 254 2665 tu
276 2607 383 2682 hercle,
406 2607 431 2667 si
454 2611 485 2667 te
507 2607 538 2666 di
562 2609 671 2683 ament,
695 2608 829 2686 lingnam
850 2610 1027 2685 comprimes
1045 2609 1183 2685 posthac:
1206 2612 1298 2669 etiam

146 2695 227 2755 illud
241 2696 320 2773 quod
338 2697 413 2757 scies
431 2698 591 2757 nesciueris
615 2716 668 2758 nec
691 2696 801 2757 uideris
825 2697 904 2775 quod
927 2693 1051 2757 uideris’
1077 2698 1217 2774 Bacchid.
1232 2701 1298 2760 ,790

148 2781 203 2845 ‘nil
235 2786 296 2844 iam
329 2805 375 2845 ma
408 2789 526 2863 oportet
557 2788 647 2862 scire,
677 2786 789 2847 oblitus
816 2805 882 2846 sum
906 2789 1014 2847 omnia.
1066 2786 1135 2848 Scio
1165 2807 1212 2848 me
1236 2807 1298 2849 esse

147 2894 272 2949 seruam,
295 2875 393 2936 nescio
417 2877 508 2936 etiam
526 2875 559 2935 id
577 2876 658 2953 quod
676 2872 748 2936 scio’
768 2877 901 2936 Terentii
923 2876 1032 2937 Heaut.
1054 2878 1117 2936 ue
1138 2871 1183 2936 ‘tu
1202 2881 1297 2938 neseis

146 2963 177 3022 id
205 2963 285 3040 quod
308 2966 379 3040 scis,
406 2964 518 3026 Dromo
550 2966 578 3026 si
609 2966 729 3041 sapies,
745 2970 776 3034 dt
806 2966 922 3026 Mutum
954 2960 1045 3026 dices’
1078 2966 1211 3026 Runuch
1233 2969 1296 3027 732

148 3047 192 3112 ‘tu
211 3054 261 3130 pol
280 3052 306 3113 si
331 3056 420 3130 sapis,
443 3054 523 3132 quod
545 3056 611 3129 scis,
634 3050 751 3130 nescis',
773 3057 793 3114 i
812 3076 836 3115 e.
859 3056 971 3117 tacebis
995 3055 1092 3115 Pleut.
1106 3056 1194 3116 Most.
1211 3058 1295 3115 1156

148 3138 231 3219 ‘quia
253 3141 326 3202 fecit
348 3162 424 3220 quae
447 3146 482 3203 te‘
501 3145 576 3204 seire
599 3138 676 3204 scit':
699 3144 771 3204 conf
786 3144 836 3204 lib.
855 3144 871 3202 I
893 3165 921 3204 u.
937 3146 978 3205 33
994 3163 1074 3222 seqq.
1116 3145 1223 3222 Itaque
1242 3146 1297 3207 hoc

145 3231 233 3292 modo
256 3233 449 3309 interpratur:
472 3252 531 3293 non
555 3234 691 3310 quemuis
713 3233 862 3293 hominem
886 3234 916 3293 in
941 3254 972 3294 re
994 3236 1076 3312 turpi
1095 3239 1213 3312 oportet
1232 3253 1294 3296 csse

146 3321 299 3399 loquacem
331 3340 428 3400 neque
459 3343 542 3382 meae
575 3321 679 3383 domus
710 3324 812 3400 turpia
844 3323 926 3383 facta
957 3323 982 3382 si
1012 3342 1089 3401 qnae
1117 3328 1188 3384 sunt
1217 3325 1296 3385 foras

146 3411 363 3472 adunassent
385 3431 432 3471 me
456 3411 529 3472 scire
553 3412 632 3487 uolo,
654 3412 680 3472 si
703 3412 798 3472 ueluti
821 3431 897 3473 uxor
919 3413 1099 3473 adulterium
1122 3414 1202 3488 fecit,
1225 3414 1296 3473 dum

146 3502 231 3560 mimi
258 3500 401 3577 conscius,
429 3519 643 3562 summumne
666 3501 807 3562 damnum
830 3502 949 3579 faciam,
972 3502 1046 3561 scire
1069 3503 1126 3565 hec
1148 3523 1179 3564 se
1202 3506 1296 3564 nescit

145 3588 177 3647 id
209 3593 254 3650 est
285 3593 373 3652 tacet.
418 3589 465 3650 De
497 3590 595 3652 mimis
623 3590 732 3652 Lucilii
764 3595 861 3652 aetate
887 3592 998 3669 quales
1027 3593 1139 3654 fuerint
1165 3592 1296 3652 traditur

145 3679 295 3738 testimon.
317 3681 356 3738 17
380 3680 513 3759 prolegg.
533 3701 561 3758 p.
575 3680 689 3740 XXVII
703 3699 762 3758 seq.

238 3758 343 3828 1847.
367 3768 473 3829 Festus
494 3790 523 3845 p.
539 3770 612 3847 209,
628 3770 651 3829 ’3
680 3773 711 3830 et
733 3770 816 3830 Paul.
836 3791 864 3848 p.
880 3773 994 3845 208‚1
1026 3767 1186 3831 ‘Petimina
1216 3773 1247 3830 in
1272 3767 1295 3850 †

145 3857 191 3915 bis
220 3849 362 3939 (leomeris
388 3851 514 3938 Paulus)
541 3858 741 3918 iumentorum
766 3860 873 3920 vulcero
905 3866 936 3919 et
963 3860 1054 3938 uulgo
1082 3860 1237 3936 appellant
1264 3865 1295 3920 et

146 3943 283 4005 Lucilius
300 3946 445 4020 meminit,
468 3964 559 4023 quom
581 3947 625 4007 ait
649 3942 708 4007 “ut
730 3950 862 4026 petimen
884 3967 968 4008 naso¹
985 3951 1043 4008 aut
1061 3948 1177 4008 lumbos
1200 3951 1294 4009 cerui-

145 4033 228 4094 cibus
255 4029 394 4113 tangat'’.
435 4053 470 4095 eo
497 4036 623 4096 nomine
644 4041 745 4097 autem
772 4043 803 4097 et
824 4037 904 4097 inter
926 4038 999 4097 duos
1018 4055 1116 4097 armos
1135 4039 1196 4097 suis
1215 4039 1294 4115 quod

145 4128 203 4198 est,
235 4126 295 4183 ant
315 4128 417 4199 pectus
449 4116 558 4205 (motos
588 4117 658 4208 cod)
686 4126 835 4204 appellari
860 4127 983 4188 solitum
1009 4129 1141 4187 testatur
1161 4127 1293 4190 Naeuius

145 4204 244 4293 (car
267 4211 336 4272 edit.
355 4212 401 4272 III
423 4217 483 4274 121
495 4205 536 4296 R)
555 4215 586 4273 in
606 4214 804 4292 descriptione
822 4215 928 4275 saulae
953 4235 1044 4293 quom
1062 4218 1107 4276 ait
1126 4211 1293 4293 “petimine

140 4303 255 4376 possa
283 4294 421 4381 (porum
450 4295 674 4386 Dalecampius)
702 4306 755 4381 qui
781 4299 976 4365 meruerat”.³
1022 4305 1160 4365 Editores
1183 4306 1293 4366 indes

144 4390 247 4453 Dousa
274 4392 481 4459 conscelerant
511 4394 590 4453 hunc
617 4414 645 4453 u.
664 4413 731 4454 curn
754 4394 888 4454 1.·1298
914 4389 1025 4463 ‘sicuti
1040 4394 1205 4454 mechanici
1227 4414 1293 4455 cum

147 4482 210 4541 alto
234 4483 363 4542 exiluere
384 4479 519 4560 petemo'
544 4485 575 4541 et
596 4484 730 4544 homines
753 4483 863 4543 similia
886 4484 1014 4544 artificia
1036 4486 1087 4561 qui
1111 4487 1296 4545 exercuerint
