3036 5004
344 329 434 386 XXIX
452 349 480 387 u.
501 337 561 387 922.
599 329 714 386 XXVIII
732 332 783 384 aut
800 329 889 384 XXIX
908 348 934 386 u.
955 333 1104 385 923-925.
1243 329 1309 395 305

250 493 333 562 922.
361 501 478 560 Nonius
506 522 534 578 p.
555 502 668 575 287,8
702 496 887 560 ‘Distrahere
919 504 964 560 est
995 499 1130 559 uendere.
1176 499 1309 559 Lucilius

158 590 210 650 lib.
229 591 376 650 XXVIIII
399 586 563 650 “diuidant
591 590 743 665 differant,
770 589 928 667 dissipent,
956 583 1170 649 dIstrahant''.'
1215 588 1309 648 Lacu-

158 701 228 740 nam
251 680 359 739 statuit
377 680 553 740 Muellerus:
576 679 668 739 uerba
691 682 762 740 sunt
782 681 888 740 comici
906 678 1014 756 quibus
1033 682 1103 756 apte
1122 682 1310 754 comparetur

158 770 255 829 Plsut
266 769 337 829 cist.
349 771 412 830 208
429 766 521 830 ‘feror
534 768 654 829 differor
667 769 818 829 distrahor
831 765 976 845 diripior’.
1000 767 1078 838 Quid
1092 771 1132 827 sit
1145 767 1309 827 distrahere

159 863 285 935 apparet
312 858 402 936 Apul.
426 862 545 920 metam.
564 859 608 918 IX
627 860 730 935 capti
765 853 930 918 ‘manuum
967 860 1183 935 negotiatorem
1219 860 1309 917 nacta

159 967 233 1023 sum,
257 950 310 1024 qui
332 969 405 1023 rem,
428 969 519 1024 quarn
542 967 598 1026 ego
621 948 729 1007 mulier
751 951 781 1007 et
803 948 884 1007 intra
906 947 1069 1025 hospitium
1088 950 1229 1007 contenta
1246 947 1308 1004 iam

159 1037 272 1097 dudum
298 1041 412 1114 septem
443 1037 574 1097 denariis
602 1036 739 1111 uendidi,
771 1036 894 1096 minorIs
926 1031 1077 1096 distraxit’
1097 1037 1117 1094 i.
1136 1055 1160 1095 e.
1179 1036 1309 1112 quinque

159 1126 311 1202 denariis..
332 1127 428 1186 Schol.
448 1126 520 1186 Bob.
540 1128 572 1186 in
592 1126 650 1187 oie.
670 1145 724 1203 pro
742 1125 844 1185 Plane.
863 1146 892 1202 p.
913 1127 986 1201 259,
1006 1127 1047 1184 32
1075 1121 1202 1184 ‘Scimus
1230 1125 1308 1184 enim

159 1214 355 1292 praeconibus
390 1216 542 1276 auctiones
574 1217 686 1275 fructui
718 1234 794 1291 esse,
832 1215 911 1292 qnod
948 1234 1002 1292 per
1038 1234 1087 1276 eos
1128 1215 1228 1274 omnia
1264 1214 1308 1272 di-

159 1301 355 1366 strahantur’.

628 1447 840 1455 ...—.———-

533 1607 687 1681 XXVIII
714 1611 783 1680 aut
809 1607 935 1679 XXIX.

249 1744 333 1813 929.
359 1752 475 1811 Nonius
499 1773 527 1829 p.
547 1753 622 1828 406,
643 1754 683 1812 23
718 1748 860 1827 ‘'l'ollere,
893 1750 1024 1811 occidere
1055 1741 1114 1831 (ita
1147 1750 1310 1810 Mercerus:

158 1841 272 1912 hoccid;
295 1840 429 1902 Looctdi
448 1834 488 1922 G)
507 1840 641 1901 Lucilius
664 1841 715 1901 lib.
736 1841 854 1900 XXVI
878 1837 936 1901 “at
958 1838 1008 1899 cui
1028 1887 1033 1898 .
1050 1887 1056 1898 .
1072 1886 1078 1897 .
1096 1840 1211 1900 histrus
1234 1858 1310 1901 unus

160 1932 260 2007 potuit
282 1925 433 1991 tollere'’.'
478 1931 584 1990 lunius
607 1933 685 1991 recte
709 1932 838 2005 cystim,
861 1930 1060 1990 Baehrensius
1082 1930 1180 1989 hictus
1202 1928 1311 1990 maluit

160 2038 269 2096 ponere
298 2019 378 2096 quod
400 2019 430 2078 H
449 2020 526 2080 etK
553 2020 583 2078 in
613 2020 761 2097 scriptura
789 2020 913 2097 capitali
941 2022 991 2078 uix
1018 2022 1144 2095 possunt
1173 2019 1309 2079 discerni

160 2109 322 2170 Vocabulis
350 2109 471 2169 Graecis
498 2110 595 2168 utitur
622 2114 712 2186 poeta
738 2113 773 2170 ut
799 2110 864 2168 fieri
892 2111 970 2169 solet
997 2109 1029 2167 in
1057 2128 1195 2169 sermone
1217 2108 1311 2168 medi-

160 2218 264 2258 corum
296 2202 327 2259 et
358 2199 583 2276 languentium:
620 2198 781 2275 dyspepsia
814 2198 889 2258 (icto
922 2198 957 2256 de
990 2197 1056 2274 agri
1089 2198 1161 2257 cult.
1189 2200 1310 2272 127,1.

161 2289 288 2349 Versum
311 2288 353 2348 sic
376 2288 493 2347 scandit
514 2288 677 2346 Muellerus
705 2288 741 2346 de
769 2307 800 2347 re
826 2291 910 2348 metr.
931 2286 969 2346 ed
986 2286 1016 2344 II
1034 2306 1063 2362 p.
1085 2288 1162 2345 551:
1190 2281 1235 2345 ‘at
1262 2284 1310 2346 cm'

161 2398 250 2456 quern
273 2376 364 2436 febris
387 2372 448 2436 rina
472 2379 562 2452 atque
584 2395 645 2436 una
667 2371 804 2453 ἀπεψία’;
826 2376 906 2453 quod
930 2376 956 2434 si
977 2378 1093 2433 rectum
1116 2379 1171 2450 est,
1196 2378 1310 2452 primus

160 2467 294 2527 Lucilius
316 2468 407 2542 febris
432 2466 535 2543 posuit
561 2485 615 2542 pro
643 2467 783 2526 trochaeo
811 2466 891 2542 quod
918 2467 1023 2525 contra
1049 2463 1146 2542 legem
1173 2467 1310 2523 ueterum

161 2554 227 2616 er'at
249 2558 415 2633 poetarum.
453 2556 565 2615 Tamen
584 2555 712 2614 alterum
730 2555 820 2614 huius
838 2553 1042 2631 productionis
1061 2553 1142 2631 apud
1160 2552 1311 2613 Lucilium

161 2665 220 2706 non
245 2648 329 2704 extat
350 2645 531 2721 exemplum3
554 2644 645 2704 immo
669 2644 718 2703 uel
740 2644 771 2703 in
794 2644 975 2703 hexametrIs
997 2661 1066 2702 raro
1090 2641 1224 2703 uocalem
1242 2662 1310 2718 pro·

161 2734 244 2794 ducit
270 2736 361 2811 poeta
389 2738 458 2794 ante
486 2737 601 2793 mutam
629 2753 697 2793 cum
730 2732 860 2809 liquida:
892 2732 961 2792 uide
985 2731 1072 2791 indic.
1097 2751 1221 2810 gramm.
1240 2751 1262 2793 s.
1281 2752 1309 2791 u.

162 2822 327 2900 productio.
373 2823 477 2900 Neque
500 2825 601 2882 tamen
625 2826 672 2883 est
694 2825 791 2901 magis
814 2821 956 2881 credibile
983 2822 1031 2880 cui
1057 2819 1227 2897 disyllabon
1254 2821 1311 2880 hoc

163 2912 228 2972 loco
252 2913 323 2989 poni
346 2912 437 2972 sicuti
460 2931 548 2988 saepe
571 2914 603 2971 in
626 2912 713 2972 hiatu
739 2911 820 2989 apud
844 2911 986 2971 Plautum
1015 2902 1098 2990 (uide
1124 2913 1248 2987 interpr.
1273 2910 1311 2968 ad

163 3001 244 3060 Trin.
266 3002 329 3060 558
348 3001 411 3060 Mil.
432 2994 510 3083 351)
535 3002 587 3078 qni
610 3003 677 3060 hesic
699 3001 801 3078 posuit
818 3000 988 3077 disyllabon
1006 2999 1082 3059 uuo.
1099 3001 1140 3058 39
1160 2999 1309 3061 Asinio.

163 3090 222 3150 Sed
250 3090 358 3151 dubito
390 3110 428 3150 an
461 3109 564 3151 uersus
592 3111 608 3151 e
636 3090 746 3150 Lucilii
778 3089 828 3149 lib.
848 3089 946 3150 XXVI
978 3088 1122 3150 exciderit
1152 3108 1212 3148 una
1244 3108 1310 3149 oum

162 3180 308 3241 Varronis
339 3182 459 3244 nomine
488 3181 574 3240 cuius
604 3181 636 3239 in
668 3180 833 3257 Menippeis
865 3179 936 3239 talis
967 3179 1125 3256 productio
1157 3178 1312 3238 inuenitur

161 3271 281 3347 saepius
313 3263 379 3352 (38.
408 3272 471 3330 235
486 3264 536 3352 Β).
586 3269 677 3329 Libro
704 3267 834 3328 XXVIII
869 3270 925 3329 hoc
963 3267 1072 3328 tribuit
1107 3269 1309 3346 fragmentum

161 3359 379 3419 Lachmannus.

251 3442 335 3511 925.
359 3449 456 3510 Varro
483 3448 520 3507 de
547 3448 652 3528 lingua
679 3449 790 3508 Latina
808 3447 852 3507 VI
871 3449 912 3508 69
942 3443 1106 3523 ‘Spondere
1136 3450 1182 3506 est
1213 3445 1310 3506 dicere

162 3533 340 3615 “spondeo''
363 3557 382 3598 a
406 3541 511 3616 sponte
535 3532 619 3618 (nam
641 3539 673 3597 id
697 3530 792 3619 ualet)
816 3540 848 3596 et
870 3558 887 3596 a
909 3537 1077 3596 uoluntate.
1121 3535 1226 3613 itaque
1253 3535 1311 3595 Lu-

162 3628 250 3687 cilius
274 3628 379 3687 scribit
400 3627 436 3686 de
462 3629 577 3697 Grates,
600 3647 669 3687 cum
691 3628 729 3686 ad
752 3646 783 3686 se
806 3626 940 3687 cubitum
963 3625 1088 3698 uenerit,
1113 3620 1183 3705 [sua
1205 3624 1310 3685 nolun-

162 3711 240 3795 tate]
265 3710 433 3797 (delendum
455 3719 532 3776 uidit
548 3708 693 3797 Scaliger)
717 3719 822 3794 sponte
845 3719 943 3792 ipsam
966 3719 1071 3792 suapte
1095 3714 1254 3774 adductam
1276 3718 1312 3774 ut

162 3806 296 3865 tunicam
319 3809 350 3865 et
371 3810 481 3866 octoas
503 3799 655 3886 (impressi
678 3797 785 3886 cetero)
804 3799 949 3866 reiceret'.
986 3802 1125 3865 Senarios
1143 3807 1223 3863 recte
1242 3823 1311 3864 ocn-

163 3895 264 3954 stituit
286 3893 493 3954 Lachmannus
522 3914 610 3971 quern
637 3895 732 3954 secuti
760 3913 872 3955 sumus.
917 3894 1033 3954 Nomen
1060 3893 1224 3952 meretricis
1252 3893 1312 3952 fuit

163 3983 298 4058 Cretaea,
320 3985 340 4042 i.
360 4003 384 4043 e.
403 3983 537 4061 Κρηταία
560 3984 641 4060 quod
664 3983 814 4062 significat
836 3985 1022 4043 meretricem
1046 3981 1136 4042 (treta
1157 3982 1189 4040 in
1211 3982 1311 4042 insula

163 4075 274 4133 natam.
321 4072 466 4132 Solebant
488 4073 568 4131 enim
590 4075 760 4133 meretrices
787 4072 936 4133 nominari
963 4072 998 4130 de
1027 4072 1092 4131 loco
1119 4070 1198 4130 unde
1227 4075 1310 4131 ortae

163 4165 249 4222 erant
276 4162 371 4222 ueluti
399 4161 470 4238 Gyri
496 4162 625 4238 paelices
654 4162 780 4221 audiunt
807 4159 1270 4238 ap.Xenoph.Anah.110,i.
1291 4163 1309 4220 3

163 4247 182 4330 ἡ
207 4252 344 4331 Μιλησία
367 4255 398 4312 et
420 4246 439 4329 ἡ
465 4252 585 4323 Φωκαῒς
607 4252 712 4310 Afran.
734 4251 834 4310 13611
860 4245 924 4309 ‘ubi
951 4251 1017 4309 hice
1044 4249 1173 4309 Moschis
1200 4268 1311 4327 quaeso

162 4342 254 4402 habet
285 4343 426 4402 meretrix
457 4335 667 4418 Neapolitisi'.
696 4373 738 4382 —
766 4344 799 4399 ut
830 4341 959 4399 tunicam
991 4342 1017 4398 et
1051 4344 1145 4400 cetero
1179 4334 1311 4420 reiceret]

164 4431 217 4491 ΑΡ
235 4431 262 4487 V
283 4433 344 4491 251
369 4431 516 4512 ῥίψωμεν,
538 4430 686 4512 χαρίεσσα,
708 4427 743 4489 τὰ
765 4428 862 4510 φάρεα
876 4448 900 4488 c.
915 4448 944 4505 q.
959 4447 981 4488 s.

217 4540 303 4583 hncllil
316 4541 366 4582 reli
381 4541 416 4582 ed
430 4541 513 4583 Mau.
536 4542 566 4583 IL
1062 4533 1097 4582 20
