3060 5010
219 338 283 412 180
656 334 707 400 XV
724 365 751 401 u.
771 344 921 403 101-400.

218 517 341 578 Homeri
358 517 437 578 illud
455 518 475 576 l.
489 537 513 578 s.
526 537 548 578 s.
563 516 645 579 ι’στδν
663 518 749 597 vuer:
768 538 872 579 reuera
891 518 971 595 apud
989 517 1129 578 Plautum
1144 513 1283 578 Bacchid.
1306 513 1368 577 797

219 604 304 667 ‘bene
335 608 422 669 nauis
449 611 596 688 agitatur,
627 610 729 684 pulcre
755 610 829 670 hoec
858 609 1011 669 confertur
1037 604 1124 669 ratis'
1153 611 1243 668 noeis
1269 626 1370 667 mone·

218 697 356 777 syllabon
387 717 450 759 esse
481 698 549 761 ideo
581 698 735 776 probabile
768 704 825 772 est,
857 699 937 775 quod
969 698 1101 758 traditur
1130 698 1282 757 llenaech.
1307 699 1370 756 344

220 784 309 847 ‘nuno
336 791 368 847 in
390 791 466 849 istoc
489 792 579 867 portu
602 792 665 848 stat
687 788 775 849 nauis
802 784 1016 865 praedatoriu',
1048 792 1116 847 tum
1143 787 1282 847 Bacchid
1307 788 1369 846 331

219 872 283 937 ‘sed
314 878 436 938 diuesne
470 883 515 938 est
545 879 614 938 istic
641 877 839 938 Theotimus?
889 877 990 938 Etiam
1022 874 1121 957 rogas'
1155 878 1240 937 diues
1270 895 1370 936 mono-

219 967 355 1044 syllabon
378 986 442 1027 esse
459 969 539 1028 iusto
559 987 663 1028 uersus
684 968 765 1029 exitu
783 961 840 1048 olo
852 1002 871 1026 υ
885 963 938 1027 -'o
952 1019 968 1027 -
987 968 1141 1044 probatur,
1160 967 1309 1044 Amphitr.
1330 969 1372 1025 90

220 1051 310 1117 ‘nunc
333 1057 503 1133 proferatur
529 1057 633 1118 Iouem
661 1059 757 1118 facere
787 1052 999 1130 histrioniam,
1022 1058 1124 1116 Iouem
1147 1055 1371 1133 monosyllabon

221 1164 284 1206 esee
307 1146 413 1206 debere
436 1149 471 1205 ut
493 1147 653 1207 Nocmbres
677 1146 748 1207 CIL
767 1147 783 1205 I
803 1148 876 1206 831.
902 1148 965 1207 909
991 1146 1084 1206 falsus
1107 1148 1220 1206 euincit
1238 1148 1291 1221 qui
1310 1145 1373 1204 siue

220 1237 277 1296 hac
299 1237 415 1295 ratione
438 1236 536 1296 oritur
559 1237 831 1314 proceleumaticus.
880 1236 1016 1312 Denique
1044 1237 1142 1295 molus
1164 1239 1254 1295 00010
1277 1234 1375 1295 adfert

222 1324 351 1404 Georges
371 1346 405 1386 ex
420 1325 509 1404 Vulg.
527 1326 582 1385 Ies.
602 1327 684 1384 XXX
705 1329 754 1386 17.
792 1324 850 1384 Sed
871 1326 1185 1385 0110111001011101110
1204 1326 1374 1399 Affiuanus,

221 1416 284 1475 ullo
313 1415 405 1475 Nonii
436 1415 509 1475 codd
543 1435 617 1492 quos
646 1416 766 1475 omnino
793 1416 825 1474 in
852 1434 885 1474 re
912 1414 1004 1474 dubia
1033 1416 1118 1492 sequi
1144 1415 1235 1474 uolui.
1284 1411 1379 1490 [conf

223 1504 421 1566 Buechelerus
445 1504 519 1564 blus
538 1505 631 1564 Rheu.
650 1504 718 1564 LIX
740 1507 824 1574 1904
848 1525 877 1581 p.
893 1498 982 1583 322]

312 1584 396 1655 484.
420 1593 594 1656 Lactantius
612 1596 707 1654 instit
726 1594 742 1652 I
763 1597 814 1670 22,
836 1595 875 1653 13
894 1615 923 1671 p.
939 1594 982 1654 90
996 1592 1121 1653 Braudt
1140 1597 1171 1652 et
1184 1596 1216 1652 in
1231 1595 1375 1669 epitomes

223 1686 321 1760 cupite
346 1685 387 1742 22
412 1704 440 1760 p.
456 1684 519 1743 688
544 1683 668 1743 Bruudt.
711 1679 858 1760 ‘Reliquit
880 1702 951 1761 ergo
970 1684 1098 1761 posteris
1117 1683 1239 1743 Faunus
1257 1701 1375 1759 quoque

223 1791 282 1830 non
310 1792 416 1849 parum
444 1776 565 1847 0110110,
597 1792 686 1850 quem
718 1777 818 1833 tamen
850 1773 1011 1849 prudentes
1042 1773 1155 1850 quique
1182 1773 1375 1849 perspiciunt.

223 1861 302 1920 Nam
330 1861 464 1921 Lucilius
487 1883 589 1922 eorum
616 1862 792 1938 stultitiam,
819 1864 872 1938 qui
895 1863 1056 1922 simulacra
1079 1862 1149 1922 deos
1172 1866 1282 1939 putant
1304 1881 1376 1936 esse,

224 1949 340 2010 deridet
361 1952 408 2011 his
431 1948 586 2012 uersibus'.
632 1955 774 2029 epitome:
802 1946 885 2014 ‘Ideo
907 1951 1054 2026 Lucilius,
1082 1951 1219 2012 deridens
1247 1953 1377 2029 ineptias

173 2050 175 2052 ’
224 2042 350 2100 istorum
377 2043 430 2118 qui
457 2044 543 2101 neuls
571 2042 833 2119 superstitionibus
860 2044 1009 2116 seruiunt,
1037 2042 1092 2101 hos
1124 2061 1227 2102 uersus
1254 2036 1376 2118 posuit’.

224 2124 393 2190 ‘terriculas
491 2133 534 2191 sic
566 2131 616 2191 isti
648 2133 748 2191 omniu
779 2130 849 2190 ficta
947 2134 1043 2191 inesse
1070 2134 1102 2191 in
1130 2131 1233 2190 ahenis
1260 2123 1378 2212 (11001110

225 2219 417 2279 Taurineusis
435 2213 594 2301 epitomes)
615 2266 665 2279 ...
684 2223 749 2280 ueri
767 2220 843 2279 nihil
862 2221 962 2280 omnia
980 2220 1051 2280 fieta
1070 2213 1166 2301 (01010
1185 2221 1377 2280 Taurinensis

226 2301 406 2389 epitomes)’.
447 2310 563 2370 Nouius
587 2330 622 2369 er
644 2310 839 2389 grammatico
862 2331 890 2387 p.
907 2312 959 2384 56,
979 2312 997 2369 6
1023 2305 1138 2369 ‘Infans
1161 2329 1180 2369 a
1203 2330 1262 2370 nou
1285 2308 1377 2369 fando

225 2397 323 2459 dictus
342 2404 395 2458 est.
421 2447 471 2458 ...
491 2403 592 2460 cuseos
609 2398 661 2459 lib.
676 2399 794 2459 XVIIII
807 2394 867 2459 “ut
884 2402 971 2475 pueri
985 2400 1116 2460 mfuntes
1130 2400 1246 2459 faciunt
1258 2399 1377 2459 mulier·

226 2488 324 2547 culam
347 2485 536 2550 honestam’'.
578 2493 609 2549 et
630 2488 686 2549 XV
709 2485 760 2549 “ct
777 2490 861 2567 pueri
880 2490 1010 2549 infantes
1029 2490 1155 2549 eredunt
1173 2490 1260 2568 signa
1278 2490 1378 2548 omnia

226 2597 303 2638 aena
321 2571 380 2659 (ita
399 2579 443 2639 0.-
465 2599 522 2639 ena
539 2572 583 2662 L)
602 2580 704 2639 uiuere
723 2583 754 2640 et
772 2597 835 2639 esse
853 2574 1034 2639 homiues”.'
1076 2579 1251 2639 Mendosum
1269 2578 1378 2638 Lucilii

226 2668 304 2727 hunc
332 2669 428 2727 locum
457 2670 516 2729 iam
545 2669 720 2730 Laomntius
750 2669 837 2748 legit:
866 2688 936 2727 nam
964 2670 1113 2728 consentit
1140 2673 1170 2728 et
1197 2669 1326 2745 epitome
1349 2672 1380 2727 et

227 2777 303 2835 epus
335 2760 434 2835 ipsum
465 2759 689 2819 institutionum
712 2760 733 2817 l.
748 2779 770 2818 s.
785 2779 807 2818 s.
831 2759 863 2816 in
895 2759 1022 2818 lectione
1053 2778 1082 2817 u.
1103 2760 1166 2817 481
1200 2761 1250 2818 isti
1280 2760 1379 2817 01111110

226 2849 304 2922 ficto.
350 2847 461 2926 Agitur
487 2850 543 2909 hoc
570 2849 635 2909 loco
663 2848 699 2908 de
727 2850 938 2925 superstitione
969 2867 1058 2924 quam
1089 2847 1205 2907 deridet
1232 2852 1323 2925 poeta
1345 2851 1380 2905 ut

227 2937 433 3013 philosophus,
455 2941 538 2998 ouius
561 2957 664 2998 uersus
687 2939 801 2998 clarum
824 2941 895 2997 sunt
917 2937 999 2996 illius
1023 2937 1136 2997 saeculi
1154 2941 1377 2997 monumentum

228 3028 416 3102 contemptae
447 3027 610 3105 religionis.
666 3024 745 3086 conf
773 3026 925 3086 Plutarch.
958 3027 994 3086 de
1027 3031 1153 3104 superat.
1178 3030 1199 3086 4
1227 3048 1256 3103 p.
1280 3025 1379 3086 1661)

229 3116 280 3174 ubi
299 3114 386 3174 audit
403 3117 627 3192 superstitiosus
646 3112 662 3176 δ
677 3116 807 3196 φρίττων
824 3115 894 3189 τοὺς
913 3125 1046 3195 σωτῆρας
1064 3113 1203 3189 καὶτοὺς
1221 3116 1380 3195 μειλιχίους

230 3202 342 3284 τρέμων
364 3201 413 3264 καλ
436 3204 577 3278 δεδοικώς
668 3206 783 3266 Deinde
809 3208 909 3285 pergit
936 3198 1005 3288 (ll).
1033 3204 1093 3266 ἔστι
1120 3205 1218 3290 δούλῳ
1236 3204 1381 3283 φεύξιμος

229 3292 344 3378 βωμός,
374 3289 434 3353 ἴστι
460 3291 510 3354 καὶ
533 3298 652 3380 λῃσταῖς
675 3292 806 3376 ἀβέβηλα
828 3294 921 3356 πολλὰ
945 3304 1003 3355 τῶν
1026 3295 1125 3375 ἱερῶν,
1148 3293 1199 3356 καὶ
1221 3295 1381 3373 πολεμίους

230 3382 262 3442 01
291 3383 465 3463 φεύγοντες,
492 3381 530 3444 διν
561 3381 726 3465 ἀγάλματος
758 3384 906 3465 λάβωνται
933 3381 954 3463 ἢ
981 3392 1071 3462 ναοῦ,
1100 3389 1280 3466 θαρροῦσιν·
1309 3381 1325 3444 δ
1348 3380 1380 3443 δὲ

230 3472 420 3551 δεισιδαίμων
446 3481 537 3533 ταῦτα
565 3473 689 3552 μάλιστα
716 3475 827 3554 opines
854 3471 904 3533 eal
931 3474 1068 3553 φοβεῖται
1095 3471 1145 3534 καὶ
1172 3472 1313 3536 δέδοικεν.
1338 3506 1379 3514 -

230 3556 399 3642 terriculas]
418 3562 640 3624 6611127011
658 3560 868 3641 ‘pertimuistis
886 3581 1000 3624 cassam
1019 3565 1191 3623 tenioulam
1206 3557 1381 3637 aduersam,

231 3651 351 3731 δείματα
375 3654 406 3710 01
428 3656 634 3732 μορμολυκεῖα.
654 3687 695 3694 -
715 3650 850 3730 Lamias]
874 3652 913 3711 M.
932 3653 1075 3713 Antonin.
1094 3653 1138 3712 XI
1157 3655 1198 3713 23
1219 3652 1381 3732 Σωκράτης

230 3739 281 3802 καὶ
307 3740 342 3801 τὰ
370 3749 429 3801 τῶν
456 3745 573 3803 πολλῶν
602 3741 733 3824 δόγματα
756 3742 877 3819 Λαμίας
899 3739 1009 3820 ἐκάλει,
1031 3742 1161 3803 παιδίαν
1183 3741 1313 3820 δείματα.
1339 3774 1379 3782 -

231 3826 342 3912 Fauni]
368 3851 469 3909 regem
496 3832 633 3891 Faunum
662 3832 820 3909 plmuhter
848 3833 950 3910 posuit
973 3831 1102 3891 Ennium
1126 3836 1245 3893 secutus
1268 3824 1380 3912 (annal.

233 3943 260 3980 u.
276 3913 402 4001 214V),
425 3921 554 3981 Numam
578 3941 637 3981 non
659 3925 694 3982 ut
716 3922 882 4001 signorum,
912 3920 964 3981 sed
993 3924 1028 3980 ut
1057 3920 1179 3981 deorum
1208 3923 1311 3999 posuit
1337 3920 1380 3979 iu·

233 4014 398 4071 uentorum:
430 4031 501 4071 uam
528 4010 658 4070 Numam
689 4011 865 4071 tradebatur
895 4013 983 4090 sigua
1016 4010 1139 4071 deorum
1171 4010 1291 4072 adorari
1322 4029 1380 4069 nou

232 4118 295 4160 esse
322 4119 443 4177 pessum
466 4094 631 4183 (Plutarch.
650 4100 778 4160 1101118
807 4100 1007 4178 hlarquardtii
1036 4100 1212 4161 Mommseui
1241 4098 1381 4160 enchirid.

233 4190 346 4265 antiqu.
365 4189 450 4249 Rom.
469 4190 513 4249 VI
532 4186 647 4267 [1885]
666 4193 740 4266 pb,
761 4183 803 4272 1).
831 4223 868 4231 —
895 4193 968 4251 485.
992 4189 1040 4249 hic
1058 4192 1159 4250 emnia
1179 4183 1280 4269 ponit]
1303 4187 1382 4247 idem

233 4295 336 4336 uersus
359 4279 454 4338 exitus
477 4279 579 4338 quen.
598 4279 673 4339 XIII
692 4281 734 4339 86
759 4275 841 4341 ‘sum
863 4281 895 4338 in
918 4281 1056 4339 fortunae
1075 4282 1128 4356 qui
1146 4279 1264 4340 casibus
1282 4278 1383 4337 omnia

232 4361 357 4442 ponant’
383 4371 413 4426 01
433 4368 513 4445 apud
531 4367 681 4428 Lucilium
700 4367 750 4428 lib.
770 4369 856 4429 XVII
879 4371 988 4430 11550
1008 4365 1052 4428 ‘in
1070 4389 1161 4430 usura
1179 4369 1280 4428 omnia
1298 4366 1384 4444 ponit

235 4475 292 4515 non
320 4452 455 4534 magna':
488 4477 564 4534 quae
595 4459 707 4518 locutio
739 4478 758 4518 a
784 4479 817 4517 re
844 4459 990 4518 alectoria
1018 4458 1138 4518 uidetur
1165 4477 1228 4517 esse
1255 4456 1384 4516 deductu
