3000 5002
566 383 662 439 incant.
683 384 740 438 sed.
760 402 786 439 u.
809 391 885 442 1312.
1239 344 1305 452 ‘ilii

173 557 175 559 ’
248 544 353 614 1812.
373 551 475 612 Cicero
494 553 530 613 de
549 557 657 612 natura
676 553 797 613 deorum
816 554 902 629 123,
918 555 958 613 63
979 549 1069 624 ‘Quid
1089 555 1125 615 de
1143 557 1305 634 sacrilegis,

157 640 229 717 quid
246 641 283 700 de
301 642 403 718 impiis
421 642 608 719 periurisque
626 641 778 702 dicemus?
802 638 960 703 “Tubulus
979 645 1005 702 si
1023 643 1133 704 Lucius
1155 652 1306 720 umquam,

157 732 183 797 si
204 729 309 807 Lupus
332 734 387 790 aut
410 730 506 791 Gerbo
530 735 584 790 ant
602 732 735 808 Neptuni
758 728 872 808 filius'',
894 735 928 791 ut
946 734 991 807 ait
1008 731 1151 809 Lucilius,
1169 737 1306 810 putasset

157 839 223 880 esse,
242 820 321 895 deos,
344 823 408 879 tarn
430 821 567 896 periurus
591 824 725 880 sutiam
743 823 878 898 impurus
897 817 1033 882 fuisset?
1065 823 1229 883 Enumerat
1247 823 1305 883 Lu-

157 909 243 968 cilius
266 913 328 969 tres
350 910 485 970 homines
502 912 611 986 impios
635 912 687 987 qui
710 910 780 970 deos
803 913 1070 988 uon’curaucn'nt,
1098 912 1182 972 addit
1209 913 1305 972 facete

158 1002 298 1075 quartum
321 998 368 1059 dei
391 999 486 1058 tilium
506 998 650 1077 Cyclopa:
673 1003 726 1077 qui
745 1000 929 1080 Scaligerum
952 1003 1047 1062 secuti
1068 1002 1144 1062 illud
1166 1008 1218 1062 aut
1236 1006 1306 1063 ante

158 1089 291 1165 Neptuni
313 1088 393 1150 lilius
411 1089 604 1164 sustulerunt,
627 1091 815 1150 sustulerunt
833 1091 855 1149 ii
875 1091 994 1168 quidem
1013 1111 1073 1152 una
1091 1092 1305 1171 elegantissimi

156 1179 263 1253 poetae
286 1178 411 1238 facetias
438 1178 491 1255 qui
518 1199 570 1255 per
598 1183 732 1239 saturam
759 1180 912 1240 miscuerit
937 1172 1070 1240 bumana
1092 1181 1224 1255 diuinis,
1251 1184 1306 1240 im-

157 1267 298 1327 mortales
330 1267 519 1343 mortalibus,
548 1270 677 1329 mortuis
710 1268 805 1328 uiuos.
855 1269 933 1327 Nam
956 1268 1160 1346 Polyphemus
1179 1270 1307 1330 *Home

159 1359 313 1434 273seqq.
337 1355 444 1434 νήπιός
466 1355 519 1434 εἰς,
542 1349 566 1416 ὧ
589 1350 673 1434 ξεῖν’,
696 1353 716 1435 ἢ
739 1356 866 1436 τηλόθεν
888 1356 1078 1437 εἰλήλουθας,
1101 1358 1134 1432 ὅς
1157 1373 1201 1438 psi
1215 1358 1306 1432 baubo

156 1442 249 1506 uticus
280 1442 301 1525 ἣ
329 1444 459 1524 δειδίμεν
489 1442 509 1525 ἦ
541 1443 704 1507 braccas.
729 1445 766 1507 od
797 1444 853 1528 γὰρ
877 1446 1041 1520 Κύκλωπες
1068 1446 1148 1520 Διὸς
1172 1447 1307 1529 αἰγιόχου

156 1531 312 1615 scaevae
335 1530 405 1595 etot
427 1539 509 1595 θεῶν
532 1534 687 1615 μακάρων,
714 1533 776 1596 terei
804 1527 824 1615 ἧ
850 1535 927 1597 πολὺ
954 1534 1092 1616 φέρτεροί
1115 1536 1209 1616 εἰμεν·
1237 1531 1303 1598 οὐδ’

156 1620 194 1683 ἃν
209 1622 273 1705 tyb
297 1623 370 1696 Διὸς
393 1623 481 1704 ἔχθος
503 1621 683 1703 ἀλευάμενος
704 1624 889 1704 πεφιδοίμην
916 1623 982 1689 οὔτε
1005 1635 1057 1687 σεῦ
1085 1620 1157 1687 οὔθ’
1186 1625 1305 1708 irripere.

157 1714 290 1791 Neptuni
313 1714 392 1774 filius
415 1713 496 1773 Liuii
519 1712 648 1792 Odyssia
670 1718 719 1774 sat
740 1719 830 1775 notus
849 1718 914 1776 erat
937 1718 1050 1794 pueris:
1074 1719 1157 1777 cuius
1180 1717 1250 1776 libri
1271 1736 1306 1777 es

157 1803 258 1879 editio,
279 1807 312 1862 in
335 1823 396 1881 qua
418 1806 497 1864 inter
519 1804 610 1863 Ennii
633 1808 766 1881 mortem,
783 1808 814 1865 et
834 1805 944 1865 Lucilii
967 1809 1157 1866 senectutem·
1172 1806 1307 1866 Saturnii

156 1894 188 1951 in
211 1893 316 1953 heroos
340 1902 426 1953 erant
447 1896 567 1968 mutati,
589 1893 753 1970 praebebat
774 1913 895 1954 uersum
919 1891 1005 1954 illum
1028 1887 1186 1977 (Priscian.
1206 1894 1307 1955 GL-II

156 2001 184 2058 p.
204 1984 280 2056 419,
301 1984 340 2042 15
352 1975 394 2066 K)
419 1978 498 2042 ‘cum
521 1984 616 2044 socios
634 1987 751 2044 nostros
769 1984 932 2045 mandisset
951 1984 1060 2060 impius
1080 1980 1227 2064 Cyclops'.
1261 1985 1306 2043 De

157 2071 289 2147 Neptuni
316 2071 386 2132 filiis
414 2073 485 2130 coni
497 2070 579 2132 flell.
598 2072 654 2131 XV
675 2075 714 2132 21
739 2072 837 2141 Varro
855 2077 911 2133 sat.
930 2074 1060 2151 Menipp.
1081 2074 1194 2134 2263:
1223 2093 1307 2152 pere⁴

157 2162 258 2237 grinos
286 2161 418 2237 Neptuni
446 2160 523 2220 filios
554 2162 701 2238 appellari
732 2163 826 2221 tradit
854 2164 975 2222 Seruius
1007 2164 1046 2223 ad
1074 2163 1147 2224 Aen.
1165 2163 1213 2223 ΠΙ
1229 2166 1308 2223 ills

157 2247 231 2310 (lum
258 2253 348 2326 poeta
375 2252 424 2308 uir
453 2252 585 2326 potuerit
612 2250 709 2311 dicero
736 2251 951 2328 Polyphemum
979 2252 1049 2313 deos
1082 2272 1144 2313 esse
1173 2272 1307 2331 negasse,

155 2339 210 2398 hos
229 2357 303 2415 quos
324 2339 459 2415 appellat
477 2340 584 2416 impios
602 2338 735 2399 Lucilius
754 2340 876 2400 deorum
894 2344 969 2400 nam
992 2343 1091 2418 potius
1109 2361 1170 2401 non
1188 2361 1306 2403 curasse

157 2427 266 2487 dixisse
293 2428 443 2504 putandus
471 2431 528 2488 est:
562 2448 651 2504 quam
680 2428 782 2489 Cicero
811 2432 990 2489 sententiam
1021 2432 1065 2490 ita
1097 2433 1240 2506 mutauit,
1272 2436 1307 2491 ut

156 2516 247 2575 uerba
266 2519 329 2576 eius
348 2517 498 2594 pedestria
516 2537 656 2577 uersuum
675 2519 817 2593 reliquias
831 2521 983 2578 continere
997 2524 1156 2597 nequeant,
1173 2524 1306 2596 praeter-

157 2626 247 2682 quam
270 2605 349 2684 quod
372 2606 527 2684 apodosim
550 2607 634 2666 illam
659 2603 734 2666 ‘tam
757 2610 892 2684 periurus
914 2614 966 2667 aut
984 2598 1047 2690 (del
1066 2603 1305 2690 Bouterwelrius)

156 2698 219 2755 tam
237 2698 372 2772 impurus
391 2691 506 2756 luisset'
526 2695 723 2773 probabiliter
740 2700 910 2757 statuerunt
928 2700 1057 2758 numeris
1071 2717 1188 2758 currere
1203 2699 1306 2776 dacty-

156 2785 230 2845 licis.
276 2785 489 2864 Fragmentum
513 2786 589 2846 libro
608 2786 624 2844 I
645 2786 753 2846 tribuit
774 2786 797 2845 I.
813 2787 922 2846 Dousa.
963 2788 1036 2848 Tres
1058 2788 1192 2848 homines
1216 2790 1305 2848 scele-

156 2879 238 2935 ratos
260 2874 485 2953 cognominibus
508 2876 669 2956 gentiliciis
692 2876 809 2936 omissis
832 2877 967 2953 appellat
989 2876 1121 2938 Lucilius
1144 2878 1305 2938 secundum

156 2967 300 3041 temporis
328 2963 462 3024 ordinem
490 2970 520 3024 et
547 2965 766 3025 maleficiorum.
812 2965 946 3025 Primum
973 2968 1074 3044 posuit
1100 2966 1133 3025 L.
1148 2967 1307 3041 Tubulum,

158 3072 247 3129 quem
270 3057 337 3131 quis
359 3054 451 3114 fuerit
475 3053 613 3114 Cicerone
638 3058 757 3115 auctore
776 3056 986 3132 comperimus:
1010 3075 1104 3132 neque
1123 3060 1224 3116 tamen
1243 3056 1306 3116 ullo

156 3144 222 3202 loco
249 3162 318 3202 eum
343 3145 440 3223 gentis
468 3142 602 3221 appellat
628 3147 747 3204 nomine
774 3145 855 3221 quod
882 3163 990 3205 nomen
1017 3146 1163 3206 Hostilius
1191 3148 1306 3205 eruitur

157 3251 278 3292 nummo
301 3225 429 3315 (Babelo
452 3233 606 3294 Monnsies
629 3234 665 3291 de
689 3234 720 3294 la
741 3227 916 3311 reipublique
935 3233 951 3292 I
969 3254 997 3311 p.
1017 3235 1081 3294 548
1105 3235 1306 3296 Mommsenus

156 3322 192 3382 de
215 3341 247 3383 re
270 3342 380 3382 numm.
399 3343 427 3399 p.
448 3323 522 3397 513,
542 3326 582 3383 76
602 3369 607 3380 .
654 3323 826 3383 Praetorem
849 3342 916 3382 eum
939 3325 1031 3384 brisso
1056 3343 1134 3384 anno
1159 3320 1304 3404 erasus

156 3411 251 3471 tradit
272 3412 311 3471 ad
329 3412 393 3472 Act.
412 3412 470 3471 XII
490 3416 519 3486 5,
539 3413 558 3471 3
593 3412 625 3471 Ρ.
640 3412 833 3473 Webrmanni
848 3413 936 3473 nasu
960 3414 1103 3490 praetorii
1121 3434 1149 3491 p.
1170 3407 1217 3496 9).
1246 3413 1305 3484 Qui

156 3520 223 3562 oum
246 3503 367 3579 praetor
385 3502 590 3579 quaestionem
603 3505 683 3562 inter
700 3502 823 3562 sicarios
837 3505 1022 3580 exercuisset,
1040 3505 1086 3563 ita
1104 3506 1207 3580 aperte
1225 3505 1305 3581 cepit

157 3591 357 3669 pecunias-ob
379 3611 442 3650 rem
465 3591 664 3666 iudicandam,
687 3596 722 3651 ut
744 3611 822 3652 anno
845 3596 979 3669 proximo
997 3593 1029 3652 P.
1044 3592 1188 3653 Scaeuola
1208 3597 1243 3652 tr.
1263 3595 1304 3669 pl.

155 3683 247 3740 ferret
270 3680 307 3739 ad
329 3680 447 3756 plebem
467 3728 473 3739 .
490 3729 495 3739 .
512 3727 517 3738 .
537 3681 655 3741 decreta
673 3685 719 3741 est
783 3728 788 3740 .
808 3682 923 3743 consuli
941 3682 1075 3760 quaestio
1096 3681 1147 3742 Gn.
1163 3680 1306 3759 Caepioni

157 3763 232 3852 (cic.
251 3769 287 3828 de
309 3769 359 3828 tin.
378 3769 408 3828 11
428 3772 471 3828 54
489 3769 532 3828 IV
553 3773 592 3829 77
614 3769 641 3826 V
661 3772 701 3849 62
722 3770 758 3829 de
776 3773 837 3830 nat.
856 3771 935 3831 deor.
954 3770 1001 3830 ΙΠ
1021 3764 1086 3851 74).
1132 3771 1177 3831 De
1202 3770 1304 3831 eodem

157 3857 276 3917 Tubulo
308 3877 396 3934 quem
427 3860 524 3935 primo
557 3862 646 3935 poeta
677 3860 743 3919 loco
774 3863 908 3936 posuerit
940 3858 1041 3920 Cicero
1074 3860 1185 3920 clamat
1216 3861 1305 3920 initio

157 3946 337 4006 Scaurianae
361 3940 483 4029 (Ascon.
502 3967 530 4024 p.
552 3950 603 4022 20,
623 3950 664 4007 24
675 3942 739 4029 KS)
764 3944 808 4007 ‘Si
828 3995 879 4008 ...
899 3968 952 4026 pro
976 3948 1009 4008 L.
1024 3949 1140 4009 Tubulo
1169 3948 1307 4027 dicerem

157 4054 245 4113 quem
269 4056 361 4095 unum
388 4056 422 4097 ex
450 4038 532 4095 omni
558 4040 703 4097 memoria
729 4038 988 4099 sceleratissimum
1016 4041 1047 4097 et
1074 4039 1315 4099 audacissimum¹

158 4127 249 4186 luisse
273 4128 439 4202 accepimus
459 4173 465 4185 .
482 4173 487 4185 .
504 4121 531 4185 .'.
568 4126 648 4186 Huic
670 4127 749 4186 malo
772 4127 867 4187 iudici
885 4128 1073 4189 consociatur
1090 4126 1192 4205 Lupus
1218 4128 1306 4187 iudex

156 4214 311 4291 improbus
335 4234 394 4293 quo
417 4215 455 4276 de
476 4216 545 4276 uide
569 4235 645 4292 quae
672 4216 800 4277 diximus
829 4217 867 4276 ad
889 4216 940 4276 lib.
959 4216 975 4274 1
993 4236 1021 4275 u
1041 4218 1153 4294 3ssqq.
1176 4217 1307 4277 xxviii

157 4325 185 4364 u.
206 4305 278 4364 786.
316 4306 435 4365 'Pettius
458 4308 504 4366 est
523 4304 634 4364 Carbo.
665 4305 724 4375 Qui
747 4324 820 4365 cum·
835 4305 922 4365 nulla
936 4326 969 4365 re
987 4305 1220 4386 distingueretur
1238 4326 1306 4366 cum

156 4397 217 4455 tres
240 4395 354 4455 tuerint
374 4396 484 4456 iratres
504 4393 652 4456 Carbones
672 4387 745 4477 (cie.
765 4396 852 4472 epist.
869 4395 914 4454 IX
933 4398 985 4469 21,
1004 4389 1038 4476 3)
1061 4397 1094 4454 in
1115 4395 1229 4471 quibus
1241 4400 1307 4456 erat

158 4480 288 4545 ‘Marcus
306 4485 338 4545 P.
354 4485 460 4546 Nlccco
479 4489 637 4545 accusante
655 4484 878 4560 condemnatus,
901 4485 951 4544 iur
968 4504 1104 4563 magnus,
1127 4504 1162 4545 ex
1181 4482 1307 4562 Sicilis’,

1040 4584 1094 4640 27⁸
