3060 5010
212 352 253 418 78
556 348 595 404 IV
612 367 639 403 u.
661 353 720 403 119.
757 347 783 402 V
800 365 827 402 u.
849 351 997 402 181-188.

211 519 415 580 manducatur.
447 518 582 579 Lucilius
600 517 651 577 lib.
668 517 732 577 1111
750 512 936 594 ‘adsequitur
956 511 1241 592 ...enpzmm’t'
1277 515 1363 577 Idem

212 630 228 670 e
251 611 340 686 poete
362 630 391 686 p.
411 611 463 684 81,
483 609 523 668 25
554 603 681 668 ‘domest
706 626 761 685 pro
789 606 925 667 eomedit.
950 606 1162 667 ...Lucilius
1191 609 1362 683 satyrarum

211 699 263 759 lib.
281 698 345 758 1111
368 694 646 758 “conmanducatur
664 744 670 754 .
691 743 697 755 .
718 743 724 755 .
743 692 931 770 oomuqtae''.’
976 698 1046 757 Non
1068 696 1105 756 de
1132 696 1257 755 muliere
1284 715 1362 773 quae

212 790 311 847 uirum
334 789 485 849 osculetur
506 786 664 848 immodice
687 786 738 865 agi
760 787 890 862 uidetur,
919 785 970 846 sad
992 787 1082 847 sicuti
1104 785 1155 845 lib.
1174 785 1230 844 XV
1248 785 1360 846 1513

212 877 249 937 de
271 878 468 954 sarabastia,
497 896 572 954 quse
594 877 746 937 hominem
773 877 1001 952 necopinantem
1028 876 1153 952 corripit
1179 877 1210 934 et
1236 874 1363 934 deuorat

213 968 356 1044 conplexa
377 967 529 1026 inermem.
578 967 682 1027 Totum
703 966 835 1043 pertinet
856 984 916 1025 non
938 965 977 1026 ad
1000 965 1139 1040 conplexu
1161 963 1214 1024 sed
1237 963 1275 1022 ad
1295 981 1362 1024 ooa-

211 1058 424 1117 mcnducotur:
447 1058 518 1116 coni
533 1056 622 1134 Apul.
641 1057 761 1116 metam.
776 1055 803 1114 X
820 1058 860 1115 21
884 1050 1044 1116 ‘mfissime
1062 1073 1191 1132 namque
1210 1055 1363 1130 complexa

212 1149 311 1206 totum
328 1166 376 1207 me
393 1164 524 1223 prorsus,
542 1145 594 1206 sed
612 1146 710 1205 totum
727 1140 851 1221 recapit'
870 1143 930 1203 VH
946 1145 985 1204 16
1006 1141 1070 1206 ‘ille
1088 1136 1182 1226 (ecus)
1198 1189 1205 1202 .
1220 1189 1227 1202 .
1243 1189 1249 1200 .
1263 1144 1363 1202 totum

213 1256 260 1296 mc
283 1231 511 1297 commorsicat'.

306 1782 506 1852 181-188.
543 1788 657 1850 Gellius
685 1788 830 1848 XVIIIa
865 1780 1099 1867 “Opotorilaote
1124 1790 1363 1863 ...ceteraque

214 1880 303 1939 huius
339 1879 422 1940 modi
458 1881 720 1941 scitamenta...
745 1898 835 1956 quam
871 1880 934 1951 sint
959 1878 1099 1939 insubide
1130 1881 1161 1938 et
1192 1877 1301 1936 inertia
1333 1880 1364 1934 et

214 1969 352 2045 puerilia,
374 1970 553 2030 facetissime
571 1970 670 2029 hercle
689 1968 839 2047 significat
859 1970 891 2027 in
910 1971 1015 2045 quinto
1035 1971 1204 2028 satirarum
1222 1966 1362 2026 Lucilius.

216 2058 294 2118 Nam
316 2058 368 2117 ubi
391 2063 438 2118 est
460 2078 527 2118 curn
550 2060 645 2119 amico
669 2061 849 2134 conquestus
868 2050 954 2139 (conl
968 2057 1098 2117 liertial.
1112 2056 1188 2117 VIII
1208 2048 1263 2127 25)
1284 2054 1363 2132 quod

216 2147 256 2208 ed
277 2167 308 2209 aa
332 2150 488 2228 aegrotum
510 2168 570 2208 non
593 2149 712 2223 uiseret
734 2149 807 2207 haec
829 2147 939 2207 ibidem
962 2147 1048 2207 addit
1069 2147 1230 2206 festiiriter:

305 2268 394 2343 “Quo
417 2294 465 2333 me
487 2273 614 2334 habeam
636 2276 734 2349 pacto,
757 2276 820 2332 tam
843 2274 900 2332 etsi
922 2292 983 2333 non
1006 2273 1134 2349 quaeris,
1157 2270 1277 2346 docebo,

305 2361 430 2433 Quando
453 2365 485 2422 in
508 2383 543 2423 eo
565 2382 688 2422 numero
711 2363 810 2421 mansi
831 2381 891 2438 quo
914 2364 946 2421 tn
969 2363 1101 2421 maxima
1122 2363 1251 2420 nonest

304 2451 377 2512 Pars
399 2447 599 2512 hominum’'.'

216 2575 299 2646 Quae
331 2577 502 2657 signfficant
533 2572 664 2654 ‘quando
696 2577 799 2636 morbo
832 2576 1009 2654 3111111110
1046 2574 1200 2652 depressus
1232 2573 1363 2634 nondum

216 2668 277 2727 obii
300 2667 340 2726 od
357 2668 470 2742 plures,
494 2667 583 2726 sicuti
600 2666 691 2746 uulgo
710 2665 820 2725 dicitur
838 2665 919 2742 apud
937 2664 1060 2725 Latinos
1078 2666 1110 2724 at
1128 2665 1208 2741 apud
1227 2663 1364 2738 Graecos,

216 2757 268 2815 sed
281 2758 378 2818 mansi
391 2759 472 2817 inter
484 2752 592 2816 uinos'.
616 2757 687 2815 coni
698 2775 774 2833 quae
788 2754 1034 2815 Friedlaenderus
1049 2754 1174 2814 adnotat
1188 2754 1305 2815 Patron.
1321 2755 1362 2813 42

209 2849 247 2905 et
276 2844 395 2924 Crineg.
409 2847 466 2906 ΑΡ
479 2846 523 2905 XI
542 2847 593 2904 42.
634 2845 834 2905 Baehrensius
867 2846 920 2922 qui
946 2845 1061 2904 tradita
1088 2844 1223 2904 seruauit
1247 2863 1282 2903 ea
1304 2861 1364 2902 non

216 2935 398 2996 intellexisse
436 2954 499 2996 sese
538 2936 756 2995 demonstrauit
792 2935 1006 3011 supplementis
1041 2935 1116 2993 suis:
1152 2934 1237 2994 illam
1273 2934 1364 2991 inter·

216 3026 416 3101 pretationem
438 3024 647 3085 commendant
669 3027 700 3083 et
726 3025 824 3084 marsei
850 3024 1029 3084 uocabulum
1053 3025 1084 3082 et
1106 3042 1141 3082 ea
1164 3041 1239 3099 quae
1263 3040 1364 3080 secun·

216 3116 275 3173 tur.
311 3114 436 3173 Tradita
469 3115 518 3173 hic
544 3114 624 3174 recte
652 3112 786 3174 seruauit
810 3113 947 3174 Haustus
974 3132 1034 3173 rev.
1054 3111 1081 3171 d.
1100 3112 1172 3189 phit
1186 3111 1257 3170 XIV
1279 3111 1364 3169 1890

217 3222 245 3279 p.
262 3203 302 3263 86
327 3222 423 3279 neque
446 3206 547 3263 tamen
569 3201 707 3263 meminit
728 3203 879 3279 prouerbii
901 3204 993 3278 illius,
1015 3221 1074 3279 quo
1092 3201 1200 3260 nititur
1218 3199 1314 3258 omnis
1332 3199 1364 3257 in

217 3293 274 3352 hoc
291 3293 357 3352 loco
376 3294 604 3371 argumentatio.
640 3291 773 3353 Maxima
789 3312 860 3369 pers
877 3293 1040 3366 hominum,
1058 3293 1093 3350 ut
1110 3290 1226 3350 Lucret.
1240 3288 1283 3347 IV
1299 3289 1363 3349 464

219 3377 372 3458 ‘quonism
395 3401 464 3458 pars
487 3382 594 3443 horum
611 3383 742 3441 maxima
760 3378 852 3442 tallit’
871 3382 903 3441 Π
924 3384 1008 3442 1017
1034 3376 1072 3440 ‘si
1089 3399 1147 3440 non
1168 3380 1269 3441 omnia
1286 3381 1365 3454 sunt,

219 3474 252 3530 at
273 3471 368 3531 multo
390 3473 522 3531 maxima
543 3490 613 3548 pars
641 3476 687 3532 est
712 3467 897 3532 consimilis'.
942 3470 1161 3541 Hor.,serm.H
1181 3471 1209 3544 3,
1231 3471 1291 3528 121
1318 3464 1365 3528 ‘eo

218 3559 299 3636 quod
324 3562 455 3621 maxima
480 3580 551 3638 pars
577 3561 731 3621 hominum
760 3560 864 3621 morbo
890 3562 1022 3621 iactatur
1049 3555 1171 3620 eodam'.
1217 3558 1365 3618 Lucilium

218 3650 312 3730 igitur
344 3652 370 3711 si
396 3651 628 3730 interrogaueris
658 3647 796 3731 ποτέρων
826 3649 947 3723 πλείους
976 3648 1066 3726 εἰσίν,
1093 3649 1124 3710 ol
1149 3649 1254 3721 ζῶντες
1284 3643 1304 3725 ἢ
1336 3646 1368 3708 οἱ

217 3739 320 3820 νεκροί
344 3733 709 3823 (Diog.Laert.1104)‚
741 3740 773 3800 in
804 3758 927 3799 numero
957 3739 1095 3799 uiuorum
1126 3739 1178 3797 ille
1210 3756 1269 3796 non
1302 3755 1365 3797 esse
1466 3775 1468 3779 ν

217 3828 405 3908 responderit
426 3832 588 3891 maximam
610 3833 726 3908 partem
750 3830 912 3889 hominum.
955 3829 1109 3904 Epistolae
1131 3828 1258 3887 formam
1281 3845 1366 3903 prae·

217 3919 324 3980 buerat
355 3922 525 3981 saturarum
555 3919 632 3980 liber
656 3919 697 3979 V:
729 3921 890 3997 scripserat
920 3919 1012 3995 poete
1044 3919 1183 3997 aegrotus
1214 3915 1302 3978 modo
1335 3933 1366 3975 se

219 4007 289 4069 Oroi
312 4009 351 4069 ad
372 4009 479 4071 limina
500 4010 603 4070 morbo
627 4011 786 4087 appulsum
811 4012 914 4070 tamen
935 4007 1080 4068 mansisse
1101 4009 1182 4067 inter
1203 4007 1289 4066 uiuos
1311 4024 1366 4065 nec

219 4098 326 4158 abiisse
354 4100 393 4158 ad
419 4101 520 4177 plures
546 4090 672 4176 ideoque
699 4117 785 4176 posse
812 4117 843 4159 se
870 4097 997 4158 scribere
1021 4097 1093 4174 quid
1116 4100 1200 4176 egat,
1223 4099 1287 4154 tam
1309 4095 1365 4154 etsi

218 4206 278 4247 non
302 4191 427 4263 quaerat
451 4182 536 4271 (Hor.
551 4188 666 4265 epistl
686 4188 715 4263 8,
735 4189 753 4248 3
779 4183 816 4249 ‘si
839 4190 963 4264 quaeret
985 4186 1057 4262 quid
1080 4205 1177 4264 agam,
1200 4185 1248 4244 dio
1270 4184 1366 4242 multa

220 4294 254 4336 ac
277 4275 401 4351 pulchra
423 4279 590 4338 minantem
612 4279 715 4337 uiuere
737 4297 790 4338 nec
813 4280 892 4338 recte
911 4295 965 4336 nee
983 4268 1151 4356 suauiter').
1192 4273 1266 4333 Post
1284 4268 1365 4349 ‘pars

217 4362 384 4424 hominum'
407 4368 515 4444 plures>
531 4367 638 4427 desunt
659 4385 775 4427 uersus:
798 4368 830 4425 in
855 4364 944 4426 Gellii
967 4365 1042 4425 codd
1064 4365 1204 4425 continuo
1227 4364 1367 4422 secuntur

219 4472 322 4513 uersus
344 4455 389 4514 hi:
412 4455 474 4530 (Tu
497 4458 574 4516 enlm
596 4457 649 4516 toli
673 4474 702 4517 es
724 4455 871 4531 socordio)
