3060 5010
221 366 284 431 152
664 362 702 415 xl
720 380 746 416 u.
766 366 916 415 eoi-eos.

219 532 422 613 ‘Scalprorum
442 552 457 589 ι
477 534 683 611 forcipumqne
710 532 807 592 millia
834 532 946 611 uiginti
973 522 1019 612 (in
1047 531 1233 591 adnotatione
1256 533 1371 592 critica:

218 627 238 685 f.
257 626 469 700 [οναίμίννιριια
491 625 593 684 Miltia
615 614 698 704 nia).
743 620 895 682 Charisius
917 621 969 680 lib.
987 621 1003 679 Ι
1024 620 1208 680 Medicorum
1230 621 1371 697 Foroipes

219 716 292 776 dicit
309 714 362 774 lib.
378 732 393 767 e
411 713 482 773 ΠΧ
502 704 548 793 (in
569 713 754 772 adnotatione
772 713 887 771 critica:
905 710 942 768 V.
951 709 981 769 O.
1002 712 1030 780 (i.
1046 729 1067 771 e.
1082 715 1165 770 aetna
1188 711 1285 783 oodee)
1303 704 1370 793 XI.)

218 804 365 880 Seatpror.
385 805 440 863 eto.
466 806 507 863 10
531 835 573 843 -
597 834 641 844 -
669 804 700 861 et
726 803 810 862 uncis
839 793 886 883 (in
913 801 1099 860 adnotatione
1126 801 1242 860 critica:
1268 804 1312 860 ita
1336 821 1371 861 ex

219 896 255 953 V.
272 894 302 954 Ο.
322 884 554 974 emendandum)
573 891 748 969 Forcipibus
767 891 870 951 dentes
889 890 1038 950 euelleret.
1059 923 1099 931 -
1122 889 1376 950 010010100ῑὶ11

219 987 280 1045 tooo
297 983 487 1059 praecedento
514 985 599 1042 citato
626 981 724 1041 addit:
749 980 826 1040 Item
853 980 1048 1058 paulopost:
1077 1012 1119 1021 -
1143 984 1170 1040 et
1190 982 1275 1040 artois
1297 982 1372 1040 For·

220 1075 332 1150 oipibae
364 1074 461 1132 dentes
489 1066 638 1133 eaettoret'.
669 1104 710 1112 -
738 1070 779 1129 nt
810 1072 842 1129 in
870 1071 1083 1130 commentario
1110 1070 1148 1129 ad
1171 1070 1250 1129 hunc
1272 1071 1371 1130 locum

221 1160 284 1224 ‘Sic
314 1161 521 1242 corrigendum
542 1161 600 1220 fide
624 1161 737 1220 uetuisti
760 1160 877 1221 codicis.
919 1179 989 1220 nam
1012 1160 1131 1238 uulgati
1153 1161 1248 1220 multo
1272 1180 1371 1220 oorru·

221 1255 369 1331 ptissime:
402 1252 507 1327 Quinte
538 1252 699 1326 soreipoibae
730 1251 828 1310 dentes
857 1244 983 1309 aeitere'.
1035 1249 1080 1309 De
1116 1249 1217 1311 codice
1253 1253 1372 1310 uetusto

222 1344 351 1404 Charisii
375 1361 462 1419 quern
485 1340 624 1400 adhibuit
646 1341 748 1400 Donsa
771 1339 899 1400 diximus
923 1338 961 1399 ad
984 1339 1028 1398 IX
1046 1360 1074 1398 u.
1090 1341 1162 1400 362.
1208 1331 1266 1410 Qui
1283 1342 1373 1401 sicuti

220 1434 275 1494 illo
303 1433 382 1508 loco,
410 1433 456 1491 ita
483 1432 574 1490 etiam
602 1431 658 1490 hoc
681 1430 746 1489 loco
769 1430 971 1506 praestantior
993 1431 1039 1488 eet
1060 1428 1261 1506 Neapolitano
1285 1450 1372 1508 quem

221 1542 281 1583 non
308 1524 397 1582 norat
423 1521 537 1581 Dousa:
566 1540 636 1580 narn
663 1519 803 1599 uulgatos
830 1518 923 1579 libros
951 1520 1087 1596 sequitur
1114 1521 1146 1577 in
1173 1521 1373 1595 foroipmmqae

222 1615 252 1672 et
274 1614 306 1671 in
329 1609 400 1670 libri
423 1629 545 1670 numero
570 1608 665 1678 XIX,
696 1609 748 1668 ubi
770 1609 799 1667 N
821 1607 913 1669 habet
934 1611 1038 1669 notam
1060 1607 1190 1686 priorem
1212 1610 1240 1667 X
1262 1613 1372 1686 puncto

222 1705 365 1762 notatam.
411 1700 477 1780 Ego
504 1699 598 1759 malui
626 1700 697 1776 quia
725 1698 834 1759 codicis
856 1698 886 1757 N
912 1698 1053 1758 librarius
1082 1701 1183 1775 aperte
1207 1701 1319 1758 emerit
1341 1701 1373 1758 in

222 1810 344 1851 numero
368 1789 438 1849 XIX
461 1791 493 1849 et
514 1789 606 1848 uerba
630 1784 726 1849 ‘aunis
750 1788 911 1865 forcipibus
936 1788 1038 1848 dentes
1067 1783 1188 1848 uellere'
1213 1789 1374 1849 admodum

203 1868 361 1941 ‘mendose
389 1881 522 1956 scripsit,
549 1880 641 1938 etiam
669 1880 701 1937 in
728 1897 850 1937 numero
875 1878 929 1936 XI
955 1879 1040 1954 sequi
1064 1876 1283 1954 coloniensem,
1306 1898 1374 1938 cum

222 1970 378 2030 emendate
404 1969 542 2029 exhibeat
566 1969 621 2028 1110
646 1968 738 2028 uerba
766 1969 797 2027 et
821 1967 982 2046 diligenter
999 1968 1120 2044 scripta
1157 1968 1258 2028 Verba
1270 1968 1373 2028 niden-

222 2063 273 2120 tur
302 2060 451 2136 pertinere
480 2058 518 2118 ad
541 2059 741 2118 instrumenta
764 2057 888 2132 medica,
919 2076 996 2135 quae
1030 2059 1116 2117 miles
1147 2059 1236 2118 nimis
1268 2060 1374 2119 anxius

224 2150 330 2210 salutis
358 2167 428 2208 suae
456 2166 556 2208 secum
583 2149 705 2207 nexerat
737 2147 775 2208 ad
804 2148 1000 2207 Numantiam
1032 2149 1204 2225 increpante
1237 2148 1375 2225 Scipione

223 2243 254 2299 et
276 2238 426 2298 irridente.
813 2289 816 2294 .

202 2316 207 2326 ’
313 2319 395 2389 405.
424 2327 539 2388 Nouius
566 2348 595 2405 p.
615 2328 693 2402 344,
717 2329 760 2387 30
789 2321 908 2402 ‘neret
935 2325 1056 2386 militat.
1155 2326 1235 2386 idem
1262 2327 1313 2386 lib.
1332 2326 1375 2386 XI

225 2412 342 2478 “annos
365 2417 414 2477 hio
438 2421 516 2476 errat
538 2421 600 2476 tam
618 2407 676 2499 (ita
696 2415 810 2491 anan.-
832 2421 931 2476 erarat
949 2420 1010 2476 tans
1031 2415 1056 2474 L
1075 2436 1113 2474 m.
1130 2408 1164 2497 1)
1185 2418 1376 2478 ...titania

225 2501 434 2568 ...meret'’.’
480 2507 608 2566 Versum
630 2506 801 2566 emendauit
823 2506 997 2566 Palmarius.
1040 2505 1137 2566 Sicuti
1160 2506 1258 2566 uerbis
1281 2525 1377 2567 annos

223 2600 285 2657 ianr
306 2598 411 2674 plnres
431 2587 576 2679 :apparet
603 2596 738 2673 loquitur
764 2596 849 2656 miles
878 2597 931 2673 qui
957 2597 1019 2655 iam
1047 2598 1116 2655 ante
1146 2595 1316 2674 Scipionem
1343 2598 1376 2656 in

224 2687 372 2765 Hispania
399 2688 548 2746 meruerat
575 2688 606 2745 et
632 2688 735 2765 agitur
764 2686 799 2746 de
829 2687 925 2745 milite
957 2687 1103 2746 exercitus
1136 2688 1260 2763 ueteris,
1287 2706 1376 2765 quem

226 2776 326 2854 Scipio
350 2778 508 2836 inuenerat
529 2777 659 2835 mollitia
686 2777 717 2835 et
744 2776 858 2836 desidia
886 2779 1067 2854 corruptum.
1112 2776 1192 2835 Nam
1216 2776 1315 2854 Scipio
1339 2796 1376 2836 ne

225 2867 299 2927 duos
322 2865 442 2944 quidem
466 2883 558 2926 annos
582 2867 614 2925 in
632 2864 780 2942 Hispania
798 2867 998 2927 commoratus
1017 2868 1070 2925 est
1092 2898 1134 2906 —
1155 2867 1269 2927 Hibera
1286 2868 1377 2941 terra,

227 2959 262 3015 ut
283 2955 334 3015 lib.
350 2954 405 3013 XV
424 2976 452 3014 u.
468 2957 542 3030 490,
564 2955 611 3015 aio
634 2954 816 3015 aduerbium.

316 3036 399 3106 407.
422 3044 539 3106 Nonius
553 3066 581 3122 p.
593 3045 644 3119 18,
656 3047 696 3103 17
718 3039 841 3119 ‘Rudua
859 3048 983 3120 stercus,
1002 3045 1082 3122 quod
1099 3043 1224 3104 raditur.
1242 3044 1376 3104 Lucilius

227 3137 397 3211 satyrarum
419 3134 471 3193 lib.
486 3134 529 3193 XI
553 3128 639 3193 “nins
660 3134 816 3194 etnnenda
839 3138 866 3195 et
886 3134 1056 3194 iaciendum
1077 3134 1135 3194 huc
1157 3154 1295 3214 aggerem
1319 3125 1377 3216 (sic

227 3222 491 3299 Guelferbytanus:
518 3222 671 3284 Leidensis
699 3215 826 3306 agerem)
855 3227 886 3284 et
912 3224 944 3283 id
972 3244 1064 3304 genus
1093 3219 1231 3284 rudus'’.’
1279 3217 1377 3305 (radis

226 3311 308 3372 Gm.
326 3304 368 3393 1).
414 3311 563 3391 Aggerem
590 3313 686 3373 iacere
710 3313 782 3390 quid
805 3314 858 3390 011,
886 3315 950 3390 ipse
973 3316 1062 3390 poeta
1085 3313 1135 3372 lib.
1150 3313 1250 3372 XXVI
1267 3334 1295 3372 ιι.
1312 3315 1375 3373 633

226 3402 356 3479 explicat
384 3396 504 3480 ‘aggere
531 3403 563 3461 in
590 3402 729 3462 iaciundo
757 3405 783 3464 si
811 3406 899 3481 quost
926 3405 1022 3464 uineis
1046 3405 1120 3463 actis
1144 3399 1245 3481 opus’:
1274 3405 1377 3480 itaque

227 3511 286 3550 non
312 3492 392 3550 reete
420 3490 456 3550 de
482 3492 534 3550 uia
562 3491 720 3551 sternenda
743 3495 914 3572 cogitarunt
936 3492 1063 3553 editores
1086 3493 1252 3553 Mercerum
1274 3494 1376 3554 secuti.

227 3580 413 3640 Sententiam
435 3582 481 3639 ita
499 3581 561 3640 iere
580 3582 733 3658 suppleast
756 3601 816 3642 non
837 3584 930 3662 signis
949 3583 1066 3643 collatis
1085 3601 1148 3642 0000
1166 3581 1378 3656 dimicandum,

227 3670 278 3732 scd
305 3669 457 3731 obsidione
484 3670 590 3730 horum
617 3671 749 3731 hostium
776 3674 821 3732 ait
847 3675 910 3731 uim
938 3672 1124 3733 sternendam
1156 3676 1187 3732 ei
1208 3672 1378 3732 iaciendum

226 3761 286 3822 huo
309 3779 448 3840 aggerem
471 3763 502 3820 01
524 3758 556 3819 id
583 3778 676 3840 genus
703 3760 803 3821 rudus.
849 3763 1002 3823 Romanas
1021 3762 1148 3823 sedendo
1172 3764 1268 3822 uincit
1291 3765 1377 3822 netis

229 3853 274 3911 001
292 3850 482 3928 prouerbium
503 3851 585 3910 ouius
605 3869 718 3911 memor
737 3850 838 3929 Scipio
861 3845 928 3912 οὐδ’
949 3848 1086 3932 ἐπεχείρει
1104 3856 1165 3924 τοῖς
1184 3848 1313 3932 ἐχθροῖς,
1336 3849 1378 3911 ἔτι

227 3947 414 4020 περισκοπῶν
441 3936 532 3999 αὐτόν
559 3961 587 4000 τε
615 3939 667 4001 τὸν
695 3938 823 4020 πόλεμον
851 3939 901 4001 καὶ
928 3938 979 4001 τὸν
1006 3939 1111 4020 καιρὸν
1134 3939 1228 4001 αὐτοῦ
1250 3939 1300 4001 καὶ
1322 3939 1378 4020 τὴν

227 4038 286 4089 τῶν
314 4029 512 4108 Νομαντίνων
540 4025 636 4109 ὁρμὴν
663 4027 693 4102 ἐς
717 4028 761 4091 ὅτι
783 4029 947 4112 τρέψοιντο.
995 4023 1138 4112 (Appiam.
1158 4031 1233 4091 [ber.
1254 4023 1310 4114 87)
1327 4078 1332 4089 .
1349 4076 1378 4091 ..

96 4183 101 4191 ,
228 4111 287 4179 εἷθ’
313 4114 459 4199 ἡγεμόνας
482 4115 639 4198 ἐπιστήσας
661 4116 772 4206 ἑκάστῳ
800 4117 878 4201 μέρει
901 4116 1058 4199 προσέταξε
1081 4119 1305 4201 περιταφρεύειν
1328 4117 1379 4180 καὶ

228 4216 442 4287 περιχαρακοῦν
460 4205 514 4285 τὴν
533 4206 619 4270 πόλιν
638 4202 696 4293 (90
715 4202 805 4293 med.)
826 4257 831 4269 .
849 4258 853 4269 .
870 4257 876 4269 .
896 4205 912 4269 t
931 4201 960 4268 δ’
981 4199 1020 4288 ἦν
1038 4205 1096 4289 ipa
1115 4208 1378 4290 στρατηγικώτερος

229 4294 337 4374 αὐτῶν,
361 4293 391 4369 ἒς
413 4302 510 4377 χεῖρας
532 4296 588 4358 οὐκ
611 4296 665 4359 ἰὼν
688 4299 823 4379 θηρίοις,
850 4296 923 4358 ἀλλὰ
946 4302 986 4381 τῷ
1009 4303 1083 4384 λιμῷ
1107 4307 1186 4377 σφᾶς
1206 4297 1378 4380 κατεργαζό-

229 4405 316 4463 μενος
353 4381 455 4470 ἆμάχρι
494 4391 574 4470 κακῷ
607 4390 665 4447 κτλ.
706 4380 763 4468 (97
794 4380 884 4470 med.)
926 4384 1049 4448 ‘Fundit
1089 4390 1176 4467 fugat
1215 4390 1379 4466 prosternit

228 4492 382 4534 maxumas
414 4471 556 4554 legiones’
591 4468 690 4557 (FPR
717 4498 745 4554 p.
768 4478 809 4537 56
847 4470 1052 4560 Baehrensii)‚
1090 4474 1178 4538 ‘alius
1215 4480 1256 4539 sit
1291 4478 1379 4540 fortis
