3036 5004
573 347 649 401 XXX
667 366 694 401 u.
716 353 898 401 lora-1086.
1245 347 1311 412 345

161 537 189 575 u.
206 506 307 598 1295)
327 516 390 576 sine
404 517 494 576 dnbio
509 519 684 577 statuissent
703 517 765 592 alii,
784 519 810 576 si
823 517 899 577 illud
913 518 1115 595 fragmentum
1128 517 1313 577 inuenissent

159 607 191 665 in
210 607 272 666 suis
291 606 479 666 editionibus.
522 608 589 667 Non
608 610 686 667 recte
705 607 737 666 F.
753 608 855 667 Dousa
873 609 994 684 scripsit
1012 601 1056 665 ‘in
1074 605 1156 667 (laeli
1174 602 1312 686 pugnos,

162 715 229 754 cum
247 695 374 775 Vergilii
398 696 474 755 illud
497 697 664 773 exemplum
686 699 808 756 tueatur
830 697 912 756 istud
925 716 1054 772 papum
1095 696 1138 756 At
1156 698 1312 774 genetiuus

160 787 289 845 nominis
312 787 426 863 proprii
449 785 487 845 ad
505 805 609 846 uocem
627 780 766 865 ‘pugnas'
786 786 865 846 male
885 788 1039 863 appositus
1058 789 1115 846 est:
1139 788 1312 845 uocatiunm

104 902 108 909 ·
161 875 351 939 commendat
391 880 416 935 ic
456 895 618 952 pronomen
661 876 935 952 emendandumquc
978 877 1036 935 erit
1070 876 1312 952 transpositione.

160 965 278 1024 Reuera
305 965 453 1025 Lucilium
482 966 520 1025 ad
546 966 583 1024 N.
600 964 733 1025 (laelium
762 968 890 1026 amicum
922 985 1012 1025 unam
1042 968 1174 1025 saturam
1198 965 1312 1025 misisse

161 1055 310 1113 euincitur
342 1055 443 1115 incert.
470 1075 518 1113 ιιιι.
536 1057 630 1115 1294.
656 1056 741 1115 1295
775 1074 849 1132 quos
880 1057 969 1115 huius
1000 1056 1071 1115 libri
1103 1074 1164 1116 esse
1196 1057 1313 1115 statuas

161 1145 220 1202 nisi
248 1144 286 1203 ad
314 1144 441 1203 eundem
467 1144 619 1204 hominem
649 1145 815 1221 complures
842 1148 960 1205 saturas
982 1144 1132 1204 Lucilium
1162 1145 1313 1220 scripsisse

160 1233 346 1310 probabilius
383 1252 445 1294 esse
483 1234 650 1294 credideris.
708 1235 782 1295 Inde
823 1235 860 1294 ab
897 1253 975 1295 anno
1014 1227 1160 1313 6231131
1199 1233 1313 1293 bellum

161 1324 322 1401 gerebatur
345 1326 449 1383 contra
471 1323 674 1384 Aristonicum
697 1325 728 1382 in
751 1323 832 1384 Asia.

256 1405 361 1474 1080.
385 1413 501 1474 Nonius
524 1434 552 1490 p.
574 1415 647 1488 287,
667 1416 707 1473 29
733 1409 866 1489 ‘Dicare,
888 1413 1034 1488 indicare,
1061 1415 1208 1473 nuntiare.
1254 1412 1313 1471 Lu·

165 1502 251 1562 cilius
274 1502 326 1561 lib.
345 1503 427 1561 XXX
451 1498 572 1563 “sicubi
595 1503 633 1563 ad
656 1507 725 1563 auri
747 1505 829 1563 fama
852 1507 936 1563 tuam
960 1522 1091 1582 pugnam
1120 1503 1233 1562 claram
1261 1504 1313 1562 orl-

163 1593 255 1651 lalom
278 1587 452 1653 dicasset’'.’
499 1593 580 1653 auris
604 1595 679 1652 cdiii.
707 1593 833 1653 allatam
855 1594 885 1652 L
903 1613 940 1652 m.
960 1595 996 1668 2,
1024 1593 1142 1652 illatam
1162 1593 1197 1651 G.
1244 1592 1313 1652 Per·

163 1684 258 1741 tinere
280 1682 339 1742 huc
362 1682 492 1762 glossam
509 1681 598 1741 Pauli
616 1683 694 1742 Fest
714 1684 785 1760 epit.
804 1704 832 1761 p.
854 1685 894 1741 75
920 1679 1056 1742 ‘dicessit
1075 1677 1194 1741 dixerit'
1214 1684 1314 1741 censet

163 1772 292 1831 Merula:
316 1791 411 1849 neque
434 1775 535 1830 tamen
558 1776 728 1850 congruunt
750 1773 1001 1832 hermeneumata.
1042 1772 1161 1831 claraus
1183 1771 1313 1848 Lipsius,

163 1862 215 1938 qui
238 1862 351 1921 famam
373 1861 483 1921 Lucilii
509 1862 582 1921 fecit
609 1864 728 1921 alatam
775 1861 946 1922 Desiderari
973 1862 1102 1921 arbitror
1125 1863 1314 1935 preclaram

163 1970 295 2029 pugnam
318 1950 391 2026 dici,
419 1970 478 2010 non
502 1953 621 2011 claram.
668 1952 733 2029 Ego
756 1951 890 2011 Lucilius
913 1954 1036 2028 paratus
1060 1970 1141 2010 eram
1165 1952 1255 2012 cartis
1284 1953 1314 2009 et

163 2041 279 2101 calamo
303 2058 408 2099 canere
431 2040 550 2102 laudem
573 2044 656 2101 tuam
681 2045 712 2101 et
734 2042 875 2119 gloriam,
903 2042 929 2098 si
952 2041 1029 2101 forte
1058 2042 1140 2100 fama
1167 2040 1204 2099 ad
1233 2042 1314 2100 auris

164 2130 266 2189 adlata
290 2133 373 2189 tuam
397 2131 582 2206 praeclaram
604 2150 738 2208 pugnam
757 2133 890 2206 aliquam
909 2133 1083 2191 nuntiasset.
1099 2163 1142 2172 ·-
1157 2131 1197 2189 ad
1216 2132 1315 2189 cruris:

164 2218 280 2294 plebeio
304 2237 437 2278 sermone
461 2219 531 2279 dum
559 2222 656 2279 utitur
683 2223 788 2280 auctor
814 2221 888 2279 rhet.
913 2219 951 2279 ad
969 2220 1039 2279 Her.
1059 2220 1102 2277 lV
1122 2222 1173 2294 10,
1195 2222 1234 2278 14
1264 2215 1314 2278 ‘ad

165 2309 294 2367 oricrrlas
317 2304 518 2368 uersarentur'
545 2310 672 2385 scripsit.

256 2389 362 2458 1082.
390 2397 506 2458 Nonius
533 2400 656 2475 pm,
679 2400 717 2456 13
747 2393 924 2457 ‘Exanclare
951 2398 1043 2457 etiam
1071 2397 1220 2475 significat
1248 2417 1313 2474 per-

164 2489 234 2563 peti.
260 2534 266 2545 .
290 2486 480 2547 ..Lucilius
512 2487 562 2546 lib.
582 2488 664 2546 XXX
698 2483 850 2563 “quantas
874 2534 879 2544 .
901 2534 906 2544 .
928 2534 933 2544 .
958 2482 1167 2547 exanclaris’'.'
1221 2485 1315 2546 Poeta

166 2594 277 2651 quoquc
300 2577 383 2635 nudo
406 2578 507 2652 posuit
529 2577 668 2637 inductus
691 2582 817 2650 quantas
838 2577 965 2636 relatiuo
984 2595 1038 2653 pro
1057 2577 1190 2635 omnibtcs
1207 2576 1316 2635 ιιιοάἰεε

165 2671 287 2739 quotque
318 2666 340 2723 Ι.
356 2666 471 2725 Dousa:
504 2669 552 2726 cui
583 2668 706 2727 lectioni
738 2666 906 2744 refragatur
939 2666 1018 2741 quod
1050 2684 1103 2724 nec
1136 2669 1314 2740 parantesque

165 2757 278 2814 labores
301 2774 355 2815 nec
377 2756 461 2814 modo
484 2756 527 2815 sic
550 2760 620 2832 apte
644 2759 702 2815 erit
723 2757 862 2832 positum.

258 2836 364 2905 1084.
388 2845 504 2904 Nonius
527 2867 554 2922 p.
576 2847 649 2920 340,
669 2848 708 2904 21
740 2840 873 2919 ‘Locare,
903 2845 1091 2905 constituere.
1113 2844 1315 2904 ..Lucilius

166 2934 216 2992 lib.
236 2934 318 2993 XXX
343 2930 485 2994 “uirtutis
507 2936 577 2995 boec
603 2940 669 2994 luae
696 2937 770 2994 artis
797 2937 989 2994 monumenta
1018 2929 1200 2994 locantnr”.'
1244 2929 1315 2992 ‘uir-

166 3026 300 3100 tutisque
327 3027 397 3083 tuae
426 3026 515 3101 atque
543 3027 617 3084 artis
645 3030 838 3107 monumenta
865 3019 1014 3084 locanbir’
1043 3024 1160 3084 lunius:
1193 3024 1315 3100 penthe-

167 3115 305 3174 mimeres
328 3114 435 3174 similis
459 3118 504 3174 est
521 3114 656 3191 Propert.
675 3114 721 3173 111
744 3116 793 3189 17,
813 3116 855 3173 20
875 3110 1067 3189 ‘uirtutisque
1088 3116 1167 3188 tuae,
1190 3113 1315 3185 Bacche,

166 3205 256 3279 poeta
278 3199 379 3264 ferar'.
416 3204 537 3264 Rectius
559 3207 661 3263 tamen
685 3206 868 3281 transposuit
891 3198 976 3263 ‘haec
998 3204 1120 3263 uirtutis
1143 3198 1225 3263 tuae’
1245 3202 1315 3263 (lor-

167 3296 268 3369 petns,
297 3289 408 3353 ‘canu’
432 3292 650 3353 Lachmannus.
698 3290 805 3352 ‘rubrus
829 3293 986 3370 Scipiadae
1010 3296 1041 3353 et
1061 3294 1144 3352 mitis
1168 3294 1317 3369 sapientia

167 3378 263 3441 Laeli'
283 3382 388 3443 Horat.
407 3403 492 3443 serm.
507 3382 538 3441 11
554 3387 581 3457 1,
599 3385 638 3442 72
659 3383 711 3441 ubi
729 3382 766 3442 dt
783 3382 900 3443 Lucilio
918 3384 1027 3461 agitur.
1061 3383 1143 3442 idem
1157 3384 1176 3442 l.
1192 3403 1214 3443 s.
1229 3403 1257 3440 u.
1274 3383 1314 3442 16

168 3468 313 3531 ‘attamen
333 3475 363 3531 ct
381 3472 493 3532 iustum
511 3475 630 3548 poteras
649 3475 679 3531 et
697 3473 824 3534 scribere
842 3474 949 3532 fortem
965 3471 1136 3550 Scipiadam
1151 3475 1185 3531 ut
1198 3474 1316 3549 sapiens

167 3557 313 3621 Lucilius'
338 3565 368 3621 et
387 3583 414 3620 u.
436 3563 477 3621 70
500 3562 579 3620 idam
597 3561 731 3623 Lucilius
754 3563 866 3621 dicitur
888 3563 979 3623 uuae
999 3558 1063 3621 ‘uni
1084 3581 1195 3639 aequus
1213 3563 1317 3620 uirtuti

168 3654 259 3726 atque
284 3653 348 3711 eius
376 3646 501 3710 amicis’.
547 3651 663 3711 Fanum
690 3654 814 3712 uirtutis
842 3654 944 3729 posuit
966 3652 1168 3712 Numantinus
1196 3654 1316 3712 auctore

168 3739 331 3799 Plutarcho
354 3740 390 3799 de
413 3741 523 3798 fortun.
542 3741 627 3800 Rom.
647 3760 711 3818 cap.
731 3742 759 3800 5.

261 3820 501 3889 lotariensis
520 3851 548 3906 p.
565 3832 638 3905 274,
658 3834 697 3890 21
723 3826 913 3905 Ὃοιιὰιιοοῐθ,
931 3832 1090 3891 conuenire
1109 3821 1168 3910 (ita
1182 3830 1227 3888 L.-
1249 3847 1316 3889 con·

168 3921 284 3977 uertere
304 3908 355 3998 G).
392 3918 525 3978 Lucilius
544 3919 595 3978 lib.
614 3913 765 3979 xxx“et
785 3915 991 3980 ...cartis’'.'
1028 3919 1167 3979 Arbitror
1185 3937 1240 3997 ego
1259 3918 1317 3977 Lu·

115 4068 122 4083 .
168 4007 256 4065 cilius
279 4007 406 4084 gloriam
430 4012 461 4067 et
484 4010 596 4068 uirtute
618 4012 673 4067 tua
696 4011 726 4068 et
749 4010 838 4069 claris
862 4011 953 4069 cartis
976 4011 1081 4086 poetae
1104 4011 1223 4084 partam
1249 4026 1317 4067 con-

168 4097 274 4156 ducere
296 4096 425 4157 nominis
448 4099 494 4156 tui
517 4098 657 4157 claritati

260 4177 367 4247 1080.
390 4187 505 4246 Nonius
528 4208 557 4263 p.
578 4188 689 4265 264,3
720 4181 897 4247 ‘Contentus
929 4187 1039 4246 dicitur
1071 4188 1119 4246 cui
1151 4205 1198 4246 res
1226 4189 1318 4246 etiam

167 4293 264 4351 parua
292 4274 408 4334 abunde
436 4279 488 4335 est.
509 4276 712 4336 ...Lucilius
742 4275 793 4335 lib.
813 4276 895 4335 XXX
919 4271 970 4335 “ct
996 4279 1022 4335 is
1049 4277 1080 4335 te
1101 4272 1316 4336 ...teneto''.'

169 4364 214 4424 De
228 4364 435 4425 emendatione
449 4384 551 4425 uersus
566 4367 638 4425 conf
648 4366 698 4426 lib.
713 4365 757 4424 VI
771 4387 799 4424 u.
815 4367 878 4425 236
898 4366 969 4425 XIV
984 4386 1011 4424 u.
1027 4367 1090 4425 457
1111 4366 1182 4425 XVI
1195 4386 1224 4425 ιι.
1240 4368 1319 4426 5223

168 4456 191 4513 ii
215 4457 251 4514 iis
279 4457 305 4514 ci
333 4456 374 4514 eis
401 4456 513 4516 formas
540 4474 636 4534 neque
664 4455 797 4516 Lucilius
825 4474 921 4533 neque
948 4455 1092 4515 Horatius
1120 4455 1240 4517 uidetur
1268 4456 1318 4523 ad-
