3060 5010
519 385 569 445 1111
587 407 614 445 u.
634 391 693 446 ιιι.
731 386 795 445 xm
812 409 840 445 u.
860 391 920 446 eae.
1233 389 1296 459 163

149 559 290 637 dabatur,
322 563 406 622 cuius
438 563 483 621 rei
513 564 600 622 testis
632 565 678 622 est
704 561 837 622 Lucilius
868 561 901 621 in
932 557 1127 641 duodecimo'.
1163 562 1296 632 *Minime

148 651 302 729 probabile
325 654 371 710 est
388 650 537 711 Lucilium
560 653 603 710 nil
627 670 763 713 ramasse
785 653 844 712 nisi
866 653 971 711 uinum
993 651 1147 728 Dionysiis
1171 672 1225 729 pro
1249 671 1296 713 co·

148 744 270 812 rollario
293 741 397 800 datum
420 759 483 802 esse
502 741 682 816 cantoribus,
705 741 756 801 sed
774 742 831 801 hoo
848 743 948 818 potius
971 741 1038 801 ideo
1058 743 1202 817 narrauit
1225 745 1297 820 quia

148 830 304 911 tragoedia
330 830 400 890 inde
428 828 580 890 exordium
612 849 697 890 suum
727 832 839 907 cepisse
870 831 1054 890 tradebatur.
1081 836 1082 843 ’
1105 830 1164 890 Sed
1190 830 1296 892 Graeci

148 923 308 997 scriptores
330 940 390 978 non
413 919 449 980 de
471 919 636 999 tragoedia,
661 920 714 980 sed
736 920 772 980 de
796 920 947 982 comoedia
969 923 1015 981 ita
1037 919 1174 981 uadunt:
1201 922 1297 980 ueluti

148 1011 238 1070 schol.
257 1010 409 1086 Aristoph.
428 1008 556 1069 Acharn.
577 1011 640 1069 499
659 1008 827 1096 τρυγῳδίαν
844 1018 952 1071 ποιῶν·
971 1009 1143 1096 κωμῳδίαν·
1162 1006 1227 1090 ἤτοι
1247 1008 1296 1072 διὰ

148 1098 180 1159 τὸ
207 1099 299 1180 τρύγα
326 1097 459 1159 ἔπαθλον
486 1097 648 1179 λαμβάνειν
674 1096 804 1161 τουτέστι
829 1095 899 1160 νίον
926 1092 1025 1175 οἶνον,
1056 1095 1076 1178 ἢ
1108 1096 1158 1160 διδι
1189 1098 1222 1160 τὸ
1254 1097 1296 1179 μὴ

148 1185 244 1249 ὄντων
266 1188 459 1269 προσωπείων
482 1186 537 1266 τὴν
559 1185 653 1269 ἀρχὴν
675 1187 759 1270 τρυγί
779 1188 914 1270 χρίεσθαι
932 1186 983 1262 τδις
1001 1186 1087 1262 ὄψεις
1104 1188 1240 1268 Prolegg.
1260 1189 1296 1249 de

149 1278 278 1338 comoed.
297 1278 328 1336 Π
345 1277 477 1337 Kaibelii
496 1276 570 1337 CGF
589 1278 604 1337 1
625 1282 639 1336 1
661 1298 690 1356 p.
712 1281 740 1354 7,
760 1280 778 1337 6
802 1277 858 1358 τὴν
879 1277 975 1358 αὐτὴν
999 1274 1030 1340 δὲ
1053 1276 1102 1339 καί
1129 1278 1297 1364 τρυγῳδίαν

149 1366 223 1444 φασί
246 1365 296 1427 διὰ
323 1367 355 1428 τὸ
383 1372 445 1441 τοῖς
470 1366 680 1446 εὐδοκιμοῦσιν
707 1364 756 1428 ἐπὶ
782 1372 822 1451 τῷ
843 1368 971 1455 Ληναίῳ
998 1372 1118 1449 γλεῦκος
1146 1367 1297 1445 δίδοσθαι,

149 1456 219 1537 ὅπερ
249 1454 374 1517 ἐκάλουν
399 1456 506 1538 τρύγα,
538 1452 558 1535 ἢ
586 1454 631 1517 ὅτι
660 1457 749 1536 μήπω
780 1457 973 1538 προσωπείων
1003 1454 1182 1538 ηὑρημένων
1213 1454 1297 1539 τρογλ

149 1546 328 1628 διαχρίοντες
349 1544 385 1605 τὰ
403 1545 547 1625 πρόσωπα
564 1543 765 1626 ὑπεκρίνοντο.
802 1546 910 1606 Athen.
929 1547 960 1606 11
977 1567 1006 1624 p.
1027 1548 1104 1606 4οΑ
1123 1546 1296 1626 Σιμωνίδης

148 1635 203 1714 τὴν
225 1633 321 1714 αὐτὴν
343 1632 437 1716 ἀρχὴν
463 1636 586 1714 τίθησιν
613 1635 699 1696 οἶνον
726 1634 777 1696 καί
805 1645 962 1715 μουσικῆς·
990 1632 1049 1697 οἰπδ
1077 1632 1173 1715 μέθης
1199 1633 1249 1696 καί
1276 1632 1295 1716 ἡ

148 1734 201 1804 τῆς
223 1723 379 1810 κωμῳδίας
401 1722 452 1784 καί
474 1721 493 1803 ἡ
516 1733 569 1803 τῆς
591 1725 755 1809 τραγῳδίας
777 1724 890 1806 εὕρεσις
913 1723 946 1787 ἐν
961 1719 1075 1809 Ἰκαρίῳ
1098 1733 1151 1804 τῆς
1165 1720 1297 1805 Ἀττικῆς

148 1810 270 1894 εὑρέθη,
293 1811 343 1874 καὶ
365 1808 426 1874 κατ’
450 1812 542 1874 αὐτόν
565 1814 617 1875 τὸν
639 1823 692 1894 τῆς
714 1815 823 1896 τρύγης
845 1815 950 1895 καιρόν
972 1808 1024 1892 ἀφ’
1049 1806 1086 1875 οὗ
1105 1812 1143 1893 δὴ
1162 1812 1212 1875 καί
1230 1838 1296 1896 τρυ-

148 1903 241 1989 γῳδία
263 1903 296 1964 τὸ
319 1912 437 1984 πρῶτον
459 1901 573 1982 ἐκλήθη
597 1900 615 1982 ἡ
639 1904 786 1990 κωμῳδία.
833 1903 945 1965 Contra
967 1909 998 1964 et
1020 1905 1164 1964 Horatius
1187 1909 1218 1965 et
1237 1905 1304 1981 Lus

149 1995 234 2054 cilius
257 1993 365 2053 docent
387 1992 575 2070 tragoediam
598 2012 616 2052 a
640 1996 711 2053 uino
734 2013 841 2054 nornen
865 1998 896 2054 et
919 1996 1065 2074 originem
1090 1995 1221 2070 duxisse,
1247 1995 1296 2055 hic

148 2082 234 2142 docet
256 2083 358 2142 Liberi
381 2085 517 2143 cantores
540 2085 705 2159 praemium
729 2086 794 2143 uini
817 2083 923 2144 eadum
946 2086 1108 2161 accepisse,
1135 2085 1186 2144 ille
1214 2085 1296 2144 faece
1411 2146 1416 2152 ,

148 2175 267 2231 uinaria
294 2173 388 2232 illitos
417 2176 552 2232 cantasse
580 2174 756 2249 antiquitus.
807 2172 871 2243 Quo
904 2178 1024 2233 auctore
1056 2176 1101 2232 ita
1133 2173 1296 2249 docuerint,

149 2281 208 2322 non
231 2264 356 2322 constat.
393 2262 501 2321 Accius
523 2280 592 2321 sane
611 2261 812 2322 didascalicon
829 2262 907 2322 libro
925 2262 956 2320 Π
974 2266 1158 2323 tracteuerat
1176 2264 1287 2323 similia

149 2352 245 2418 liores
268 2352 385 2411 Atticos
409 2353 580 2427 saepissime
603 2353 702 2430 tangit
720 2356 818 2429 poete,
841 2356 875 2410 ut
893 2352 943 2410 lib.
959 2351 1000 2410 lx
1016 2373 1043 2410 u.
1060 2354 1119 2411 321
1139 2352 1164 2410 X
1179 2374 1207 2412 u.
1223 2354 1295 2411 388.

662 2821 774 2907 Xlll.

238 2966 321 3036 438.
343 2975 459 3036 Nonius
476 2996 505 3053 p.
523 2977 596 3051 281,
612 2979 652 3035 24
674 2971 830 3037 ‘Dominus
849 2996 966 3038 rursum
981 2979 1151 3055 appellatur
1164 2979 1296 3039 conuiuii

148 3064 309 3140 exhibitor3
331 3064 409 3125 unde
432 3069 464 3125 et
486 3066 618 3126 dominia
641 3069 788 3126 conuiuia.
814 3067 961 3126 ...idem
984 3067 1035 3127 lib.
1050 3067 1123 3127 XIII
1142 3063 1296 3146 “primum

150 3151 398 3228 ...tollantur’'.
444 3151 608 3233 'lbrrpilius’
640 3178 663 3216 e.
679 3178 706 3235 q.
721 3175 743 3217 s.
789 3157 874 3216 Nihil
907 3157 1090 3233 probabilius
1120 3160 1219 3218 uisum
1251 3163 1297 3218 est

148 3243 267 3304 Haueto
289 3244 361 3304 Rev.
381 3245 408 3304 d.
427 3245 500 3322 phil.
519 3245 590 3305 XIV
612 3247 697 3306 1890
721 3267 748 3323 p.
766 3248 806 3306 29
836 3267 926 3324 quam
954 3249 1104 3326 integrum
1131 3265 1249 3308 uersum
1278 3268 1296 3308 a

148 3337 343 3412 grammatico
362 3333 482 3411 adferri,
505 3337 557 3412 qui
576 3335 736 3395 secundum
754 3336 864 3396 Lucilii
882 3337 1123 3397 consuetudinem
1142 3356 1296 3399 caesuram

148 3425 391 3501 semiquinariam
409 3424 548 3484 habuerit
566 3427 597 3484 in
616 3430 701 3499 οληιιο
718 3426 875 3503 particule.
913 3426 1010 3497 Quare
1025 3446 1092 3487 eum
1104 3427 1138 3486 L.
1152 3427 1296 3488 Muellero

148 3513 250 3572 tollant
276 3514 463 3574 scribendum
491 3515 589 3589 duxit,
616 3534 654 3573 ιιι·
681 3519 715 3574 ut
742 3519 845 3575 natum
874 3518 914 3575 sit
942 3536 976 3576 ex
1004 3519 1141 3594 sequenti
1166 3517 1296 3594 Turpilii

148 3605 279 3663 nomine:
308 3623 398 3681 quam
425 3607 605 3665 sententiam
632 3624 687 3684 ego
715 3625 832 3683 quoque
863 3605 1023 3682 probaram
1053 3626 1148 3682 neque
1177 3607 1296 3666 domnio

148 3694 248 3768 potius
271 3693 458 3753 scribendum
481 3714 548 3755 cum
571 3693 768 3753 Racherensio
792 3715 887 3771 neque
909 3696 1029 3755 domino
1052 3698 1063 3754 i
1086 3699 1116 3754 et
1139 3695 1187 3754 bic
1210 3699 1241 3754 et
1264 3697 1295 3753 in

148 3785 247 3840 omnio
277 3784 387 3842 extrita
418 3801 484 3843 oum
511 3783 703 3842 Lachmanno
736 3776 905 3866 (commin
928 3783 1062 3861 Lucrp.
1083 3786 1133 3844 73.
1159 3776 1238 3864 129)
1263 3787 1296 3842 st

148 3871 181 3931 L.
205 3871 361 3947 Muellem,
396 3874 448 3948 qui
480 3873 515 3932 de
547 3872 678 3930 dominio
709 3873 847 3933 uocaan
878 3892 1018 3933 mensura
1050 3873 1197 3933 consentit
1228 3891 1296 3932 cnm

147 3960 348 4036 Lachmanno,
371 3961 407 4020 de
429 3966 528 4022 οικιιὶο
550 3960 696 4021 dissentit.
739 3961 936 4022 statuendum
959 3982 1021 4023 esse
1046 3961 1157 4036 credidi
1175 3966 1295 4038 poetam
1337 3960 1349 3984 ⁸

149 4052 201 4127 qui
223 4050 304 4127 apud
321 4049 445 4111 Homeri
462 4053 638 4130 interpretes
656 4050 765 4130 legerit
782 4053 892 4128 passim
911 4047 1083 4111 ἐκτετάσθαι
1100 4048 1155 4129 τήν
1173 4049 1294 4132 πρώτην

148 4139 312 4218 συλλαβήν,
339 4135 380 4213 ὡς
406 4137 454 4200 ἐπί
480 4149 533 4201 τοῦ
562 4138 717 4201 ἀθανάτου
740 4137 790 4199 καί
812 4137 964 4218 ἀκαμᾶτου
987 4133 1099 4222 (Strab.
1119 4139 1161 4199 IX
1184 4161 1211 4217 p.
1228 4142 1291 4200 419

149 4233 220 4289 extr.
245 4229 381 4289 Schulzei
403 4229 523 4300 Quaest.
542 4233 615 4308 epic.
635 4251 662 4307 p.
681 4223 759 4311 141)
790 4232 822 4288 in
854 4229 999 4289 uocabulo
1032 4230 1294 4308 proceleusmatico

149 4319 322 4394 produxisse
356 4322 485 4397 primam
521 4320 669 4397 syllabam
698 4323 733 4379 ut
763 4320 855 4399 uulgo
887 4317 921 4378 fit
949 4321 984 4377 in
1015 4321 1156 4393 reliquiae
1186 4315 1319 4396 religios

149 4407 261 4469 'lamen
278 4410 354 4470 talia
371 4411 482 4471 uitasse
500 4428 531 4470 se
550 4413 640 4488 poeta
657 4411 842 4471 demonstrat
858 4410 962 4469 incest.
981 4430 1008 4468 u.
1025 4411 1125 4469 12952
1143 4412 1295 4487 passiuum

150 4498 288 4559 tollantur
313 4500 361 4559 hio
389 4502 474 4559 unice
503 4506 606 4579 aptum
639 4504 696 4575 est,
726 4502 858 4560 actiuum
891 4500 992 4558 tollunt
1017 4499 1200 4578 languidum.
1251 4499 1296 4558 De

1032 4600 1083 4654 11⁸
