3030 5002
212 322 256 388 22
686 321 700 375 Ι
717 340 746 378 u.
764 325 879 378 41-45.

213 485 290 572 uim]
314 510 380 551 cum
404 492 485 552 dicat
507 492 610 567 poeta,
638 489 708 551 deos
735 490 765 549 iu
789 488 918 568 Olympo
945 492 1045 551 monte
1073 489 1230 550 concilium
1252 489 1361 550 habere

213 582 312 657 docet,
341 578 386 640 du
409 577 620 651 Μακεδονικὸς
635 574 786 658 Ὄλυμπος
813 583 895 641 θεῶν
923 578 1102 659 οἰκητήριον
1133 575 1152 656 ἡ
1175 576 1231 658 γὰρ
1255 578 1361 658 Πιερία

214 669 321 730 τούτου
349 666 493 750 ἀκρώρεια
521 666 571 729 καί
595 661 729 746 Ἠμαθία
756 668 788 730 τὸ
811 667 953 749 πρότερον
980 664 1000 746 η
1028 667 1205 728 Μακεδονία
1232 664 1361 728 ἐκαλεῖτο

214 759 304 820 schol.
324 758 428 818 Venet.
454 761 483 817 A
510 758 549 816 ad
575 757 663 819 Hom.
687 754 716 822 Ξ
735 760 807 818 226.
866 751 1014 836 Ἠμοίθιος
1049 758 1231 818 adiectiuum
1267 760 1361 818 metro

214 850 309 909 coacti
346 846 452 908 Graeci
488 851 594 925 poetae
632 848 739 907 aetatis
771 847 880 907 Lucilii
917 867 1060 924 usurpare
1096 846 1232 908 solebant
1266 848 1362 906 ueluti

214 937 365 999 Nicander
398 935 552 1016 Georgicis
576 939 631 1012 74,
657 939 697 996 12
726 935 813 996 Schn.
841 936 949 1015 Μίδης
974 936 1049 1017 ἅπερ
1074 985 1079 995 .
1101 933 1181 997 ..ἐν
1209 935 1362 1017 κλήροισιν

215 1025 375 1107 ἀνέτρεφεν
390 1020 583 1105 Ἠμαθίοισιν
601 1028 728 1086 Alcaeus
746 1026 908 1087 Messenius
927 1045 973 1103 ap.
988 1026 1066 1086 Plut.
1082 1026 1140 1086 Tit.
1156 1029 1184 1103 9,
1200 1029 1227 1085 2.
1248 1059 1285 1067 -
1310 1028 1361 1085 42.

214 1122 338 1177 uentum
361 1117 484 1193 inquam
503 1110 608 1194 tollas]
626 1116 777 1176 schemata
795 1116 928 1192 loquitur
946 1117 1018 1176 deus
1037 1118 1067 1175 et
1085 1119 1190 1175 auctor
1208 1115 1362 1175 turbarum

214 1211 233 1266 i.
250 1227 273 1267 e.
293 1207 396 1284 Lupus
419 1208 454 1265 ut
476 1206 602 1265 tollatur
630 1224 664 1263 ex
688 1205 759 1264 urbe
783 1206 891 1265 iterum
914 1207 1080 1282 itemmque
1103 1205 1162 1265 sibi
1183 1204 1363 1265 hortandum

215 1315 278 1358 esse
302 1298 434 1357 ostentat
456 1295 512 1354 hac
534 1295 744 1371 epanalempsi.
774 1326 815 1338 -
844 1298 908 1355 tum
931 1312 953 1354 c.
970 1314 997 1371 q.
1011 1297 1030 1354 i.
1046 1292 1078 1371 l.]
1110 1313 1228 1354 uersum
1249 1297 1282 1354 in
1305 1294 1362 1354 fine

215 1386 401 1445 laborantem
424 1386 476 1461 qui
499 1385 616 1459 explere
639 1386 738 1442 conati
762 1387 840 1457 sunt,
862 1386 913 1444 uix
931 1384 1090 1461 proiecisse
1108 1383 1259 1444 uidentur:
1283 1384 1363 1460 quod

215 1476 238 1534 Ι.
262 1474 411 1534 Beckerus
444 1474 462 1532 l.
486 1492 509 1532 s.
532 1492 554 1532 s.
596 1474 752 1551 proposuit
788 1469 833 1532 ‘tu
873 1474 992 1550 culpam
1034 1493 1123 1550 quam
1159 1473 1234 1532 illiu'
1269 1468 1361 1533 laxes‘

216 1564 248 1624 L.
264 1564 423 1623 Muellerus
444 1558 489 1622 ‘tu
507 1562 633 1622 crimina
651 1581 741 1639 quam
759 1565 819 1622 ista
836 1558 971 1635 leuabis',
990 1566 1150 1640 utrumque
1168 1566 1249 1622 caret
1263 1580 1363 1623 sensu:

215 1671 270 1731 ego
293 1652 441 1729 temptaui
465 1648 541 1711 ‘tum
565 1652 649 1711 cedet
671 1671 747 1728 quae
769 1654 817 1711 ira
839 1647 974 1711 lacunis’.

305 1733 364 1801 43.
392 1741 524 1801 Isidorus
557 1740 594 1800 de
627 1741 800 1802 differentiis
828 1742 986 1802 uerborum
1013 1741 1094 1800 libl
1113 1740 1146 1816 §r
1175 1743 1237 1801 589
1262 1743 1321 1801 uol.
1336 1742 1364 1799 V

215 1852 244 1909 p.
262 1833 302 1889 74
333 1831 421 1890 Areu.
451 1823 493 1912 (V
521 1853 549 1908 p.
570 1833 611 1890 68
639 1832 671 1890 in
698 1830 843 1910 patrolog.
868 1831 934 1890 Lat.
957 1832 1017 1890 uol.
1042 1832 1083 1890 83
1112 1831 1224 1909 Mignei
1252 1831 1363 1892 Sueten

217 1942 245 1998 p.
262 1920 340 1995 295,
366 1923 407 1980 10
436 1920 502 1981 adn.
522 1913 720 2001 Reiffersch.):
750 1916 864 1980 ‘Facies
896 1923 942 1980 est
972 1920 1121 1980 naturalis
1153 1920 1212 1980 oris
1243 1919 1364 1980 habitus

214 2009 421 2083 immutabilis,
444 2009 547 2068 uultus
569 2029 640 2070 uero
663 2029 717 2086 pro
740 2029 838 2069 rerum
858 2029 892 2069 ac
910 2013 1079 2086 temporum
1099 2009 1244 2084 qualitate
1262 2011 1364 2068 uarius

215 2102 246 2159 et
277 2099 432 2159 mutabilis
461 2102 642 2175 ...itaque
677 2098 809 2159 Lucilius
852 2098 926 2159 haec
962 2101 1049 2176 quasi
1085 2099 1271 2177 distinguens
1308 2099 1364 2159 ait:

216 2183 323 2258 “Quae
338 2183 505 2247 ...uiro”.'
544 2187 623 2248 Satis
642 2187 837 2265 probabiliter
855 2190 910 2249 hoc
928 2189 993 2249 loco
1009 2189 1087 2248 hanc
1100 2189 1365 2267 interrogationem

214 2279 317 2355 posuit
339 2279 452 2355 primus
475 2278 506 2336 ni
529 2278 619 2337 fallor
645 2276 794 2337 Lucienus
818 2278 985 2337 Muellerus.
1032 2278 1217 2354 Responsum
1242 2278 1365 2337 alterius

215 2367 264 2426 dei
288 2369 457 2426 continetur
479 2387 507 2425 u.
523 2369 574 2426 44.
598 2399 639 2408 -
664 2365 744 2443 uiro]
765 2366 862 2426 Aliter
881 2368 955 2426 Eun.
975 2368 1072 2427 annal.
1090 2368 1153 2426 285
1169 2367 1204 2424 V.
1228 2362 1363 2428 ‘densan-

215 2459 267 2516 tur
289 2459 402 2533 oampie
425 2456 577 2516 horrentia
598 2456 660 2515 tela
683 2451 827 2515 uirorum’
852 2456 980 2515 Lucr.V
1001 2457 1064 2514 622
1090 2452 1266 2516 ‘Democriti
1285 2457 1365 2534 quod

216 2548 320 2605 sancta
343 2547 402 2605 uiri
425 2545 573 2605 sententia
600 2540 707 2622 ponit',
734 2545 787 2605 ubi
814 2545 892 2605 idem
916 2548 1074 2622 astatque
1099 2547 1145 2604 uir
1168 2546 1254 2606 sortis
1278 2539 1364 2626 (Hor.

215 2636 330 2696 serml
350 2636 384 2710 4,
408 2638 435 2694 2.
462 2626 601 2714 10,16).
647 2634 780 2694 Lucilius
813 2635 948 2694 datiuum
982 2638 1007 2694 ei
1039 2636 1111 2694 dum
1141 2637 1221 2694 uitat
1253 2637 1364 2712 passim

216 2726 316 2802 posuit
338 2726 449 2784 bombat
471 2727 537 2783 uiro
555 2724 644 2784 sicuti
662 2725 801 2783 hocloco
820 2725 903 2784 fecit:
927 2725 998 2784 conf
1013 2724 1100 2784 indic.
1121 2723 1279 2784 uerborum
1297 2743 1319 2784 s.
1336 2744 1364 2782 u.

215 2817 297 2874 ίιοικο
320 2816 352 2874 et
373 2816 430 2873 uir.

305 2894 364 2963 44.
396 2902 512 2963 Nonius
538 2923 566 2978 p.
583 2904 661 2978 426,
686 2903 727 2962 38
752 2896 877 2962 ‘Vultus
910 2905 940 2961 et
971 2903 1062 2962 facies
1094 2902 1149 2961 hoc
1183 2901 1364 2962 distant...

215 2993 347 3052 Lucilius
371 2995 540 3068 satyrarum
559 2991 640 3051 lib.I
660 2988 785 3051 “uultus
803 2993 876 3050 item
895 2994 929 3050 ut
947 2991 1038 3052 facies
1059 3011 1139 3052 mors
1157 2995 1227 3052 citer
1244 2991 1366 3052 morbus

215 3076 408 3141 uenenum”.'
455 3080 624 3156 Respondet
651 3081 706 3140 deo
733 3080 805 3139 deus
829 3082 984 3156 quaerenti
1007 3100 1067 3156 qua
1090 3083 1130 3142 sit
1152 3082 1227 3140 facie
1251 3084 1282 3140 et
1305 3101 1365 3158 quo

215 3172 302 3230 uultu
324 3167 427 3247 Lupus
445 3170 497 3229 ille
515 3188 641 3245 eumque
660 3168 800 3230 describit
817 3171 853 3228 ut
870 3188 969 3229 senem
988 3170 1171 3246 decrepitum
1190 3174 1220 3229 et
1239 3172 1365 3246 laruam,

215 3259 266 3336 qui
285 3259 415 3333 morbus,
434 3277 521 3332 mors,
539 3278 687 3319 uenenum
705 3260 769 3318 iure
788 3259 969 3336 appelletur:
992 3251 1078 3341 (conl
1093 3261 1215 3336 interpr.
1235 3260 1273 3318 ad
1293 3260 1364 3319 Hor.

215 3368 300 3408 serm.
319 3349 335 3407 I
356 3351 384 3423 7,
405 3340 452 3429 1):
475 3348 605 3409 Martial.
623 3349 665 3407 XI
680 3350 765 3421 92,2
792 3343 862 3407 ‘non
886 3349 1012 3408 uitiosus
1035 3350 1123 3408 homo
1148 3368 1178 3409 es
1205 3349 1295 3423 Zoile,
1314 3349 1366 3410 sed

215 3433 344 3497 uitium'.
395 3437 483 3497 Plato
515 3439 644 3499 comicus
677 3437 753 3498 CAF
775 3438 791 3496 I
814 3458 843 3514 p.
859 3439 937 3513 652,
964 3438 1025 3496 185
1045 3438 1073 3496 Κ
1112 3436 1211 3516 βόσκει
1243 3437 1365 3516 δυσώδη

215 3524 370 3606 Κέφαλον,
402 3525 554 3605 αἰσχίστην
584 3526 674 3588 νόσον
702 3547 789 3602 quem
817 3546 934 3586 uersum
968 3526 1006 3586 ad
1038 3527 1140 3603 Eurip.
1160 3525 1210 3586 Or.
1235 3529 1276 3586 10
1303 3547 1367 3588 esse

216 3615 373 3674 confictum
409 3615 556 3675 adnotant
591 3615 726 3677 editores.
787 3612 888 3676 ‘Teter
923 3611 1055 3676 morbus’
1095 3607 1176 3693 quod¹
1209 3620 1367 3694 proposuit

215 3705 400 3766 Passeratius
423 3705 577 3766 confirmes
601 3704 708 3766 Ontiill
725 3707 781 3780 76,
800 3706 841 3763 25
866 3701 989 3765 ‘tetrum
1016 3706 1094 3765 hunc
1117 3706 1263 3783 deponere
1287 3726 1366 3766 mor-

214 3790 311 3855 bum':
343 3799 436 3855 ιιίικο
468 3796 587 3873 scripsi,
619 3795 721 3856 eadem
751 3794 920 3870 corruptela
947 3812 994 3871 ap.
1009 3795 1141 3854 Nonium
1171 3816 1199 3871 p.
1218 3797 1295 3870 162,
1324 3798 1365 3855 23

215 3884 265 3943 ubi
288 3903 344 3961 pro
369 3879 411 3943 ‘iu
439 3887 537 3944 cetero
565 3881 659 3945 cultu'
683 3883 812 3945 traditur
840 3878 957 3942 ‘inciter
979 3878 1124 3957 occultu'3
1147 3883 1183 3942 de
1205 3883 1366 3944 uerborum

216 3973 410 4034 collocatione
437 3974 509 4034 coni
533 3975 660 4035 iudicem
684 3973 912 4052 grammaticum
935 3990 957 4030 a.
972 3991 1000 4032 u.
1024 3972 1180 4031 collocatio
1204 3972 1364 4034 uerborum

216 4063 248 4120 et
269 4063 372 4122 incert.
387 4083 415 4121 u.
435 4066 528 4123 1228.

305 4142 364 4211 45.
387 4151 504 4212 Nonius
522 4172 550 4228 p.
567 4154 640 4226 262,
660 4153 679 4210 8
700 4146 898 4210 ‘confidentia
915 4169 1032 4210 rursum
1049 4150 1211 4226 temeritas,
1230 4151 1366 4213 audacia.

216 4237 364 4298 Pacuuius
382 4239 415 4298 in
432 4240 579 4301 Atalanta
601 4233 658 4322 (48
674 4233 714 4322 8)
739 4234 886 4319 “gradere
909 4242 1000 4315 atque
1025 4241 1155 4300 atrocem
1174 4259 1275 4303 coerce
1298 4261 1367 4302 con-

216 4324 393 4388 fidentiam’'
409 4323 432 4407 †
450 4329 529 4390 idem
546 4329 639 4389 libX
659 4325 834 4406 “inprobus,
852 4327 1001 4388 confidens
1022 4348 1159 4406 nequam,
1178 4332 1275 4393 malus
1293 4327 1367 4411 (ut)

216 4412 398 4478 uideatur’'.’
455 4418 563 4478 Lucilii
600 4437 719 4479 uersum
755 4417 863 4478 lacuna
894 4417 1017 4493 periisse
1047 4418 1173 4478 adnotat
1204 4420 1367 4482 Mercerus:
