3000 5002
506 352 602 406 incert.
623 353 680 407 sed.
700 370 727 407 u.
748 358 931 408 nur-1181.
1231 356 1297 421 373

148 537 183 578 ex
214 519 340 578 aliorum
373 521 492 596 scriptis
520 520 609 581 simul
636 524 666 581 et
698 525 874 600 argumente
905 523 1015 600 turpia.
1066 524 1219 584 Fornicem
1251 528 1296 586 iu-

147 609 292 684 scriptum
319 610 410 669 fuisse
437 609 547 669 librum
576 612 626 669 uel
652 610 712 669 VII
738 611 787 670 nel
814 612 889 671 VIII
920 614 1078 688 suspiceris
1109 615 1198 673 sicuti
1225 615 1297 675 XVI

149 695 286 775 Collyrae
309 701 374 758 erat
395 700 557 776 inscriptus
579 702 707 759 nomine.
743 700 792 758 Ad
815 702 939 761 eundem
958 700 1067 761 Lucilii
1088 702 1196 762 librum
1214 704 1295 763 uide·

148 789 197 845 tur
219 787 368 863 pertinere
387 788 517 848 alterum
535 789 615 865 apud
633 789 800 849 Arnobinm
818 791 1019 868 fragmentum
1037 793 1140 850 incert.
1155 812 1183 851 ιι.
1200 794 1294 852 1339.

147 876 256 935 Totam
278 879 382 953 poesin
400 877 511 937 Lucilii
533 878 571 937 ab
589 878 721 938 Arnobio
746 880 893 955 appellari
913 882 1053 954 fornicem
1071 885 1194 958 propter
1211 902 1295 959 spur·

145 967 246 1025 citiem
264 965 288 1024 Ι.
303 966 475 1044 Hilbergius
494 970 616 1044 exponit
634 967 711 1027 stud.
726 967 853 1029 Vindob.
872 969 955 1028 XXV
977 971 1060 1029 1903
1080 991 1109 1046 p.
1127 972 1188 1029 156
1200 990 1296 1047 seqq.:

147 1054 226 1129 quod
249 1055 316 1115 ideo
339 1056 461 1132 probari
483 1058 595 1132 nequit,
618 1057 698 1134 quod
721 1061 842 1135 poetam
861 1059 915 1117 uni
933 1078 1060 1135 aequum
1078 1059 1185 1119 uirtuti
1204 1064 1295 1137 atque

146 1144 209 1203 eius
232 1147 345 1218 amicis,
368 1147 451 1206 cuiue
475 1147 641 1206 censorium
664 1147 813 1207 celebrent
834 1149 963 1225 rigorem
986 1152 1102 1208 ueteres
1127 1150 1294 1226 scriptores,

145 1252 212 1292 cum
236 1235 285 1293 uel
307 1233 482 1295 Lactantius
506 1232 631 1295 A'mobii
654 1236 817 1313 discipulus
840 1237 958 1314 eclogas
981 1237 1093 1296 ethicas
1116 1256 1183 1297 cum
1205 1239 1294 1298 laude

146 1325 277 1383 auctoris
300 1343 335 1383 ex
357 1324 411 1383 illo
433 1326 575 1401 proferat,
598 1327 720 1385 minime
743 1328 777 1385 ut
800 1326 936 1386 omnibus
954 1327 1091 1403 partibus
1110 1327 1246 1388 lenonem
1264 1332 1295 1388 et

143 1431 282 1488 spurcum
300 1417 419 1489 poetam
438 1414 484 1472 his
503 1414 601 1474 uerbis
622 1415 673 1473 ille
692 1416 792 1490 potnit
814 1416 1001 1492 prostituere.
1043 1417 1139 1477 Immo
1162 1419 1235 1477 haec
1254 1418 1292 1478 ad

144 1504 262 1578 partem
289 1503 387 1578 operis
414 1502 563 1562 Luciliani
590 1504 798 1563 tantummodo
826 1509 951 1581 possunt
978 1507 1139 1581 pertinere,
1170 1509 1292 1566 minime

144 1590 181 1649 ad
204 1594 309 1650 toturn.
346 1591 450 1652 Serere
473 1592 552 1668 quod
574 1595 718 1668 proposui
740 1593 963 1654 commendatur
980 1594 1109 1654 Arnobii
1130 1596 1291 1655 1000164

143 1699 172 1755 p.
193 1682 244 1753 44,
265 1682 305 1739 22
318 1681 402 1740 Reiff.
431 1677 496 1758 ‘qni
517 1683 650 1743 luxurias
678 1701 713 1743 ac
740 1683 817 1742 uitia
842 1687 944 1743 nestra
971 1689 1073 1744 secant
1099 1688 1191 1744 urunt
1217 1685 1292 1744 dila·

143 1765 265 1829 cerant’.

234 1850 341 1921 1178.
364 1858 474 1919 Lucilii
496 1879 599 1921 uersus
621 1880 681 1921 non
703 1861 858 1937 exscripsit
875 1864 1033 1940 interpres:
1057 1862 1092 1920 dc
1112 1864 1211 1922 furore
1231 1865 1293 1942 egit

141 1947 191 2006 lib.
212 1946 325 2006 XXVII
343 1970 371 2007 n.
393 1951 455 2008 732
495 1949 610 2011 Stoicos
638 1955 757 2010 secutus
787 1946 935 2010 ‘insanum
953 1954 1043 2012 uocat
1061 1971 1148 2028 quem
1166 1953 1291 2012 maltam

142 2056 177 2096 ac
204 2037 346 2097 feminam
373 2038 433 2098 dici
460 2035 563 2098 uidet'.
610 2039 755 2100 Horatius
773 2041 793 2099 l.
812 2060 834 2099 s.
865 2036 966 2116 ‘quem
994 2041 1075 2100 mala
1102 2042 1235 2101 stultitia
1262 2045 1292 2102 et

142 2144 356 2202 quemcumque
379 2129 499 2187 inscitia
521 2128 585 2187 neri
609 2148 729 2188 caecum
753 2130 829 2207 egit,
852 2130 989 2190 insanum
1014 2129 1174 2209 Chrysippi
1198 2133 1290 2208 porti·

142 2232 192 2273 cus
212 2218 242 2274 et
265 2233 336 2293 grex
359 2213 516 2277 autumat’.

234 2296 340 2365 1179.
365 2303 516 2364 Charisius
536 2305 587 2364 GL
605 2307 622 2366 I
639 2327 667 2383 p.
688 2309 740 2381 85,
760 2307 818 2365 eK
842 2303 963 2366 ‘Gibber
985 2311 1020 2368 ut
1038 2308 1126 2387 Verg.
1149 2301 1291 2391 (Verrius

141 2396 220 2452 recte
251 2385 367 2474 Dones)
400 2396 457 2469 ait,
489 2397 588 2472 ipsum
620 2397 728 2454 uitium
760 2395 882 2472 dicitnr,
919 2399 955 2455 ut
985 2396 1084 2472 tuber3
1117 2398 1290 2475 gibberosus

141 2481 252 2543 habens
284 2482 448 2560 gibberem,
479 2487 516 2542 nt
542 2484 706 2544 tuberosus.
744 2488 775 2544 et
806 2504 876 2544 sane
906 2485 1039 2545 Lucilius
1071 2487 1116 2544 ita
1147 2487 1290 2563 loquitur,

142 2566 286 2649 “gibbere
309 2568 463 2650 magno'’.’

231 2653 338 2722 1180.
362 2661 407 2721 De
427 2660 537 2722 Granio
558 2662 627 2722 uide
646 2662 684 2722 ad
703 2662 754 2722 lib.
773 2662 815 2721 XI
834 2683 861 2721 u.
882 2665 946 2722 412
966 2663 997 2722 ΙΙ
1016 2684 1043 2721 u.
1065 2666 1114 2723 95.
1152 2664 1197 2723 De
1216 2667 1288 2724 tem-

141 2769 213 2825 pore
246 2750 415 2811 tribunatus
449 2751 547 2810 Crassi
578 2754 696 2813 constet
728 2751 876 2813 Ciceronis
908 2752 973 2812 loco
1001 2752 1084 2811 Brut.
1105 2753 1165 2811 161
1203 2772 1288 2829 quem

139 2840 233 2916 gessit
253 2840 306 2898 ille
329 2859 408 2900 anno
428 2834 586 2915 semor:
610 2844 662 2917 qui
685 2860 779 2901 annus
803 2841 926 2900 ultimus
949 2845 995 2901 est
1016 2860 1138 2917 poeseos
1160 2840 1289 2901 Lucilia-

140 2947 195 2987 nae
220 2933 365 3004 quantum
387 2949 441 2989 nos
464 2930 552 2990 hodie
574 2931 717 3008 indagare
740 2949 905 3008 possumus.
943 2928 1022 2991 Cena
1045 2929 1149 2990 Cranii
1170 2931 1290 2991 uidetur

139 3018 230 3077 fuisse
254 3022 376 3079 narrata
399 3019 475 3078 libro
494 3020 561 3078 XX:
584 3020 653 3079 uide
677 3019 715 3078 ed
738 3040 767 3079 u.
787 3021 851 3078 568
870 3021 973 3078 incert.
994 3040 1022 3079 ιι.
1045 3021 1130 3079 1174
1140 3039 1220 3097 seqq.

231 3099 337 3168 1181.
362 3108 463 3168 Cicero
488 3107 526 3167 sd
548 3109 683 3169 Atticum
702 3108 746 3168 VI
765 3111 794 3183 3,
816 3112 832 3167 7
859 3105 939 3168 ‘Tibi
968 3112 1067 3169 autem
1094 3109 1183 3168 ualde
1212 3110 1289 3169 solet

138 3196 170 3254 iu
198 3216 249 3256 ore
277 3216 340 3258 esse
369 3193 516 3271 “prauius
544 3190 693 3278 (Granius
716 3190 878 3279 Corradus)
909 3201 1008 3258 autem
1028 3195 1286 3275 ...superbos”.’

137 3286 254 3346 Ibidem
272 3287 303 3347 H
323 3290 388 3362 8,1
421 3283 472 3346 ‘st
500 3287 574 3346 scito
602 3287 760 3348 Curionem
790 3288 1007 3348 adulescentem
1035 3289 1151 3348 uenisse
1179 3288 1217 3347 ad
1240 3309 1287 3348 me

138 3376 311 3436 salutatum.
353 3376 440 3435 ualde
473 3377 535 3437 eius
563 3396 659 3438 sermo
686 3377 722 3435 de
751 3377 856 3437 Publio
889 3395 957 3436 cum
984 3379 1046 3438 tuis
1077 3378 1187 3438 litteris
1219 3397 1286 3438 con·

138 3465 276 3542 gruebat3
300 3466 363 3542 ipse
385 3486 457 3524 uero
481 3466 649 3525 mirandum
666 3468 699 3526 in
717 3466 838 3526 modum
858 3461 967 3546 “reges
984 3466 1080 3527 odisse
1099 3463 1285 3544 superbos”.’

137 3553 187 3613 Ad
209 3555 318 3614 librum
336 3553 445 3614 Lucilii
463 3555 506 3613 XI
528 3560 706 3616 reuocsrnnt
723 3555 851 3616 editores
870 3576 929 3632 quo
948 3555 1053 3616 Cranii
1071 3575 1174 3617 cenam
1196 3576 1286 3632 quam

137 3644 294 3703 exhibebat
316 3643 349 3702 L.
365 3642 470 3704 Crasso
493 3648 611 3703 oratore
636 3648 790 3720 praesente
810 3645 994 3706 arbitrantur
1012 3645 1105 3705 fuisse
1122 3649 1284 3704 narratam.

137 3733 206 3792 uide
225 3733 263 3791 ad
282 3733 325 3792 XI
343 3753 371 3792 u.
392 3735 469 3792 412:
492 3736 602 3794 rectius
625 3734 789 3794 tribuemus
811 3734 888 3793 libro
907 3734 962 3793 XX
984 3733 1020 3792 de
1045 3753 1103 3810 quo
1122 3736 1194 3794 conf
1210 3754 1285 3810 quae

137 3821 346 3882 adnotanimus
365 3821 403 3880 ad
421 3823 525 3882 incert.
544 3843 572 3880 u.
594 3824 688 3884 1180.
725 3823 882 3899 Tarquinii
895 3825 996 3901 ,igitur
1012 3823 1060 3882 illi
1078 3827 1147 3882 sunt
1162 3821 1284 3882 Crassus

138 3910 188 3969 ille
220 3911 332 3986 aliique
365 3930 439 3987 quoe
470 3916 595 3971 uocarat
626 3910 664 3969 ad
697 3930 801 3971 cenam
835 3913 968 3971 homiues
1004 3911 1131 3971 nobiles:
1169 3906 1285 3989 ‘regum

136 3995 274 4076 prandia'
303 4002 401 4077 carpit
430 4003 519 4077 poeta
552 4020 599 4077 ap.
618 4001 697 4060 Pers.
715 4000 731 4059 I
751 4003 800 4061 67.
842 4006 1020 4061 manners
1048 4018 1079 4059 sc
1110 3999 1284 4060 Plautinum

137 4081 232 4167 (Trin.
253 4089 399 4148 3221111.
421 4084 535 4167 1236):
569 4085 616 4148 ‘ue
648 4109 695 4148 me
728 4089 848 4165 quidem
880 4085 1047 4149 contemno'
1075 4087 1134 4148 Cic.
1158 4089 1196 4148 ad
1219 4088 1283 4149 Att.

136 4177 195 4236 XII
214 4180 266 4251 21,
286 4179 314 4236 5.
364 4178 436 4239 Post
463 4177 573 4237 Lucilii
600 4196 720 4237 uersum
747 4170 864 4258 (incert.
884 4199 912 4236 n.
933 4170 1034 4257 1280)
1067 4196 1135 4236 cum
1164 4177 1223 4239 Cic.
1247 4179 1283 4239 de

136 4270 211 4326 orat
229 4267 261 4326 ll
281 4269 344 4327 254
376 4267 456 4327 idem
488 4286 580 4346 genus
616 4267 675 4326 ioci
711 4266 845 4345 ambigui
877 4266 984 4342 quibus
1019 4268 1180 4343 explicaret
1210 4269 1284 4328 haec

135 4356 247 4416 scribat
270 4351 316 4416 ‘nt
338 4359 408 4416 tuus
431 4358 557 4432 amicus,
585 4355 702 4430 Crasse,
733 4354 862 4415 Craniue
890 4351 973 4415 “non
997 4374 1059 4416 esse
1082 4353 1250 4418 sextantis’'
1263 4353 1283 4431 ',

136 4446 293 4522 suspiceris
314 4447 414 4507 iocum
435 4464 498 4506 esse
516 4465 551 4506 ex
569 4446 672 4507 eodem
691 4445 767 4506 libro
785 4445 893 4505 Lucilii
911 4445 1040 4522 petitum
1057 4446 1109 4506 sed
1126 4446 1282 4524 paululum
