3036 5004
561 370 636 424 xxx
655 388 683 424 u.
705 375 890 425 ioca-1011.
1237 373 1303 439 325

152 534 236 615 ‘quid
269 540 428 615 quaeritis,
459 535 604 599 iudicesP'
656 537 716 599 (110.
740 558 794 616 000
823 538 902 601 (lael.
923 541 978 600 25:
1010 541 1079 601 uide
1111 541 1150 601 ad
1181 543 1232 603 lib.
1246 543 1303 603 XV

150 630 269 689 u.515.

240 711 348 779 1007.
365 718 481 778 Nonius
500 739 529 795 p.
540 719 614 793 330,
629 720 648 777 4
669 715 845 794 ς1001111000,
864 719 1021 779 demittere
1036 720 1073 779 ad
1088 720 1301 796 prolixitatem.

148 807 282 868 Lucilius
314 807 365 867 lib,
384 807 466 865 XXX
494 802 613 885 “neque
633 854 639 867 .
656 854 661 864 .
678 855 683 867 .
703 804 838 868 istam''.’
891 809 1022 869 Barbato
1052 813 1150 870 rostro
1183 811 1303 871 uidetur

148 897 271 958 rediisse
294 899 433 958 maritus:
456 898 594 960 hortatur
616 899 724 958 mulier
746 901 781 957 ut
803 898 972 958 tondeatur.

241 979 346 1047 1008.
386 987 502 1047 Nonius
539 1007 567 1064 p.
592 989 709 1062 317,6
745 983 873 1048 ‘Gestire
909 990 954 1048 est
991 1007 1105 1065 cupere.
1166 989 1301 1050 Lucilius

148 1076 200 1137 lib.
214 1076 296 1136 XXX
312 1071 443 1151 “quouto
458 1122 465 1135 .
481 1123 487 1135 .
503 1122 510 1134 .
529 1071 665 1154 gestit''.'
703 1076 785 1137 Idem
799 1097 828 1153 p.
844 1079 918 1152 319,
935 1079 974 1137 16
992 1072 1132 1137 ‘Haurire
1150 1079 1301 1157 significat

148 1166 304 1225 exhaurire
335 1166 384 1225 uel
414 1167 546 1243 implere.
575 1166 779 1226 ...Lucilius
812 1167 863 1226 lib.
884 1167 966 1226 XXX
1000 1162 1170 1243 “errantum
1201 1171 1301 1230 aurire

147 1258 265 1315 animus
294 1274 447 1315 musarum
475 1259 501 1314 01
527 1256 622 1328 fonto
650 1251 787 1333 gestit”.'
823 1257 957 1333 Propert
975 1255 1022 1315 HI
1042 1258 1110 1333 3,5
1135 1252 1300 1335 ‘paruaque

146 1346 211 1404 tam
242 1346 360 1422 magnis
392 1345 546 1404 admoram
578 1345 711 1407 fontibus
743 1365 796 1406 ora
827 1344 906 1406 unde
934 1347 1022 1422 pater
1053 1347 1157 1407 0111000
1184 1347 1300 1408 Ennius

147 1437 217 1493 ante
244 1429 342 1494 bibit'.
388 1434 535 1495 Hesiodus
562 1434 672 1495 dicitur
699 1435 756 1494 ΑΡ
775 1434 836 1493 VH
855 1436 944 1511 55,5
978 1431 1064 1494 ἐννέα
1098 1433 1251 1497 Μουσέων
1283 1433 1299 1497 6

146 1520 277 1603 πρέσβυς
304 1527 447 1603 καθαρῶν
469 1522 648 1603 γευσάμενος
670 1523 809 1603 λιβάδων.
855 1524 981 1585 Locutio
1004 1526 1071 1601 ipsa
1094 1525 1213 1585 uidetur
1235 1545 1299 1586 esse

147 1614 299 1687 Enniana,
329 1597 399 1672 nur'n
425 1612 581 1674 Lucretius
610 1632 727 1690 quoque
754 1613 852 1674 1926
883 1609 966 1674 ‘auia
992 1613 1144 1674 Pieridum
1171 1634 1298 1695 peragro

145 1703 283 1763 loca...
301 1704 388 1762 iuuat
410 1704 543 1781 integros
565 1703 702 1763 accedere
724 1704 822 1765 100100
850 1705 940 1779 atque
968 1700 1108 1763 haurire':
1132 1706 1203 1764 0001
1218 1705 1297 1766 Pers.

146 1792 297 1872 prolog.1
323 1792 476 1853 quenalis
499 1792 535 1851 de
558 1795 648 1868 poeta
670 1792 730 1852 VH
749 1793 791 1852 58
820 1788 956 1869 ‘cupidus
980 1793 1125 1853 siluarum
1152 1797 1298 1871 aptusque

145 1881 281 1942 bibendis
309 1881 443 1942 fontibus
470 1877 633 1941 Aonidum’
661 1882 821 1963 (Maassius
844 1882 945 1942 Herm.
961 1882 1058 1942 XXXI
1078 1884 1163 1944 1896
1188 1904 1217 1960 p.
1233 1885 1296 1944 398

145 1964 250 2053 seqq).
300 1970 445 2032 Horatius
473 1990 558 2031 serm.
577 1971 609 2030 Π
629 1976 662 2045 1,
683 1974 722 2032 12
753 1966 919 2048 tapidum,
946 1974 1034 2049 pater
1060 1974 1186 2049 optime,
1217 1975 1297 2034 uires

146 2056 298 2121 deficiunt'
323 2063 409 2137 epist.
428 2061 458 2119 H
480 2065 508 2134 1,
528 2062 590 2120 257
616 2055 681 2121 ‘nec
703 2080 853 2122 sermones
876 2080 931 2141 ego
954 2061 1075 2121 mallem
1093 2053 1225 2140 repentis
1244 2083 1298 2140 per

145 2151 268 2210 humum
282 2169 373 2226 quam
386 2170 433 2210 res
448 2158 622 2226 componere
641 2153 740 2233 gestae
759 2198 765 2209 .
781 2197 787 2210 .
804 2197 810 2210 .
824 2153 851 2210 si
869 2155 1011 2224 quantum
1029 2170 1161 2225 cuperem
1179 2171 1296 2229 possem

146 2235 274 2317 quoque’
290 2239 325 2298 de
340 2241 471 2300 carmine
485 2241 582 2315 epioo:
597 2241 736 2302 similiter
750 2241 870 2300 uidetur
883 2239 991 2300 dixisse
1001 2239 1135 2301 Lucilius
1149 2243 1296 2302 sustinere

144 2331 263 2388 tantum
291 2330 370 2389 uires
396 2330 511 2407 ingenii
538 2349 598 2389 non
624 2347 712 2406 posse
738 2333 884 2407 quantum
912 2331 1028 2391 animus
1055 2330 1177 2390 haurire
1204 2333 1297 2410 gestit

144 2417 298 2478 Musarum
321 2438 336 2476 0
360 2417 500 2478 fontibus.
546 2417 677 2481 Neruam
701 2422 820 2494 poetam
842 2419 1001 2478 immodice
1024 2419 1130 2479 laudat
1146 2420 1296 2481 Martialis

145 2506 219 2565 VIII
239 2509 290 2582 70,
310 2509 328 2566 1
349 2499 480 2566 ‘cohibet
497 2508 576 2567 uires
594 2509 807 2587 ingeniumque
824 2507 928 2584 pudor.
966 2507 1041 2567 oum
1055 2510 1165 2568 siccare
1179 2528 1295 2569 sacram

143 2597 228 2674 largo
264 2596 451 2656 Permessida
486 2600 587 2673 posset
623 2616 682 2671 ore,
718 2596 916 2657 uerecundam
954 2597 1061 2656 maluit
1096 2616 1159 2658 esse
1191 2593 1294 2659 sitim’.

145 2687 246 2745 aurire
268 2686 428 2746 Muellerus
444 2685 618 2747 Leidensem
633 2689 751 2747 secutus
766 2679 885 2768 (austra
901 2686 1020 2746 Lucret,
1034 2686 1064 2744 V
1082 2688 1156 2764 516,
1179 2688 1294 2748 (1000110

145 2774 219 2835 (lato
243 2775 279 2834 de
302 2778 369 2854 agri
391 2775 461 2834 cult.
482 2776 533 2850 66,
547 2767 601 2857 ,2);
625 2777 677 2836 sed
699 2778 800 2854 posuit
822 2777 938 2837 Nonius
956 2795 1075 2837 uersum
1093 2778 1125 2835 in
1144 2777 1164 2835 h
1183 2777 1294 2837 littera.

236 2856 341 2925 1000.
360 2864 475 2925 Nonius
489 2886 517 2942 p.
534 2866 607 2939 373,
623 2868 641 2925 9
662 2860 848 2940 Ῥο0100000,
863 2866 943 2926 10000
957 2865 1071 2926 (100000.
1096 2912 1102 2924 .
1118 2913 1124 2924 .
1141 2913 1146 2924 .
1161 2865 1294 2927 Lucilius

143 2954 194 3013 lib.
209 2954 291 3012 XXX
320 2948 512 3030 “producunt
530 3003 536 3014 .
553 3000 581 3013 ..
605 2950 761 3034 cogunt''.'
811 2956 940 3015 Nonnisi
971 2958 1091 3016 coactus
1124 2955 1162 3015 ab
1190 2957 1293 3017 amicis

143 3045 252 3102 recitat
275 3062 329 3104 000
347 3045 460 3120 0001010
477 3043 621 3105 Horatius
640 3064 724 3105 serm.
744 3045 760 3103 Ι
779 3047 808 3119 4,
831 3047 885 3104 73:
907 3044 1058 3104 Lucilium
1076 3048 1187 3124 coguut
1205 3047 1294 3106 amici

142 3135 177 3192 ut
206 3151 264 3193 sua
294 3134 477 3194 demonstret
509 3134 536 3193 ei
567 3134 682 3194 homini
714 3154 801 3211 quern
829 3135 885 3194 hoo
916 3153 1004 3195 uersu
1033 3134 1166 3212 appellat
1195 3138 1293 3213 poete,

142 3223 238 3282 ueluti
257 3221 400 3298 Scipioni,
419 3242 507 3299 quem
525 3226 662 3302 gauisum
681 3242 744 3284 esse
763 3227 872 3284 saturis
890 3227 996 3300 poetae
1015 3224 1160 3285 Horatius
1178 3225 1293 3286 indicat

142 3312 272 3372 serm.H
294 3316 321 3386 1,
341 3314 381 3371 67
407 3331 473 3372 cum
496 3316 585 3392 neget
612 3333 682 3393 eum
707 3313 870 3374 acerbitate
897 3332 1018 3390 poeseos
1046 3333 1109 3375 esse
1139 3315 1292 3375 offensum.

142 3402 245 3463 Fuisse
268 3404 363 3480 igitur
385 3402 505 3461 uidetur
527 3403 579 3462 ille
602 3405 736 3479 quisquis
761 3405 820 3463 fuit
843 3421 1011 3463 sermonum
1038 3403 1125 3463 iudex
1148 3405 1291 3465 candidus

142 3491 262 3567 qualem
283 3491 435 3551 Tibullum
454 3491 558 3552 laudat
580 3491 724 3553 Horatius
743 3492 907 3569 0010114,
928 3496 954 3553 1.
996 3494 1104 3570 Itaque
1122 3494 1293 3568 producunt

141 3580 255 3641 indicat
273 3600 308 3640 er
326 3580 456 3642 cubiculi
474 3581 580 3642 umbra
596 3586 717 3659 poetam
736 3583 827 3642 fuisse
845 3579 1007 3642 adductum
1024 3584 1072 3643 uel
1091 3584 1123 3642 10
1142 3584 1292 3659 Scipionis

142 3670 220 3730 atria
242 3670 328 3729 10010
350 3673 381 3730 01
403 3670 516 3730 nobilia
538 3673 588 3731 uel
611 3673 735 3731 01100100
757 3672 886 3731 hominis
910 3672 1062 3751 elegantis.

233 3750 341 3820 1010.
369 3759 484 3820 Nonius
511 3763 699 3837 0.143,19
734 3757 880 3822 ‘Neminie
919 3764 1050 3838 positum
1083 3779 1137 3838 pro
1169 3761 1289 3822 nullius.

141 3891 193 3907 ...
211 3847 344 3907 Lucilius
359 3847 409 3907 lib.
423 3850 506 3907 XXX
526 3845 676 3910 “neminis
689 3853 837 3924 inperium
854 3897 860 3909 .
876 3896 882 3907 .
898 3897 904 3909 .
919 3844 1082 3926 oportet''.'
1120 3849 1290 3912 Priscianus

140 3935 191 3995 GL
210 3936 241 3995 H
263 3957 291 4013 p.
307 3940 381 4012 207,
401 3937 458 3997 51(
482 3934 626 3999 ‘Lucilius
648 3941 680 3998 in
703 3939 785 3998 XXX
805 3935 956 4000 “neminis
978 3941 1099 4019 ingenio
1117 3957 1290 4014 0000000000

140 4025 286 4086 confidere
305 4022 466 4103 oportet''.’
508 4028 601 4087 Nonii
618 4029 777 4088 lectionem
796 4029 930 4089 codicum
951 4029 1079 4089 editores
1097 4030 1177 4088 recte
1195 4032 1290 4095 secuti

139 4117 210 4175 sunt
238 4117 270 4174 in
298 4119 424 4184 1001000,
452 4117 599 4177 Prisciani
627 4119 660 4176 in
683 4117 817 4178 ablatiuo
840 4120 963 4193 1000010.
1009 4118 1144 4197 Nominis
1167 4120 1288 4198 ingenio

139 4207 257 4264 tantum
294 4205 440 4265 confidere
476 4209 594 4283 oportet
616 4210 762 4284 quantum
784 4211 850 4283 tuo,
887 4208 994 4282 amice,
1032 4208 1083 4283 qui
1117 4225 1148 4267 es
1176 4208 1289 4268 arbite‘r

139 4296 305 4354 carminum
330 4295 549 4356 subtilissimus.

231 4376 338 4446 1011.
357 4384 473 4445 Nonius
491 4406 519 4462 p.
537 4387 609 4462 175,
630 4387 671 4445 15
696 4381 827 4460 ‘simitu
845 4385 943 4444 simul.
984 4385 1116 4446 Lucilius
1140 4386 1190 4446 lib.
1205 4387 1287 4446 XXX

140 4467 264 4550 “gratia
297 4473 424 4535 habetur
451 4477 585 4552 utrisque
613 4475 675 4535 illis
703 4493 778 4551 0000
808 4476 865 4535 sibi
894 4493 969 4549 quoe
997 4470 1146 4538 simitu''.'
1195 4477 1287 4537 Recte
