3060 5010
568 373 657 428 XXVI
675 391 702 427 n.
723 378 873 432 obl-ooo.
1230 374 1297 439 239

149 545 271 621 exponit
289 544 308 602 l.
328 562 350 604 s.
369 564 397 621 p.
419 545 496 619 116,
524 544 623 620 qualis
651 545 731 604 extet
757 545 790 602 in
816 541 966 603 Ciceronis
994 542 1191 618 orationibus,
1218 543 1298 604 idem

152 633 257 693 cadere
279 636 311 692 in
333 633 412 694 hunc
434 632 544 693 Lucilii
566 652 686 693 uersum
708 634 901 693 manifestum
925 636 977 693 est.

238 715 322 784 653.
350 723 465 783 Nonius
488 743 517 800 p.
539 725 593 798 74,
613 724 654 782 23
691 718 920 797 ‘Aberruncare,
962 725 1096 782 auertere
1132 714 1298 804 (acuertere

148 813 178 871 L
197 832 236 871 m.
257 817 275 872 1
300 816 432 873 euertere
450 813 480 872 L
497 832 535 872 m.
554 815 577 872 2
592 804 634 892 G)
657 811 791 873 Lucilius
809 812 860 871 lih.
879 812 979 871 XXVI
1003 807 1059 870 “di
1076 814 1255 872 minuerint.
1272 859 1297 871 ..

149 903 390 962 oboruacossint
418 899 535 962 tuam”.
590 901 740 962 Pacuuius
772 902 859 962 Medo
891 895 971 983 (236
982 894 1023 983 R)
1062 897 1206 978 “possum
1243 921 1298 980 ego

148 994 238 1052 istam
261 994 359 1068 capite
383 993 497 1052 cladem
521 987 798 1052 auerruncasscre’'.
835 991 874 1049 M.
889 991 1007 1050 Tullius
1027 991 1064 1050 de
1082 991 1190 1051 finibus
1208 990 1299 1050 bono·

148 1102 215 1140 rum
238 1085 269 1141 et
290 1082 438 1142 malorum
462 1077 517 1141 “di
540 1083 709 1141 malumst
725 1081 849 1141 meliora
868 1083 959 1157 atquc
978 1081 1141 1140 amentiam
1159 1080 1297 1141 aberrun·

149 1173 262 1231 cassInt
283 1166 425 1230 meam”.'
472 1171 556 1230 Idem
578 1190 607 1247 p.
628 1172 701 1246 507,
722 1173 763 1229 24
788 1167 929 1231 ‘Monens
956 1189 1011 1247 pro
1038 1173 1197 1230 monueris.
1242 1171 1298 1230 Pa-

149 1262 254 1320 cuuius
270 1307 276 1319 .
292 1307 298 1319 .
315 1307 320 1319 .
335 1260 415 1320 idem
430 1259 542 1337 Chryse
557 1253 635 1343 (112
646 1253 687 1342 It)
704 1257 747 1318 ‘di
759 1262 909 1319 mouerint
923 1254 981 1342 (ita
994 1261 1040 1319 L:
1053 1261 1089 1319 de
1103 1261 1246 1320 minerint
1256 1253 1299 1341 G)

149 1345 295 1409 meliora'.
341 1349 468 1410 Versum
496 1349 620 1409 Pacuuii
646 1351 794 1428 trcgicum
824 1351 893 1410 huic
924 1349 1001 1409 libro
1033 1351 1139 1409 intth
1165 1349 1299 1409 Lucilius

149 1441 239 1499 sicuti
265 1439 342 1498 libro
369 1440 420 1498 lib.
439 1440 554 1498 XXVII
572 1440 684 1499 11736
714 1438 815 1499 Plauti
842 1439 1001 1500 comicum:
1026 1439 1152 1499 Pacuuii
1178 1458 1299 1499 uersum

150 1521 288 1611 (11211),
312 1548 400 1604 quem
423 1530 539 1589 Nonius
561 1529 626 1588 loco
650 1530 814 1606 posteriore
832 1531 920 1604 recte,
942 1528 1008 1588 loco
1026 1531 1125 1605 prlore
1144 1528 1199 1588 sub
1218 1527 1298 1588 6111-

150 1620 231 1678 ronis
253 1619 344 1677 titulo
367 1638 421 1695 per
443 1637 573 1678 errorem
595 1619 731 1695 protulit,
754 1618 880 1677 eundem
903 1617 1042 1677 exhibent
1059 1618 1156 1678 Varro
1175 1619 1211 1677 de
1229 1619 1249 1677 l.
1266 1617 1298 1676 L.

149 1708 208 1766 VH
229 1710 291 1767 102
315 1707 399 1767 Paul.
418 1707 497 1768 Fest.
516 1727 545 1784 p.
565 1708 684 1767 373111
706 1710 738 1766 in
760 1726 820 1784 quo
843 1709 966 1767 sustulit
988 1707 1121 1767 Lucilius
1144 1712 1230 1781 atque
1247 1726 1299 1766 uo·

149 1798 287 1858 cabulum
319 1799 443 1874 propter
474 1801 610 1857 metrum.
662 1797 806 1857 Finxerat
836 1797 894 1857 sibi
925 1800 1016 1874 poeta
1047 1797 1125 1858 sicut
1155 1797 1299 1857 Horatius

150 1887 333 1962 Trebatium,
354 1889 428 1946 item
451 1890 487 1946 ut
508 1887 628 1946 Persius
652 1888 905 1963 interlocutorum,
928 1889 992 1948 sine
1009 1906 1115 1946 nerum
1134 1889 1197 1948 sine
1216 1888 1299 1946 nullo

150 1980 215 2036 erat
236 1978 369 2036 nomine:
397 1977 468 2037 conf
483 1975 563 2037 Pers.
581 1977 597 2035 I
616 1978 658 2034 44
684 1972 831 2053 ‘quisquis
854 1996 898 2052 es,
926 1996 943 2036 o
967 1976 1054 2036 modo
1079 1996 1167 2053 quem
1190 1996 1225 2036 ex
1249 1977 1299 2036 ad-

150 2085 236 2125 uerso
260 2066 357 2126 dicere
380 2061 448 2126 feci’
469 2085 492 2125 e.
509 2087 536 2143 q.
551 2084 572 2125 s.
610 2066 669 2136 oui
691 2067 866 2126 dehortatur
888 2070 1007 2143 poetam
1031 2086 1068 2126 ne
1086 2067 1163 2127 tales
1181 2071 1299 2127 saturas

150 2157 277 2215 scribere
300 2158 407 2234 pergat
429 2175 517 2215 uersu
535 2157 651 2234 tragico
670 2175 740 2216 usus
759 2175 886 2232 eumque
903 2158 935 2216 in
954 2157 1147 2232 sequentibus
1165 2156 1299 2216 uersibus

150 2245 290 2305 describit
312 2249 468 2321 tamquam
492 2245 621 2303 alterum
644 2245 808 2305 Thersiten.

240 2326 322 2395 654.
346 2335 462 2394 Nouius
480 2354 508 2411 p.
529 2335 580 2408 88,
601 2335 642 2392 28
667 2330 933 2395 ‘Contemnificum
970 2334 1104 2395 Lucilius
1131 2335 1182 2393 lib.
1201 2334 1300 2394 XXVI

152 2420 230 2502 “ego
247 2471 252 2482 .
269 2471 275 2483 .
291 2471 297 2482 .
312 2418 580 2501 agamemnonis''.’
614 2422 762 2500 Loquitur
779 2423 858 2483 idem
876 2424 1009 2484 Achiuos
1028 2426 1113 2485 cuius
1131 2429 1177 2483 est
1190 2444 1218 2482 u.
1235 2424 1298 2483 655

150 2516 203 2589 qui
225 2515 373 2591 sequitur:
397 2515 450 2589 qni
467 2515 572 2572 narrat
590 2531 621 2572 se
640 2517 711 2574 tunc
730 2514 870 2573 similiter
888 2516 978 2591 atque
997 2512 1148 2573 Thersites
1167 2505 1207 2594 (B
1219 2506 1299 2592 225)

150 2622 249 2682 regem
282 2604 501 2679 contempsisse.
535 2603 670 2663 fastidire
701 2603 949 2682 Agamemnonis,
981 2606 1015 2662 ut
1037 2603 1088 2662 lib.
1108 2602 1168 2661 VH
1187 2623 1215 2660 u.
1235 2603 1299 2660 293

152 2688 333 2751 ‘fastidimus
356 2688 523 2766 bonorum',
546 2694 702 2771 genetiuus
725 2697 825 2752 tamen
849 2694 941 2752 etiam
964 2692 1002 2752 nd
1025 2693 1207 2751 adiectiuum
1225 2691 1300 2750 reic-

150 2785 235 2840 ratur
257 2784 382 2858 oportet.
421 2780 543 2841 Oonfert
564 2782 657 2841 uerba
679 2781 806 2842 Achillis
824 2782 984 2841 Muellerus
1001 2781 1089 2840 Hom.
1111 2773 1215 2862 I(IX)
1235 2782 1299 2840 378

151 2868 243 2950 ἐχθρὰ
266 2867 299 2930 δέ
322 2892 372 2948 μοι
394 2878 448 2930 rod
471 2870 562 2950 δῶρα,
584 2870 636 2931 τίω
660 2868 693 2931 δέ
710 2894 762 2949 μιν
780 2869 813 2932 ἐν
830 2869 921 2951 καρὸς
938 2870 1008 2956 αἴσῃ
1027 2874 1057 2930 11
1074 2870 1158 2930 Accii
1176 2870 1300 2947 Myrmi-

61 3030 62 3033 ,
151 2961 260 3020 donum
288 2964 498 3038 argumentum
524 2961 610 3040 tangi
637 2962 693 3020 hoc
718 2980 808 3021 uersu
835 2963 1012 3037 suspicatur.
1063 2961 1177 3020 Tamen
1204 2960 1300 3018 multo

151 3049 335 3126 probabilius
363 3051 441 3110 hunc
463 3072 491 3109 u.
515 3050 553 3110 ad
578 3049 703 3110 Pacuuii
731 3050 862 3128 Chrysen
889 3054 1023 3128 spectare
1052 3070 1112 3127 qua
1138 3052 1169 3108 in
1198 3050 1326 3116 fabula,

152 3143 272 3199 auctore
299 3139 421 3216 Hygino
445 3139 504 3200 fab.
526 3143 586 3199 121
612 3143 708 3199 rixam
730 3142 811 3200 111111
827 3140 976 3201 Achillem
999 3144 1030 3201 et
1047 3140 1301 3220 Agamemnonem

151 3232 284 3288 coortam
311 3232 435 3307 propter
462 3227 653 3306 Chryseidem
680 3234 834 3290 numatam
862 3231 953 3291 fuisse
980 3232 1118 3291 conicias.
1144 3262 1187 3272 —
1210 3233 1301 3288 mulc-

151 3321 288 3392 mnificus
311 3319 493 3379 adiectiuum
516 3320 688 3398 tragoediae
711 3323 757 3380 est
778 3324 815 3379 nt
836 3321 1074 3393 monstrificabile
1091 3340 1120 3379 u.
1142 3321 1214 3379 608.

241 3401 325 3470 655.
348 3409 464 3468 Nonius
482 3429 511 3486 p.
528 3412 601 3484 297,
618 3412 657 3468 12
679 3405 812 3485 Ἕ111111,
830 3409 963 3469 subdere.
987 3409 1120 3470 Lucilius
1138 3410 1189 3468 lib.
1201 3409 1301 3467 XXVI

153 3492 391 3576 “depugnabunt
406 3546 412 3557 .
429 3546 434 3558 .
451 3494 638 3559 .efferent’'.’
673 3498 816 3559 6111111111
834 3501 945 3577 ingerit
967 3499 1044 3559 idem
1066 3500 1200 3559 Achiuus
1223 3501 1300 3577 regi:

151 3589 219 3661 ipsi,
238 3588 353 3648 Achiui.
386 3588 520 3648 ldodeste
539 3589 613 3649 dicit
631 3589 846 3664 dqmpnobuat
870 3609 929 3648 non
952 3591 1191 3665 deamblare,
1215 3589 1302 3665 quasi

151 3677 359 3738 tantummodo
387 3678 469 3754 aliis,
496 3697 556 3739 non
583 3681 675 3738 etiam
703 3678 761 3738 sibi
788 3679 925 3738 consulat
951 3682 1060 3738 orator.
1107 3677 1196 3737 Color
1222 3677 1301 3737 idem

152 3759 445 3849 Hom.1(1x)321
472 3765 542 3828 οὐδέ
564 3767 594 3827 τί
615 3789 665 3845 μοι
687 3767 856 3847 περίκειται,
879 3765 942 3828 ἐπεὶ
964 3766 1067 3827 πάθον
1094 3764 1183 3847 ἄλγεα
1209 3771 1301 3849 θυμῷ

152 3851 217 3914 αἰὲν
239 3852 314 3933 ἐμὴν
336 3855 440 3935 ψυχὴν
462 3856 722 3936 παραβαλλόμενος
744 3857 918 3934 πολεμίζειν.
963 3857 1095 3917 Nonium
1118 3874 1216 3915 errare
1238 3857 1301 3915 iam

153 3943 297 4021 corpeus
320 3946 482 4004 intellexit:
509 3949 641 4023 pertinet
662 3949 722 4021 ipsi
743 3946 881 4023 inprimis
905 3945 943 4005 ad
965 3963 997 4006 sc
1017 3946 1094 4005 111111
1117 3947 1248 4019 efferent,
1269 3945 1301 4004 id

153 4037 207 4109 est,
230 4052 262 4093 se
284 4035 429 4111 sepelient
451 4037 545 4095 stulti.
1077 4096 1079 4098 ,

242 4116 326 4186 656.
358 4123 473 4184 Nonius
496 4146 524 4202 p.
546 4127 624 4201 158,
648 4129 686 4185 11
723 4122 907 4202 ‘Prospcrcri
939 4116 998 4205 (ite
1029 4123 1181 4185 Leidensis
1204 4144 1242 4183 m.
1268 4128 1301 4185 1:

147 4215 316 4288 prosfcrari
333 4216 411 4272 1112
440 4217 475 4273 ut
502 4212 754 4292 Guelferbytanus
781 4216 834 4291 qui
859 4215 1025 4288 profectori
1055 4215 1155 4290 prima
1185 4207 1301 4296 manu),

152 4305 306 4379 inpetrari.
356 4303 489 4363 Lucilius
516 4305 567 4363 lib.
586 4305 685 4364 XXVI
713 4300 791 4364 “nec
817 4306 937 4363 minimo
969 4308 996 4363 ct
1020 4300 1210 4381 prosserctur
1236 4324 1302 4379 pax

153 4395 230 4466 quod
256 4395 451 4453 ccssmcdrom
477 4396 559 4470 11911
587 4389 760 4468 deripua't’'.'
811 4393 940 4473 Egregie
958 4393 983 4452 L
1002 4397 1077 4453 m.1
1108 4396 1242 4454 seruauit
1269 4396 1301 4452 in

154 4482 292 4542 lemmate
316 4503 417 4543 ueram
440 4484 597 4544 lectionem
623 4504 712 4561 qnam
741 4485 914 4543 restituerat
937 4483 1069 4543 Guictns.
1115 4483 1300 4544 Vocabulum
