3036 5004
222 377 288 443 324
630 373 705 430 xxx
724 393 752 430 u.
773 378 956 430 roos-roca.

315 538 422 607 1001.
460 546 576 605 Nonius
612 566 640 623 p.
662 547 739 620 273,
764 547 804 604 27
843 540 1019 622 ‘Colligere‚
1056 544 1181 604 auferre.
1240 544 1378 604 Lucilius

223 637 274 696 lib.
288 637 371 696 XXX
399 630 485 695 “ruis
513 636 567 694 hoo
595 638 626 693 et
653 626 714 717 (est
740 627 784 716 L)
812 635 928 712 colligis
961 634 1061 693 omnia
1089 628 1240 693 furtim'’.'
1291 633 1378 693 Idem

223 748 251 804 p.
267 726 374 800 380,6
405 719 526 799 ‘Ruere,
557 726 669 783 irruere
701 724 765 782 sine
797 723 923 783 cautela.
974 723 1124 802 Vergilius
1156 722 1249 782 lib.X
1280 716 1377 805 (811)

224 811 317 891 “quq
335 815 487 889 moriture,
505 816 567 874 ruis
585 816 759 889 maioraque
773 812 888 872 uiribus
902 807 1037 872 audes?''
1075 812 1209 873 Lucilius
1228 813 1278 872 lib.
1293 813 1378 871 XXX

224 901 310 964 “ruis
331 898 551 962 ...furtim'’.'
597 903 670 972 Hoc,
694 921 748 979 pro
771 904 835 972 bac,
858 904 893 961 ut
915 919 971 976 qao
993 903 1058 961 ruis
1079 903 1113 960 in
1132 920 1220 960 uersu
1237 901 1377 981 Vergilii.

223 993 322 1053 Verba
344 995 414 1053 sunt
437 992 552 1053 domini
574 992 613 1051 ad
635 1010 755 1053 seruum
773 992 912 1051 infidum:
936 987 1074 1068 ‘cumque
1093 992 1163 1066 abii,
1186 993 1248 1050 ruis
1271 992 1328 1051 hcc
1347 996 1379 1050 et

224 1084 341 1160 colligis
365 1083 466 1142 omnia
488 1077 615 1141 furtim'.
662 1080 808 1159 Colligere
831 1080 1011 1141 uocabulum
1033 1082 1158 1159 uulgare
1182 1083 1213 1141 et
1231 1081 1378 1140 militare:
1454 1131 1458 1139 .

223 1173 327 1251 Veget.
352 1164 388 1231 de
417 1191 449 1231 re
476 1173 563 1231 milit.
582 1170 629 1230 III
649 1172 690 1230 25
720 1166 814 1247 ‘prior
841 1190 910 1249 ergo
939 1171 975 1229 de
1005 1173 1097 1231 caesis
1121 1170 1257 1230 hostibus
1280 1171 1379 1247 spolia

223 1265 339 1340 capiat,
373 1261 452 1337 quod
483 1260 542 1338 ipsi
574 1260 678 1321 dicunt
707 1255 856 1339 “colligat
887 1254 1070 1337 eampum'’.’
1113 1259 1189 1318 Non.
1209 1279 1238 1335 p.
1258 1261 1314 1334 87,
1334 1261 1377 1319 29

225 1347 399 1411 ‘conuasare
422 1351 532 1410 dicitnr
554 1351 635 1409 furto
654 1352 755 1410 omnia
778 1344 938 1427 colligere’:
961 1350 1031 1409 uide
1054 1350 1316 1409 111111111256.

315 1433 422 1501 1002.
445 1440 560 1500 Nonius
582 1460 611 1516 p.
628 1441 679 1514 35,
699 1440 744 1498 23Ἰ
766 1434 914 1518 ‘Nugator
941 1440 1029 1518 nugIs
1052 1438 1196 1498 turbator.
1243 1437 1379 1498 Lucilius

223 1531 275 1590 lib.
290 1530 372 1589 XXX
391 1524 503 1604 “quom
524 1575 573 1588 ...
592 1523 685 1589 uis''.'
727 1527 850 1588 Domini
873 1526 964 1586 uerba
982 1531 1052 1588 sunt
1070 1529 1123 1605 qui
1141 1546 1259 1586 seruum
1277 1527 1378 1587 uerbis

224 1621 360 1696 increpat
382 1610 476 1699 (Pers.
491 1619 519 1675 V
540 1610 618 1698 127)
646 1620 804 1697 negantem
831 1636 893 1677 sese
921 1616 1076 1676 dominum
1099 1635 1272 1694 agnoscere:
1298 1613 1379 1676 ‘mox

226 1710 298 1768 11111
320 1710 423 1782 ureris,
447 1726 537 1783 quom
560 1726 607 1765 me
630 1709 759 1785 nugator
781 1725 860 1766 nunc
883 1725 1058 1786 cognoscere
1081 1725 1141 1767 non
1163 1701 1230 1766 uis'.

317 1788 422 1857 1003.
452 1796 568 1855 Nonius
599 1816 628 1872 p.
649 1797 727 1872 283,
751 1797 792 1855 23
836 1790 975 1870 ε011111,
1017 1796 1200 1871 existimare,
1236 1795 1378 1854 iudicare.

296 1884 429 1945 Lucilius
462 1885 512 1944 lib.
527 1885 610 1943 XXX
637 1880 720 1944 “nou
749 1885 845 1945 datur.
896 1885 1031 1945 admittit
1062 1905 1165 1961 nemo,
1193 1904 1247 1944 nec
1275 1887 1379 1944 uiuere

226 1969 383 2035 ducunt''.'
442 1973 506 2044 Quo
543 1977 693 2052 pertineat
731 1993 848 2050 uersus,
891 1975 1077 2053 intellegitur
1113 1975 1223 2034 collato
1260 1974 1379 2034 Terent.

225 2065 333 2142 Hecyr.
360 2065 421 2123 185
442 2084 523 2141 seqq.
561 2060 682 2124 ‘accersi
719 2064 804 2125 iubet
828 2112 833 2123 .
855 2111 886 2123 ..
912 2082 998 2125 nemo
1035 2064 1158 2124 remisit.
1216 2066 1379 2140 postquam

226 2157 381 2216 accersunt
403 2157 534 2232 saepius,
562 2173 684 2233 aegram
711 2174 774 2215 esse
802 2154 945 2214 simulant
971 2155 1135 2213 mulierem.
1181 2157 1284 2213 nostra
1306 2153 1379 2212 ilico

226 2245 252 2305 it
277 2247 373 2305 uisere
407 2244 445 2303 ad
476 2263 555 2303 eam:
588 2243 711 2303 admisit
734 2239 841 2302 'nemo'
883 2243 942 2304 (lic.
966 2244 997 2302 iu
1024 2242 1152 2303 Verr.V
1171 2244 1227 2318 35,
1247 2243 1288 2302 93
1321 2238 1380 2302 ‘ita

227 2337 292 2394 1111
314 2352 418 2394 seuera
441 2333 522 2393 domi
544 2333 712 2411 disciplina,
734 2335 769 2392 ut
792 2333 877 2391 inre
905 2336 992 2392 tenta
1021 2335 1052 2391 et
1074 2336 1137 2391 tam
1161 2333 1248 2411 graui
1270 2334 1379 2391 nuntio

227 2443 312 2483 nemo
345 2418 573 2482 admitteretur’.
623 2423 730 2500 Itaque
762 2422 835 2482 baec
867 2423 928 2482 fere
960 2421 1175 2482 antecedebant
1207 2416 1379 2498 ‘aditusque

226 2514 347 2591 roganti
364 2532 424 2572 non
443 2513 539 2573 datur.
575 2511 720 2571 Admittit
735 2531 831 2586 nemo,
850 2531 904 2571 nec
917 2514 1019 2571 uiuere
1034 2506 1165 2571 ducunt'.
1203 2511 1379 2570 Subiectum

227 2621 292 2662 eum
319 2601 516 2678 supplendum
545 2605 610 2661 erat
640 2619 675 2660 ex
703 2600 943 2661 antecedentibus
967 2593 1150 2682 (Draegerus
1172 2604 1288 2678 syntax.
1307 2602 1379 2662 hist.

227 2692 246 2751 l.
265 2691 331 2750 Lat.
351 2691 382 2750 Π
404 2690 440 2750 11
467 2691 498 2749 Π
520 2711 549 2766 p.
566 2683 653 2772 440).
704 2691 899 2750 Arbitrantur
925 2692 1067 2750 maritum
1097 2692 1209 2767 perisse
1236 2693 1268 2749 in
1291 2693 1379 2750 mari

319 2772 424 2842 1004.
447 2780 563 2840 Nouius
586 2799 614 2856 p.
631 2781 738 2855 278st
763 2775 944 2857 ‘Delenitus
975 2781 1147 2840 delectatus.
1172 2779 1380 2840 ...Lucilius

227 2871 279 2930 lib.
293 2870 376 2928 XXX
410 2864 602 2945 “praesemit
635 2869 720 2929 labra
746 2870 843 2929 delicit
869 2869 982 2929 delenit
1013 2863 1160 2928 amore''.'
1210 2872 1383 2943 praeserere

227 2959 406 3020 uocabulum
429 2958 616 3018 Plautinum:
639 2959 789 3035 Amphitr.
811 2960 872 3018 126
899 2955 945 3017 ‘ut
966 2961 1151 3035 praesemire
1174 2959 1288 3018 amanti
1311 2977 1380 3017 meo

227 3068 345 3126 possem
368 3043 473 3124 patri':
497 3047 582 3107 labra
601 3047 720 3122 dclicpit
737 3048 901 3109 Turnebus.
942 3048 1114 3108 Athenaeus
1134 3047 1210 3106 VIII
1233 3069 1261 3125 p.
1278 3047 1379 3107 3630

229 3132 445 3213 ...Ἔφιππος
472 3133 504 3196 ἐν
530 3140 571 3219 τῷ
599 3133 823 3220 ἐπιγραφομένῳ
852 3137 977 3216 δράματι
998 3130 1142 3216 Ἐμπολή·
1172 3134 1239 3218 περί
1261 3135 1380 3216 ἑταίρας

229 3225 261 3287 δέ
284 3247 363 3299 τινος
387 3223 462 3306 λέγει
480 3218 580 3307 (GAF
598 3225 630 3284 Π
648 3246 675 3302 p.
692 3228 765 3300 254,
785 3219 866 3307 6Κ)·
890 3224 987 3286 ἔπειτά
1005 3220 1028 3306 γ’
1046 3220 1172 3305 εἰσιόνί,
1194 3223 1247 3286 έὰν
1266 3227 1376 3287 λυπού·

228 3338 316 3395 μενος
337 3314 410 3399 τύχῃ
432 3337 476 3387 τις
498 3309 594 3392 ἡμῶν,
615 3312 806 3375 ἐκολάκευσεν
824 3311 928 3394 ἡδέως,
950 3312 1090 3393 έφίλησεν
1109 3314 1174 3396 cdxl
1192 3312 1380 3394 συμπιέσασα

228 3404 260 3466 τὸ
293 3402 385 3481 στόμα
410 3402 506 3482 ὥσπερ
533 3400 689 3482 πολέμιον,
716 3401 788 3464 ἀλλὰ
810 3409 886 3464 τοῖσι
913 3405 1083 3485 στρουθίοις
1111 3400 1234 3485 χανοῦσ’
1259 3401 1382 3484 ὁμοίως,

231 3485 293 3572 ἧσε,
307 3491 551 3572 παρεμυθήσατο,
565 3490 686 3571 ἐποίησέ
699 3486 732 3553 θ’
744 3492 845 3575 ἱλαρόν
860 3497 918 3553 κτλ.
933 3494 1046 3554 deleuit
1059 3513 1158 3554 amore
1173 3491 1271 3574 θέλγει
1285 3491 1380 3573 ἔρωτι.

321 3575 427 3643 1005.
459 3582 575 3643 Nouius
612 3604 639 3660 p.
656 3583 790 3656 330,16
829 3578 945 3643 ‘Induci
981 3587 1027 3643 est
1062 3583 1212 3660 aliquibus
1249 3582 1381 3644 fallaciis

229 3672 334 3750 decipi.
379 3671 512 3732 Lucilius
535 3672 587 3732 lib.
601 3672 683 3732 XXX
708 3666 804 3748 “quid
828 3674 998 3749 quaerimus
1022 3691 1088 3732 core
1110 3672 1264 3732 inductum
1288 3676 1383 3732 cantu

230 3761 410 3822 custoditum
435 3752 594 3843 (stoditum
614 3763 643 3823 L
660 3754 794 3842 m.1)'’.'
836 3761 941 3839 Neque
959 3767 1047 3822 111111
1065 3762 1162 3822 111111
1180 3762 1264 3822 uolui
1282 3781 1382 3838 neque

230 3871 296 3912 ccrc
318 3850 497 3911 uocabulum
520 3870 665 3929 spernere.
706 3849 791 3919 Quod
809 3850 914 3910 Horat.
934 3870 1024 3911 carm.
1043 3851 1059 3910 Ι
1079 3855 1165 3928 12,1
1193 3847 1266 3911 ‘aeri
1289 3848 1380 3911 tibia'

230 3941 319 4015 dixit,
350 3959 529 4019 magnopere
553 3941 630 4017 quod
658 3939 764 4000 laudat
791 3939 914 4009 Quintil.
933 3941 1008 3999 VIII
1028 3944 1060 4015 2,
1082 3944 1114 4016 9,
1146 3941 1229 4022 λιγνύς
1260 3939 1383 4020 λιγυρός
1501 4009 1504 4015 ,

231 4030 375 4091 Graecum
398 4033 528 4091 sectatus
550 4030 670 4090 uidetur
693 4048 769 4089 esse:
796 4029 930 4090 Lucilius
952 4029 1044 4089 uerba
1066 4030 1190 4090 Homeri
1213 4053 1234 4108 μ
1257 4032 1300 4090 44
1325 4034 1383 4107 qui

230 4118 266 4178 de
295 4119 447 4179 Sirenibus
479 4116 552 4179 ἄλλοί
582 4140 613 4180 τε
635 4122 778 4198 Σειρῆνες
808 4121 913 4202 λιγυρῇ
946 4116 1105 4199 θέλγουσιν
1136 4116 1225 4204 ἀοιδῇ
1257 4119 1383 4181 uidetur

231 4227 293 4269 esse
314 4212 444 4269 secutus:
468 4210 539 4269 conf
554 4232 575 4287 μ
591 4209 653 4268 183
673 4207 804 4267 Kaibelii
823 4207 925 4287 Epigr.
946 4208 995 4268 01.
1011 4211 1074 4269 582
1095 4204 1113 4286 ἡ
1132 4207 1208 4269 πολὺ
1222 4209 1383 4291 Σειρήνων

231 4294 409 4377 λιγυρωτέρη
432 4302 490 4357 κτλ.
535 4298 639 4374 Neque
662 4298 835 4357 custoditum
862 4300 920 4357 erit
942 4297 1149 4375 temptandum
1172 4297 1320 4375 siquidem
1344 4302 1384 4362 de

231 4387 319 4445 Vlixe
338 4389 440 4464 agitur
458 4389 511 4464 qui
529 4405 560 4447 se
578 4387 685 4447 uinclis
703 4387 777 4447 bene
797 4387 956 4465 alligatum
974 4387 1012 4448 11
1025 4387 1139 4446 melum
1153 4389 1385 4451 custodiendum

231 4474 398 4536 tradiderat
429 4478 524 4538 sociis.
557 4509 599 4518 —
631 4477 702 4551 qaid
729 4475 919 4551 quaerimus?
941 4479 961 4536 i.
976 4496 1000 4536 e.
1028 4476 1067 4536 ad
1098 4495 1258 4554 summam,
1290 4481 1387 4542 1111111
