3060 5010
212 358 255 425 84
668 357 738 413 vc.
760 364 910 418 155-555.

210 530 250 589 M.
264 528 365 589 Aurel.
379 529 422 588 XI
441 529 492 588 33.
537 529 644 606 Itaque
673 531 801 588 recentis
827 528 899 590 ficos
926 547 1000 606 quos
1027 529 1154 606 propola
1176 549 1286 588 uenum
1310 529 1363 589 dat

212 621 338 696 apparet
364 619 511 697 gratiores
544 636 607 678 5555
635 637 725 695 quam
753 620 846 678 siccas
879 621 909 678 et
938 636 1057 695 pressas
1085 611 1296 700 (Blnemnerus
1324 619 1363 678 ad

212 708 342 769 edictum
373 707 555 769 Diocletiani
587 708 631 767 VI
655 710 696 767 84
720 728 749 784 p.
771 701 863 790 102):
900 709 1086 786 gratissimas
1122 711 1153 767 et
1183 708 1215 766 in
1248 708 1362 768 deliciis

210 797 330 858 habitas
353 800 465 876 primas
489 815 621 875 quasque
649 799 811 857 recentium
839 797 965 858 oblatos.
1011 797 1141 875 Propola
1163 800 1198 856 ut
1220 799 1362 876 prologus

212 890 352 966 prspino:
383 907 426 963 pr
461 889 630 947 litterarum
671 888 797 947 obserua
832 887 1136 963 homoeoprophoron.
1195 889 1281 946 5155511
1317 886 1363 946 bis

211 977 357 1037 uaditum
385 996 432 1055 ap.
447 977 578 1037 Nonium
604 978 668 1037 noli
695 978 840 1037 euertere:
868 994 931 1036 5555
958 976 1137 1036 uocabulum
1164 976 1280 1035 Lucilio
1308 994 1362 1052 pro

212 1067 331 1144 dactylo
349 1066 398 1127 hic
416 1068 499 1127 locus
517 1068 630 1127 suincit
648 1065 760 1144 duplici
778 1068 860 1125 nisus
879 1068 1059 1141 testimonio,
1083 1064 1199 1125 accedit
1215 1065 1266 1125 lib.
1280 1066 1363 1125 XXX

212 1158 342 1217 51039
367 1157 674 1217 5115551151998
703 1155 757 1215 ubi
782 1155 865 1215 Festi
893 1156 1067 1233 apographa
1096 1155 1176 1214 idem
1199 1157 1362 1215 testantur:

212 1247 346 1306 seruauit
367 1247 453 1305 5155511
475 1244 621 1306 traditum
644 1245 763 1305 Lucret.
777 1244 824 1303 ΠΙ
842 1245 907 1304 814
926 1245 1117 1321 Bemaysius,
1141 1264 1228 1321 quem
1246 1245 1362 1305 mireris

211 1335 325 1396 11536
355 1354 422 1394 cum
449 1334 640 1396 Lachmanno
667 1336 819 1411 scripsisse
846 1337 922 1395 51551
947 1325 1001 1417 (ad
1024 1335 1141 1394 Lucret.
1160 1355 1189 1411 p.
1206 1326 1284 1416 106)
1307 1352 1363 1410 pro

210 1427 297 1485 515511
319 1425 399 1500 quod
421 1424 560 1485 traditur.

303 1505 386 1576 200.
414 1514 585 1575 Priscianus
613 1511 668 1573 GL
687 1513 718 1572 H
736 1534 764 1591 p.
780 1515 859 1588 502,
884 1513 967 1574 1οΚ
996 1509 1141 1573 ‘Lucilius
1172 1532 1244 1572 uero
1276 1513 1308 1571 in
1335 1512 1363 1569 V

214 1598 338 1663 “deficit
357 1649 362 1660 .
379 1649 385 1661 .
402 1650 408 1662 .
427 1599 579 1679 potitur'’‚
601 1602 762 1664 secundum
792 1605 931 1680 quartam
954 1603 1195 1681 coniugationem
1217 1602 1364 1680 producta

211 1692 395 1769 paenultima
422 1687 570 1768 protulit’.
622 1692 725 1753 Sermo
757 1695 803 1753 est
834 1694 978 1752 conuiuae
1009 1694 1122 1752 rustioi
1176 1692 1295 1752 Patron.
1319 1693 1362 1749 44

214 1777 312 1842 ‘nemo
335 1783 422 1840 curat
444 1780 517 1859 quid
540 1800 658 1842 annona
676 1781 800 1842 mordet.
842 1781 910 1841 Non
933 1781 1114 1842 mehercules
1132 1781 1221 1841 hodie
1239 1781 1363 1840 buccam

212 1871 300 1948 panis
339 1871 472 1930 inuenire
509 1871 603 1947 potui.
657 1872 698 1933 111
733 1870 881 1948 quomodo
913 1871 1032 1932 siccitas
1063 1873 1242 1947 perseuerat.
1297 1870 1363 1930 Iam

214 1979 326 2019 annum
349 1961 474 2020 esuritio
497 1955 577 2020 fuit'.
623 1960 712 2020 Liber
735 1964 765 2020 et
787 1960 868 2020 alma
892 1958 979 2020 (leros
1001 1959 1113 2039 Vergil.
1133 1979 1233 2039 georg.
1252 1960 1268 2018 I
1289 1963 1316 2019 7.

303 2041 386 2110 201.
410 2049 533 2110 Seruius
552 2052 657 2111 auctus
676 2051 713 2110 ad
732 2049 860 2128 Vergilii
878 2069 977 2129 georg.
996 2049 1012 2107 I
1032 2051 1095 2109 966
1121 2045 1250 2111 ‘lisuino
1269 2068 1362 2128 genus

213 2141 259 2200 est
293 2138 389 2214 uasis,
425 2138 458 2198 id
487 2141 533 2200 est
564 2139 702 2200 corbulae
733 2140 833 2200 breuis
864 2158 939 2216 quas
970 2139 1126 2217 perfenmt
1158 2139 1209 2217 qui
1241 2139 1363 2199 arbusta

212 2228 407 2289 uindemiant.
448 2228 581 2288 Lucilius
599 2231 631 2288 in
650 2229 756 2307 quinto
776 2225 904 2289 “fiscina
921 2229 1023 2289 fallaci
1042 2224 1205 2290 cumulo’'.’
1243 2228 1364 2289 Piscina

212 2318 315 2379 fallaci
342 2319 461 2379 cumulo
489 2319 653 2379 frustatur
684 2321 829 2397 agrestas,
862 2338 929 2378 cum
961 2319 1070 2378 nimius
1102 2338 1189 2379 umor
1217 2317 1363 2378 imbribus

213 2407 330 2468 delatus
361 2408 507 2468 luxuriari
539 2407 611 2469 fecit
642 2408 719 2469 uites
751 2407 982 2468 innumerabiles
1012 2427 1088 2468 uuas
1121 2426 1279 2487 procreans
1311 2407 1363 2468 sed

212 2516 309 2575 neque
336 2497 438 2558 dulces
465 2517 562 2575 neque
589 2498 628 2557 ad
656 2499 759 2557 uinum
786 2498 884 2558 511155.
929 2496 975 2556 De
1003 2497 1149 2557 uocabulo
1176 2498 1273 2573 fulloc
1295 2497 1366 2557 conf

214 2585 296 2646 Seru
317 2587 354 2647 ad
373 2586 695 2667 Verg.georg.1195
720 2583 873 2662 ‘prandior
900 2590 936 2646 ut
961 2587 1040 2648 fetus
1063 2587 1182 2665 siliquis
1204 2586 1361 2646 fallacibus

213 2671 316 2756 esset’]
345 2672 528 2753 ‘fallacibus
558 2696 634 2754 quae
662 2677 767 2736 fallere
793 2677 968 2753 plerumque
991 2679 1183 2736 consuerunt:
1212 2676 1362 2735 interdum

213 2767 293 2825 enim
316 2766 451 2843 folliculi,
475 2785 541 2826 cum
564 2767 667 2827 inanes
690 2767 760 2843 sint,
782 2766 908 2827 maiores
931 2761 1092 2826 uidentur'.
1136 2765 1194 2826 Oic.
1209 2765 1290 2825 Lael.
1312 2769 1362 2840 19,

214 2856 255 2915 68
290 2850 336 2915 ‘ut
371 2859 527 2933 tamquam
562 2858 594 2916 in
629 2855 729 2917 herbis
765 2875 824 2916 non
861 2854 1019 2914 fallacibus
1051 2856 1165 2915 fructus
1198 2850 1362 2932 adpareat'.

214 2944 417 3019 111511Π1,
439 2947 478 3004 19
500 2941 568 3005 ‘neu
592 2964 676 3024 seges
699 2944 802 3006 eludat
823 2962 948 3005 messem
971 2944 1128 3005 fallacibus
1151 2939 1271 3004 herbis’.
1317 2942 1362 3002 De

213 3034 332 3093 cumulo
362 3034 445 3094 Paul.
465 3054 500 3093 ex
527 3034 615 3095 Festo
638 3055 667 3112 p.
685 3037 725 3094 14
755 3030 935 3095 ‘auctarium
963 3034 1103 3094 dicebant
1134 3035 1252 3110 antiqui
1282 3031 1363 3109 quod

213 3141 302 3199 super
339 3142 507 3183 mensuram
543 3125 592 3183 uel
627 3124 742 3200 pondus
777 3125 892 3184 iustum
928 3123 1125 3202 adiciebatur,
1160 3125 1196 3182 ut
1227 3122 1362 3181 cumulus

213 3214 340 3272 uocatur
361 3215 394 3271 in
417 3209 537 3272 modio'.

303 3292 385 3361 202.
408 3301 523 3361 Nonius
537 3322 566 3378 p.
582 3304 656 3377 497,
678 3305 714 3361 11
734 3298 942 3363 ‘Accusatiuus
960 3304 1076 3379 positus
1093 3320 1148 3378 pro
1163 3301 1307 3360 ablatiuo.
1320 3347 1325 3359 .
1338 3347 1361 3360 ..

212 3388 292 3448 idem
314 3389 365 3450 lib.
380 3389 408 3446 V
433 3386 571 3452 ‘Laeuius
591 3387 792 3470 .fun..gi''.'
833 3392 967 3452 Laeuius
985 3391 1138 3452 Leidensis
1156 3391 1249 3451 habet
1265 3410 1362 3468 neque

213 3482 259 3539 est
282 3479 363 3556 quod
385 3478 423 3539 ab
447 3482 510 3540 eius
536 3481 707 3541 recedamus
735 3482 891 3558 scriptura.
937 3481 1017 3541 Nam
1043 3481 1167 3540 Laelius
1197 3499 1285 3558 quem
1309 3482 1362 3540 alii

212 3567 289 3628 oodd
312 3567 452 3628 exhibent
473 3570 530 3629 hoc
551 3569 618 3630 loco
641 3590 700 3630 non
718 3589 833 3647 pauper
850 3572 910 3629 fuit
928 3571 980 3631 sed
997 3569 1141 3630 mediocri
1157 3589 1190 3629 re
1208 3569 1362 3646 praeditus

213 3648 373 3738 (Apuleius
401 3658 437 3718 de
464 3677 542 3737 mag.
562 3678 625 3736 cap.
646 3652 703 3741 20)
732 3678 827 3737 neque
854 3658 958 3720 Aelius
985 3660 1071 3720 cuius
1099 3660 1216 3718 familia
1247 3659 1362 3719 incluta

214 3749 279 3806 crat
301 3750 477 3825 paupertate
495 3767 550 3808 sua
568 3748 624 3808 hoc
644 3749 709 3809 loco
728 3751 841 3828 poterit
858 3750 963 3808 inferri
981 3741 1063 3829 (Vel.
1078 3743 1154 3808 Mar.
1169 3748 1213 3807 IV
1233 3751 1262 3823 4,
1281 3750 1310 3808 8.
1327 3742 1361 3832 9)

213 3855 308 3912 neque
321 3837 458 3897 11555155
471 3837 607 3898 sordidus
621 3831 738 3921 (insert.
753 3860 781 3898 ιι.
794 3832 902 3920 1912).
935 3837 1064 3898 Laeuius
1077 3840 1167 3914 poeta
1180 3838 1362 3898 clarissimus

212 3945 284 3985 num
320 3926 398 3986 idem
435 3929 525 4005 alque
561 3927 610 3987 hic
639 3929 731 3989 firerit
757 3930 917 3989 nescimus:
950 3928 1070 3987 uidetur
1101 3930 1260 3988 memorari
1292 3946 1360 3988 con·

213 4017 285 4075 uina
307 4015 448 4094 ignobilis
471 4016 588 4077 Lucilii.

303 4096 385 4167 203.
408 4105 525 4166 Nonius
548 4127 583 4167 ex
605 4109 802 4187 grammatico
820 4127 849 4184 p.
865 4108 938 4183 445,
959 4110 999 4166 27
1026 4103 1167 4167 ‘Multum
1186 4108 1308 4169 5155115
1328 4125 1362 4166 eo

213 4193 328 4253 (1151551
350 4195 553 4257 Lucilius
580 4196 630 4256 lib.
650 4196 678 4253 V
703 4192 797 4256 “nam
817 4199 959 4256 ..55115
987 4216 1049 4257 5555
1072 4199 1152 4272 potis
1179 4214 1240 4257 5555
1267 4189 1361 4277 (potis

213 4299 289 4341 55555
310 4281 463 4343 Leidensis
486 4306 524 4343 m.
541 4279 576 4366 1)
598 4286 725 4363 potisset
744 4332 750 4343 .
766 4331 772 4343 .
789 4333 794 4345 .
813 4288 886 4346 55111
915 4287 1032 4363 explere
1055 4286 1167 4363 petisse
1190 4278 1250 4367 (115
1273 4284 1361 4345 Guel-

214 4369 401 4447 ferbytanus:
420 4391 508 4448 posse
529 4367 742 4456 Leidensis)''.'
789 4376 869 4434 Polis
891 4392 951 4435 esec
974 4375 1013 4434 ad
1030 4378 1139 4450 petisse
1161 4394 1190 4433 u.
1207 4376 1270 4436 205
1294 4394 1362 4434 oum

213 4462 245 4519 in
266 4463 401 4539 margine
424 4463 567 4539 scriptum
595 4464 687 4523 fuerit
712 4464 813 4541 glossa
842 4467 872 4522 in
897 4465 1069 4541 archetypo,
1098 4483 1151 4540 per
1173 4483 1304 4524 errorem
1327 4482 1362 4523 ea
