3036 5004
527 389 742 444 XXVI-xxix
760 407 787 443 u.
808 394 957 444 seo-cca.
1253 391 1320 455 313

169 557 260 616 bilius
283 575 375 633 qnam
398 559 537 618 senarios.
585 558 726 619 Sermone
749 560 894 619 castrensi
916 563 1012 620 utitur
1035 562 1124 638 poeta
1148 560 1245 636 qualis
1259 562 1320 643 ‘est

163 648 286 721 prodire
312 650 345 706 ies
373 648 478 717 allum,
505 649 649 722 proeliari
675 650 729 708 sub
760 652 849 709 uilem
876 651 988 723 procul.
1040 650 1146 710 Psocul
1178 649 1320 725 proeliari

169 738 331 812 posteriore
354 740 453 797 aetate
477 739 523 797 est
545 741 659 798 enicas
676 757 813 813 pespnere
836 732 1250 820 (Ceos.b.c.126,1).-
1264 740 1319 798 sab

168 827 257 884 alten
279 827 452 903 scripsimus
476 828 636 887 secundum
660 827 803 887 lemmata
825 828 913 887 Pauli
937 832 967 888 et
985 828 1067 890 Festi
1090 831 1121 887 et
1141 826 1219 887 illud
1238 827 1320 903 quod

168 914 319 975 antecedit
349 917 403 976 sub
435 919 524 976 ratem
554 918 655 977 hostes
682 920 776 978 iecere
808 922 839 977 et
871 917 949 993 quod
982 920 1118 994 sequitur
1145 916 1233 977 Pauli
1264 918 1319 976 sub

169 1008 288 1064 niceam
305 1008 407 1065 iecere.
443 1006 555 1066 Milites
574 1026 627 1084 per
644 1009 743 1069 iocum
761 1009 880 1067 cineam
893 1007 1087 1084 appellabant
1100 1009 1197 1075 ιιὶιιιιι,
1216 1009 1320 1066 contra

168 1095 262 1154 uitem
285 1095 466 1155 centurionis
489 1098 623 1155 cineam:
645 1097 717 1155 conf
736 1097 814 1157 Fest.
834 1099 865 1156 et
882 1096 965 1156 Paul.
985 1097 1004 1155 l.
1024 1115 1047 1156 s.
1067 1114 1088 1156 s.
1114 1092 1181 1155 ‘sub
1200 1098 1319 1156 uineam

168 1186 264 1244 iacere
279 1183 420 1243 dicuntur
433 1185 545 1245 milites
559 1204 626 1244 cum
640 1185 809 1246 astantibus
823 1186 1046 1246 centurionibus
1059 1188 1157 1246 iecere
1171 1188 1320 1264 coguntur

145 1268 276 1333 *sudesh
314 1272 393 1334 Gonf
408 1274 447 1332 ad
464 1276 568 1334 incert.
588 1295 615 1333 ιι.
637 1277 731 1334 1349.

257 1354 342 1423 961.
366 1362 537 1424 Pnscienm
556 1362 606 1423 GL
625 1364 703 1442 Hp.
724 1366 797 1439 338,
817 1364 874 1425 21(
898 1360 1042 1424 ‘Naeuius
1065 1365 1242 1424 neutraliter
1264 1364 1320 1423 hoc

169 1451 304 1511 Samnite
326 1452 454 1529 protulit
475 1455 507 1512 in
530 1456 661 1514 carmine
684 1454 756 1513 belii
778 1454 891 1514 Punici.
930 1454 967 1513 ad
988 1455 1072 1514 cuius
1091 1453 1320 1514 similitudinem

169 1541 258 1600 debet
289 1535 368 1602 “hoc
399 1536 486 1602 dite''
519 1543 587 1602 dici.
612 1543 828 1604 ...Lucilius
858 1546 960 1604 tamen
998 1538 1183 1622 “oiporpalltg
1220 1543 1320 1602 oleum

170 1625 317 1690 Casinas’'
342 1650 395 1707 pro
420 1628 580 1693 Casinate’.
618 1630 724 1692 Oleum
747 1636 813 1711 egri
837 1632 986 1694 Casinatis
1009 1636 1044 1692 nt
1067 1635 1214 1710 optimum
1241 1652 1319 1693 com-

169 1719 323 1780 mendauit
341 1721 438 1782 Varro
460 1740 515 1781 rer.
535 1722 615 1781 hum.
634 1722 678 1781 XI
691 1742 738 1799 ap.
752 1723 881 1782 Macrob.
897 1723 1017 1782 Saturn.
1032 1722 1078 1782 III
1095 1724 1206 1796 16,12
1232 1741 1320 1799 quem

168 1809 266 1869 locum
289 1811 394 1870 attulit
417 1811 525 1871 Dousa.
573 1807 662 1871 ‘Flos
684 1808 749 1872 olei'
774 1811 852 1889 quod
877 1813 1047 1889 appellatur
1070 1811 1100 1870 in
1124 1811 1222 1870 edicto
1245 1811 1318 1870 Dio-

168 1899 291 1958 cletiani
309 1899 390 1958 1111
418 1900 516 1960 oleum
539 1900 686 1977 optimum
710 1905 740 1960 et
762 1902 1011 1978 pretiosissimum
1033 1901 1151 1977 Latine,
1174 1900 1253 1959 idem
1276 1900 1320 1959 ibi

168 1986 279 2049 Graece
302 1992 348 2050 est
370 1987 469 2050 ἔλαιον
492 1985 675 2067 ὀμφάκινονε
699 1991 779 2068 quod
802 2011 838 2050 ex
861 1991 927 2050 oleo
951 1991 1047 2050 adhuc
1074 1992 1228 2050 inmatura
1255 1989 1320 2050 lieri

168 2077 255 2138 docet
272 2078 389 2137 Plinius
408 2082 468 2138 nat.
487 2079 556 2139 hist
575 2080 634 2138 XII
650 2082 714 2140 130
733 2081 788 2139 XV
804 2084 833 2142 9.
865 2081 948 2140 Idem
967 2081 1065 2140 oleum
1080 2079 1192 2140 Graece
1211 2079 1321 2139 dicitur

168 2163 329 2245 ὠμοτριβὲς
348 2162 557 2250 (Binemnerns
576 2169 615 2228 ad
634 2169 678 2229 ed.
697 2170 794 2230 Diocl.
812 2190 841 2247 p.
863 2173 912 2229 71.
934 2163 990 2252 79)
1010 2168 1091 2246 quod
1109 2172 1322 2229 commemorat

169 2256 391 2335 Theophrastus
420 2258 526 2336 fragm.
545 2258 587 2316 IV
609 2260 649 2317 15
682 2255 745 2318 ἐπεὶ
776 2257 827 2319 sal
857 2263 896 2342 τῷ
915 2256 948 2319 ἐκ
975 2266 1035 2318 τῶν
1061 2256 1168 2318 ἐλαιῶν
1196 2257 1320 2335 μάλιστα

168 2354 294 2424 χρῶνται
316 2351 355 2429 τῷ
376 2343 537 2426 ὠμοτριβεΐ
554 2355 607 2426 τῆς
630 2347 767 2424 φαυλίας.
810 2348 980 2425 Septenarii
1002 2351 1119 2424 partem
1142 2367 1206 2408 esse
1229 2348 1322 2409 uerba

169 2439 237 2495 ante
261 2454 413 2495 caesuram
436 2435 535 2513 posita
558 2438 671 2497 euincit
696 2436 822 2497 Gesiucs
850 2437 1031 2497 sullectinum
1061 2436 1096 2496 de
1127 2438 1211 2497 cuius
1239 2456 1320 2496 men·

168 2543 238 2585 suro
260 2527 378 2586 masur
401 2525 469 2584 suu
496 2524 631 2585 uersibus
654 2526 698 2585 cv
718 2529 780 2586 ιιι
805 2527 863 2585 ιιιι
883 2527 960 2585 527:
983 2522 1150 2605 ὠμοτριβής
1175 2528 1207 2585 in
1230 2545 1319 2586 uersu

168 2615 290 2691 ponitur
312 2618 347 2674 ιιι
369 2613 538 2692 οἰκοτριβής
561 2634 608 2691 ap.
626 2615 734 2674 Athen.
754 2617 781 2674 X
800 2637 828 2693 p.
849 2617 913 2675 439
925 2616 957 2674 F.

257 2697 341 2764 96⁶2.
370 2704 506 2763 Donatus
538 2705 576 2764 ad
605 2705 737 2764 Terentii
766 2704 919 2781 Adelphos
937 2703 983 2763 III
1005 2705 1071 2780 1,8
1101 2699 1138 2763 ‘s
1171 2723 1203 2763 re
1235 2708 1317 2764 neta.

169 2792 218 2851 Sic
241 2796 360 2869 proprie
383 2791 509 2853 dicimus
532 2794 568 2853 de
591 2795 638 2853 his
662 2813 738 2870 quae
761 2797 865 2854 contre
893 2794 1080 2853 uoluntatem
1107 2796 1241 2853 nostram
1269 2813 1317 2853 ac-

168 2881 312 2956 ciderunt
335 2886 370 2941 ut
393 2901 470 2941 nunc
493 2883 600 2943 uitium
624 2885 761 2961 uirginis.
807 2903 877 2962 ergo
901 2902 917 2943 e
939 2903 971 2942 re
995 2885 1075 2957 nata
1099 2901 1134 2941 er
1157 2884 1234 2942 uitio
1256 2883 1316 2942 uir-

168 2971 255 3048 ginis.
301 2974 344 3031 sic
371 2972 504 3031 Lucilius
533 2967 631 3048 “puer
653 2973 701 3032 hic
729 2992 745 3032 e
772 2993 804 3032 re
831 2976 904 3033 nata
937 2966 1016 3053 (llere
1047 2975 1121 3030 nete
1150 2966 1319 3053 Leidensis)

168 3063 210 3121 sie
241 3063 304 3120 eius
331 3062 410 3121 dedit
434 3062 516 3120 haud
542 3063 640 3121 molae
668 3056 743 3122 est'’.
793 3062 834 3122 Et
861 3064 904 3122 sic
936 3061 1044 3121 maluit
1075 3057 1184 3121 dicere'
1204 3081 1229 3121 e.
1248 3082 1275 3138 q.
1295 3081 1320 3122 s.

168 3150 292 3209 Numeri
314 3151 455 3210 uidentur
478 3169 542 3210 esse
564 3152 722 3227 trochaici,
750 3153 911 3228 septenarii
939 3170 1092 3211 caesuram
1119 3150 1184 3211 fieri
1212 3156 1319 3229 poste

168 3259 200 3300 re
221 3244 294 3300 nelo
317 3242 459 3312 conicitis,
486 3242 568 3300 haud
589 3242 687 3300 molus
710 3244 741 3301 iu
765 3242 847 3301 exitu
874 3259 977 3300 uersus
1005 3239 1136 3318 positum
1164 3241 1256 3301 fnisse
1285 3245 1320 3300 ιιι

169 3329 267 3389 Pleut
287 3329 361 3389 ilud.
383 3331 423 3389 35
444 3324 537 3414 (hand
556 3331 668 3391 melam
688 3333 761 3405 3373
786 3331 902 3390 Terent
922 3329 1049 3406 Adelph.
1070 3332 1133 3390 479
1155 3326 1216 3390 ‘hic
1235 3329 1320 3405 Geta,

169 3424 332 3495 praeterea,
355 3422 390 3479 ut
411 3423 516 3498 ceptus
535 3423 582 3481 eet
600 3439 761 3496 seruorum,
784 3439 843 3480 non
862 3420 958 3479 malus
978 3439 1072 3496 neque
1091 3416 1192 3480 iners':
1214 3440 1321 3497 nempe

170 3508 203 3566 in
226 3509 331 3568 seruili
354 3527 480 3585 persone
499 3509 691 3570 describenda
710 3510 862 3570 sollemnis
881 3509 1000 3569 uidetur
1018 3510 1110 3569 lusisse
1129 3509 1199 3569 talis
1218 3510 1319 3570 litotes

171 3598 266 3657 ueluti
288 3598 340 3657 lib.
359 3598 446 3657 XXII
463 3619 492 3658 ιι.
513 3601 577 3659 579
603 3594 716 3659 ‘seruus
740 3619 834 3677 neque
857 3599 966 3659 infidus
989 3599 1109 3657 domino
1132 3618 1227 3675 nequa
1254 3599 1320 3657 inu-

170 3681 245 3747 tilis'
275 3687 312 3746 ad
336 3688 464 3747 Herenn.
483 3688 527 3747 IV
547 3691 599 3763 51,
619 3690 660 3747 64
672 3692 743 3748 extr.
773 3685 919 3749 ‘seruulus
947 3708 1004 3748 non
1033 3679 1234 3768 inurbanus’).
1280 3692 1321 3748 est

169 3779 292 3853 propter
314 3795 439 3853 sequens
462 3782 487 3837 el
510 3778 588 3838 male
609 3781 772 3855 repetitum
795 3798 814 3838 a
836 3778 968 3837 librario.
987 3809 1031 3819 -
1050 3796 1065 3835 c
1087 3795 1120 3836 re
1141 3781 1215 3836 nale
1236 3776 1319 3852 Apu·

170 3865 245 3926 leius
274 3869 395 3925 metam.
414 3866 458 3925 IV
478 3869 519 3926 14
534 3867 610 3926 med.
634 3867 791 3927 Vssmed.
819 3899 863 3909 -
890 3870 933 3927 sic
964 3867 1056 3941 dedii,
1088 3868 1131 3925 sic
1162 3865 1253 3941 dixit,
1286 3869 1321 3925 ut

168 3946 221 4013 lib.
240 3954 369 4013 XXVIII
387 3975 415 4014 u.
437 3956 499 4015 758
524 3956 606 4015 XXX
624 3977 653 4015 u.
676 3958 770 4018 1036.
789 3990 833 3998 -
852 3960 915 4016 eius
936 3955 1111 4015 iambicum:
1136 3956 1209 4015 conf
1228 3955 1320 4014 inter-

170 4046 267 4120 pretes
297 4043 335 4102 ad
367 4044 484 4104 Terent
499 4044 618 4105 Phorm.
635 4048 706 4105 113.
725 4048 787 4105 185
816 4045 961 4106 Luchsius
993 4044 1320 4105 Studemundistud.1

171 4153 200 4209 p.
221 4134 284 4193 346
310 4133 453 4193 Dziatzlro
477 4134 515 4194 ad
538 4134 648 4195 Heaut.
669 4137 742 4194 551.
782 4137 829 4194 liic
852 4134 1034 4194 aduerbium.

258 4215 343 4284 963.
372 4223 476 4283 Festus
504 4244 532 4301 p.
554 4226 665 4299 9739
696 4219 905 4302 ‘Redarguissa
933 4244 986 4300 per
1013 4243 1029 4282 e
1056 4223 1189 4282 litteram
1218 4222 1319 4300 Scipio

168 4312 328 4372 Africanus
346 4313 434 4373 Pauli
457 4313 536 4373 lilius
559 4314 670 4373 dicitur
693 4315 875 4389 enuntiarem
899 4315 933 4372 ιιι
956 4312 1033 4372 idem
1054 4314 1146 4372 etiam
1164 4312 1319 4388 pertisum.

169 4404 254 4463 cnius
277 4399 315 4460 m.
344 4393 503 4484 (meminit)
530 4403 677 4477 Lucilius,
711 4422 777 4462 cum
805 4405 850 4462 ait
878 4396 962 4478 “qno
989 4403 1114 4462 facetior
1142 4401 1262 4461 uideare
1290 4406 1321 4462 et

169 4492 244 4550 scire
267 4490 335 4567 plus
361 4511 451 4568 quam
479 4495 570 4580 ceteri
598 4494 742 4570 pertisum
768 4494 912 4552 leominem
938 4511 998 4552 non
1025 4495 1195 4569 pertaesum
1223 4491 1321 4552 dicere
