<?xml version="1.0" encoding="UTF-8"?>
<!DOCTYPE html PUBLIC "-//W3C//DTD XHTML 1.0 Transitional//EN"
    "http://www.w3.org/TR/xhtml1/DTD/xhtml1-transitional.dtd">
<html xmlns="http://www.w3.org/1999/xhtml" xml:lang="en" lang="en">
 <head>
  <title>
</title>
<meta http-equiv="Content-Type" content="text/html;charset=utf-8" />
  <meta name='ocr-system' content='tesseract 3.04.00' />
  <meta name='ocr-capabilities' content='ocr_page ocr_carea ocr_par ocr_line ocrx_word'/>
</head>
<body>
  <div class='ocr_page' id='page_1' title='image "./cluciliicarminu00lucigoog_0437.png"; bbox 0 0 3000 5002; ppageno 0'>
   <div class='ocr_carea' id='block_1_1' title="bbox 167 361 1022 426">
    <p class='ocr_par' dir='ltr' id='par_1_1' title="bbox 167 361 1022 426">
     <span class='ocr_line' id='line_1_1' title="bbox 167 361 1022 426; baseline -0.019 2"><span class='ocrx_word' id='word_1_1' title='bbox 167 382 169 385; x_wconf 71' lang='grc'>’</span> <span class='ocrx_word' id='word_1_2' title='bbox 232 362 298 426; x_wconf 83' lang='grc'>404</span> <span class='ocrx_word' id='word_1_3' title='bbox 595 362 692 415; x_wconf 70' lang='lat' dir='ltr'>incorr.</span> <span class='ocrx_word' id='word_1_4' title='bbox 712 361 769 415; x_wconf 77' lang='lat' dir='ltr'>sed.</span> <span class='ocrx_word' id='word_1_5' title='bbox 790 378 815 414; x_wconf 88' lang='lat' dir='ltr'>u.</span> <span class='ocrx_word' id='word_1_6' title='bbox 840 364 1022 415; x_wconf 74' lang='lat' dir='ltr'>reu-raso.</span> 
     </span>
    </p>
   </div>
   <div class='ocr_carea' id='block_1_2' title="bbox 227 523 1402 3824">
    <p class='ocr_par' dir='ltr' id='par_1_2' title="bbox 231 523 1402 780">
     <span class='ocr_line' id='line_1_2' title="bbox 232 523 1402 612; baseline -0.002 -21"><span class='ocrx_word' id='word_1_7' title='bbox 232 532 271 591; x_wconf 87' lang='lat' dir='ltr'>ad</span> <span class='ocrx_word' id='word_1_8' title='bbox 303 534 405 591; x_wconf 89' lang='lat' dir='ltr'>incert.</span> <span class='ocrx_word' id='word_1_9' title='bbox 424 552 452 590; x_wconf 90' lang='lat' dir='ltr'>u.</span> <span class='ocrx_word' id='word_1_10' title='bbox 476 523 576 612; x_wconf 85' lang='grc'><strong>1314)</strong></span> <span class='ocrx_word' id='word_1_11' title='bbox 609 525 821 607; x_wconf 84' lang='lat' dir='ltr'>consumptus&#39;.</span> <span class='ocrx_word' id='word_1_12' title='bbox 877 528 962 588; x_wconf 86' lang='lat' dir='ltr'>Vnde</span> <span class='ocrx_word' id='word_1_13' title='bbox 997 530 1137 606; x_wconf 78' lang='lat' dir='ltr'><strong>suppleas</strong></span> <span class='ocrx_word' id='word_1_14' title='bbox 1173 548 1301 590; x_wconf 88' lang='lat' dir='ltr'>uersum</span> <span class='ocrx_word' id='word_1_15' title='bbox 1323 530 1402 589; x_wconf 51' lang='lat' dir='ltr'>¹hoc</span> 
     </span>
     <span class='ocr_line' id='line_1_3' title="bbox 233 613 1400 697; baseline -0.003 -17"><span class='ocrx_word' id='word_1_16' title='bbox 233 621 333 685; x_wconf 89' lang='lat' dir='ltr'>modo:</span> <span class='ocrx_word' id='word_1_17' title='bbox 357 616 536 697; x_wconf 79' lang='lat' dir='ltr'>‘querquera</span> <span class='ocrx_word' id='word_1_18' title='bbox 559 621 750 695; x_wconf 75' lang='lat' dir='ltr'>consequitur</span> <span class='ocrx_word' id='word_1_19' title='bbox 775 613 920 697; x_wconf 71' lang='lat' dir='ltr'>(latens)</span> <span class='ocrx_word' id='word_1_20' title='bbox 944 620 1110 695; x_wconf 74' lang='lat' dir='ltr'><strong>capitisque</strong></span> <span class='ocrx_word' id='word_1_21' title='bbox 1132 614 1276 678; x_wconf 89' lang='lat' dir='ltr'>dolores&#39;.</span> <span class='ocrx_word' id='word_1_22' title='bbox 1320 619 1400 680; x_wconf 80' lang='lat' dir='ltr'>Cels.</span> 
     </span>
     <span class='ocr_line' id='line_1_4' title="bbox 231 701 1134 780; baseline -0.003 -12"><span class='ocrx_word' id='word_1_23' title='bbox 231 710 274 768; x_wconf 92' lang='lat' dir='ltr'>IV</span> <span class='ocrx_word' id='word_1_24' title='bbox 296 712 335 770; x_wconf 85' lang='lat'>13</span> <span class='ocrx_word' id='word_1_25' title='bbox 361 705 451 770; x_wconf 81' lang='lat' dir='ltr'>‘Huic</span> <span class='ocrx_word' id='word_1_26' title='bbox 474 709 569 780; x_wconf 88' lang='lat' dir='ltr'>dolori</span> <span class='ocrx_word' id='word_1_27' title='bbox 592 710 695 768; x_wconf 85' lang='lat' dir='ltr'>lateris</span> <span class='ocrx_word' id='word_1_28' title='bbox 718 706 809 768; x_wconf 86' lang='lat' dir='ltr'>febris</span> <span class='ocrx_word' id='word_1_29' title='bbox 833 710 864 767; x_wconf 87' lang='lat' dir='ltr'>et</span> <span class='ocrx_word' id='word_1_30' title='bbox 886 710 976 768; x_wconf 88' lang='lat' dir='ltr'>tussis</span> <span class='ocrx_word' id='word_1_31' title='bbox 999 701 1134 767; x_wconf 82' lang='lat' dir='ltr'>nocedit’.</span> 
     </span>
    </p>

    <p class='ocr_par' dir='ltr' id='par_1_3' title="bbox 230 792 1400 2127">
     <span class='ocr_line' id='line_1_5' title="bbox 324 792 1400 875; baseline -0.003 -16"><span class='ocrx_word' id='word_1_32' title='bbox 324 792 430 861; x_wconf 76' lang='grc'><strong>1278.</strong></span> <span class='ocrx_word' id='word_1_33' title='bbox 453 799 599 875; x_wconf 87' lang='lat' dir='ltr'>Apuleius</span> <span class='ocrx_word' id='word_1_34' title='bbox 623 800 655 856; x_wconf 91' lang='lat' dir='ltr'>in</span> <span class='ocrx_word' id='word_1_35' title='bbox 679 796 792 856; x_wconf 86' lang='lat' dir='ltr'>floridis</span> <span class='ocrx_word' id='word_1_36' title='bbox 815 816 879 874; x_wconf 87' lang='lat' dir='ltr'>cap.</span> <span class='ocrx_word' id='word_1_37' title='bbox 900 801 938 857; x_wconf 88' lang='grc'><strong>21</strong></span> <span class='ocrx_word' id='word_1_38' title='bbox 964 817 993 872; x_wconf 88' lang='lat' dir='ltr'>p.</span> <span class='ocrx_word' id='word_1_39' title='bbox 1010 798 1072 857; x_wconf 80' lang='grc'>181</span> <span class='ocrx_word' id='word_1_40' title='bbox 1087 797 1134 867; x_wconf 46' lang='grc' dir='ltr'>,ιιι</span> <span class='ocrx_word' id='word_1_41' title='bbox 1157 797 1268 857; x_wconf 86' lang='lat' dir='ltr'>Vlietii</span> <span class='ocrx_word' id='word_1_42' title='bbox 1289 793 1400 868; x_wconf 79' lang='lat' dir='ltr'>‘Hisce</span> 
     </span>
     <span class='ocr_line' id='line_1_6' title="bbox 231 881 1398 967; baseline -0.002 -18"><span class='ocrx_word' id='word_1_43' title='bbox 231 891 325 967; x_wconf 81' lang='lat' dir='ltr'>igitur</span> <span class='ocrx_word' id='word_1_44' title='bbox 356 890 549 949; x_wconf 76' lang='lat' dir='ltr'><strong>moramentis</strong></span> <span class='ocrx_word' id='word_1_45' title='bbox 582 885 719 948; x_wconf 90' lang='lat' dir='ltr'>omnibus</span> <span class='ocrx_word' id='word_1_46' title='bbox 751 887 803 963; x_wconf 90' lang='lat' dir='ltr'>qui</span> <span class='ocrx_word' id='word_1_47' title='bbox 836 888 942 946; x_wconf 86' lang='lat' dir='ltr'>uolunt</span> <span class='ocrx_word' id='word_1_48' title='bbox 968 881 992 964; x_wconf 87' lang='lat'><em>†</em></span> <span class='ocrx_word' id='word_1_49' title='bbox 1019 886 1153 946; x_wconf 74' lang='lat' dir='ltr'>deuitme</span> <span class='ocrx_word' id='word_1_50' title='bbox 1184 905 1219 946; x_wconf 90' lang='lat' dir='ltr'>ac</span> <span class='ocrx_word' id='word_1_51' title='bbox 1247 889 1398 947; x_wconf 68' lang='lat' dir='ltr'>uiderem</span> 
     </span>
     <span class='ocr_line' id='line_1_7' title="bbox 231 976 1399 1056; baseline -0.002 -17"><span class='ocrx_word' id='word_1_52' title='bbox 231 978 352 1039; x_wconf 83' lang='lat' dir='ltr'>sibimet</span> <span class='ocrx_word' id='word_1_53' title='bbox 373 998 484 1055; x_wconf 92' lang='lat' dir='ltr'>equum</span> <span class='ocrx_word' id='word_1_54' title='bbox 507 977 644 1056; x_wconf 80' lang='lat' dir='ltr'>deligunt</span> <span class='ocrx_word' id='word_1_55' title='bbox 666 976 801 1036; x_wconf 85' lang='lat' dir='ltr'>diutinae</span> <span class='ocrx_word' id='word_1_56' title='bbox 824 976 1023 1050; x_wconf 85' lang='lat' dir='ltr'>fortitudinis,</span> <span class='ocrx_word' id='word_1_57' title='bbox 1048 978 1163 1036; x_wconf 91' lang='lat' dir='ltr'>uiuacis</span> <span class='ocrx_word' id='word_1_58' title='bbox 1186 978 1399 1053; x_wconf 83' lang='lat' dir='ltr'>pernicitatis,</span> 
     </span>
     <span class='ocr_line' id='line_1_8' title="bbox 231 1059 1399 1142; baseline 0.001 -16"><span class='ocrx_word' id='word_1_59' title='bbox 231 1068 262 1127; x_wconf 89' lang='lat' dir='ltr'>id</span> <span class='ocrx_word' id='word_1_60' title='bbox 290 1072 336 1129; x_wconf 91' lang='lat' dir='ltr'>est</span> <span class='ocrx_word' id='word_1_61' title='bbox 363 1071 394 1127; x_wconf 83' lang='lat' dir='ltr'>et</span> <span class='ocrx_word' id='word_1_62' title='bbox 420 1069 497 1127; x_wconf 85' lang='lat' dir='ltr'>ferre</span> <span class='ocrx_word' id='word_1_63' title='bbox 525 1066 659 1127; x_wconf 88' lang='lat' dir='ltr'>ualidum</span> <span class='ocrx_word' id='word_1_64' title='bbox 687 1068 718 1125; x_wconf 88' lang='lat' dir='ltr'>et</span> <span class='ocrx_word' id='word_1_65' title='bbox 744 1067 788 1126; x_wconf 87' lang='lat' dir='ltr'>ire</span> <span class='ocrx_word' id='word_1_66' title='bbox 819 1065 970 1142; x_wconf 89' lang='lat' dir='ltr'>rapidum,</span> <span class='ocrx_word' id='word_1_67' title='bbox 998 1059 1075 1142; x_wconf 82' lang='lat' dir='ltr'>“qui</span> <span class='ocrx_word' id='word_1_68' title='bbox 1093 1112 1100 1123; x_wconf 95' lang='lat'><strong>.</strong></span> <span class='ocrx_word' id='word_1_69' title='bbox 1117 1113 1122 1123; x_wconf 95' lang='lat'><strong>.</strong></span> <span class='ocrx_word' id='word_1_70' title='bbox 1139 1111 1145 1125; x_wconf 93' lang='lat'><strong>.</strong></span> <span class='ocrx_word' id='word_1_71' title='bbox 1164 1060 1260 1140; x_wconf 89' lang='lat' dir='ltr'>uno”,</span> <span class='ocrx_word' id='word_1_72' title='bbox 1286 1071 1324 1126; x_wconf 94' lang='grc' dir='ltr'>ιιι</span> <span class='ocrx_word' id='word_1_73' title='bbox 1348 1071 1399 1127; x_wconf 86' lang='lat' dir='ltr'>ait</span> 
     </span>
     <span class='ocr_line' id='line_1_9' title="bbox 231 1150 1395 1232; baseline 0.001 -17"><span class='ocrx_word' id='word_1_74' title='bbox 231 1156 379 1232; x_wconf 82' lang='lat' dir='ltr'>Lucilius,</span> <span class='ocrx_word' id='word_1_75' title='bbox 410 1150 524 1217; x_wconf 86' lang='lat' dir='ltr'>tamen’</span> <span class='ocrx_word' id='word_1_76' title='bbox 552 1176 576 1216; x_wconf 86' lang='lat' dir='ltr'>e.</span> <span class='ocrx_word' id='word_1_77' title='bbox 595 1176 623 1232; x_wconf 90' lang='lat' dir='ltr'>q.</span> <span class='ocrx_word' id='word_1_78' title='bbox 643 1174 664 1214; x_wconf 90' lang='lat' dir='ltr'>s.</span> <span class='ocrx_word' id='word_1_79' title='bbox 719 1152 880 1215; x_wconf 80' lang='lat' dir='ltr'>Coniunxit</span> <span class='ocrx_word' id='word_1_80' title='bbox 908 1154 986 1214; x_wconf 91' lang='lat' dir='ltr'>hunc</span> <span class='ocrx_word' id='word_1_81' title='bbox 1017 1173 1134 1214; x_wconf 87' lang='lat' dir='ltr'>uersum</span> <span class='ocrx_word' id='word_1_82' title='bbox 1168 1173 1235 1214; x_wconf 92' lang='lat' dir='ltr'>cnm</span> <span class='ocrx_word' id='word_1_83' title='bbox 1269 1177 1300 1215; x_wconf 92' lang='lat' dir='ltr'>u.</span> <span class='ocrx_word' id='word_1_84' title='bbox 1324 1160 1395 1216; x_wconf 84' lang='grc'>476</span> 
     </span>
     <span class='ocr_line' id='line_1_10' title="bbox 231 1240 1396 1322; baseline 0.002 -17"><span class='ocrx_word' id='word_1_85' title='bbox 231 1247 301 1306; x_wconf 83' lang='lat' dir='ltr'>libri</span> <span class='ocrx_word' id='word_1_86' title='bbox 328 1247 398 1307; x_wconf 82' lang='lat' dir='ltr'>XIV</span> <span class='ocrx_word' id='word_1_87' title='bbox 427 1245 548 1306; x_wconf 83' lang='lat' dir='ltr'>Ooluins</span> <span class='ocrx_word' id='word_1_88' title='bbox 581 1265 669 1322; x_wconf 90' lang='lat' dir='ltr'>quem</span> <span class='ocrx_word' id='word_1_89' title='bbox 699 1244 798 1303; x_wconf 81' lang='lat' dir='ltr'>adfert</span> <span class='ocrx_word' id='word_1_90' title='bbox 825 1241 1052 1320; x_wconf 87' lang='lat' dir='ltr'>Oudendorpius</span> <span class='ocrx_word' id='word_1_91' title='bbox 1079 1244 1099 1302; x_wconf 94' lang='grc'><strong>1.</strong></span> <span class='ocrx_word' id='word_1_92' title='bbox 1114 1264 1136 1304; x_wconf 88' lang='lat' dir='ltr'>s.</span> <span class='ocrx_word' id='word_1_93' title='bbox 1151 1263 1173 1303; x_wconf 91' lang='lat' dir='ltr'>s.</span> <span class='ocrx_word' id='word_1_94' title='bbox 1203 1240 1282 1320; x_wconf 79' lang='lat' dir='ltr'>‘ipse</span> <span class='ocrx_word' id='word_1_95' title='bbox 1311 1265 1396 1320; x_wconf 88' lang='lat' dir='ltr'>ecus,</span> 
     </span>
     <span class='ocr_line' id='line_1_11' title="bbox 231 1327 1397 1414; baseline 0.001 -20"><span class='ocrx_word' id='word_1_96' title='bbox 231 1355 290 1395; x_wconf 90' lang='lat' dir='ltr'>non</span> <span class='ocrx_word' id='word_1_97' title='bbox 313 1336 489 1411; x_wconf 74' lang='lat' dir='ltr'>formonsus,</span> <span class='ocrx_word' id='word_1_98' title='bbox 512 1334 679 1414; x_wconf 78' lang='lat' dir='ltr'>gradarius,</span> <span class='ocrx_word' id='word_1_99' title='bbox 702 1335 833 1410; x_wconf 83' lang='lat' dir='ltr'>optimus</span> <span class='ocrx_word' id='word_1_100' title='bbox 856 1327 963 1393; x_wconf 74' lang='lat' dir='ltr'>euolor&#39;</span> <span class='ocrx_word' id='word_1_101' title='bbox 987 1333 1038 1392; x_wconf 91' lang='lat' dir='ltr'>ubi</span> <span class='ocrx_word' id='word_1_102' title='bbox 1061 1335 1092 1392; x_wconf 94' lang='lat' dir='ltr'>in</span> <span class='ocrx_word' id='word_1_103' title='bbox 1118 1333 1265 1403; x_wconf 90' lang='lat' dir='ltr'>uocabulo</span> <span class='ocrx_word' id='word_1_104' title='bbox 1290 1340 1397 1395; x_wconf 75' lang='lat' dir='ltr'>erector</span> 
     </span>
     <span class='ocr_line' id='line_1_12' title="bbox 231 1422 1395 1500; baseline 0 -16"><span class='ocrx_word' id='word_1_105' title='bbox 231 1425 323 1494; x_wconf 89' lang='lat' dir='ltr'>Nonii</span> <span class='ocrx_word' id='word_1_106' title='bbox 350 1424 468 1484; x_wconf 89' lang='lat' dir='ltr'>librarii</span> <span class='ocrx_word' id='word_1_107' title='bbox 494 1424 598 1484; x_wconf 92' lang='lat' dir='ltr'>eodem</span> <span class='ocrx_word' id='word_1_108' title='bbox 626 1422 714 1484; x_wconf 93' lang='lat' dir='ltr'>modo</span> <span class='ocrx_word' id='word_1_109' title='bbox 741 1424 903 1500; x_wconf 73' lang='lat' dir='ltr'>peccarunt</span> <span class='ocrx_word' id='word_1_110' title='bbox 929 1441 989 1499; x_wconf 91' lang='lat' dir='ltr'>quo</span> <span class='ocrx_word' id='word_1_111' title='bbox 1011 1422 1133 1499; x_wconf 78' lang='lat' dir='ltr'>Apuleii</span> <span class='ocrx_word' id='word_1_112' title='bbox 1160 1422 1305 1483; x_wconf 85' lang='lat' dir='ltr'>librarius</span> <span class='ocrx_word' id='word_1_113' title='bbox 1334 1426 1395 1484; x_wconf 87' lang='lat' dir='ltr'>cod</span> 
     </span>
     <span class='ocr_line' id='line_1_13' title="bbox 231 1512 1395 1589; baseline 0.002 -16"><span class='ocrx_word' id='word_1_114' title='bbox 231 1515 405 1575; x_wconf 78' lang='lat' dir='ltr'>Florentini.</span> <span class='ocrx_word' id='word_1_115' title='bbox 451 1513 577 1589; x_wconf 81' lang='lat' dir='ltr'>Propter</span> <span class='ocrx_word' id='word_1_116' title='bbox 609 1512 744 1572; x_wconf 88' lang='lat' dir='ltr'>uerbum.</span> <span class='ocrx_word' id='word_1_117' title='bbox 764 1516 862 1571; x_wconf 74' lang='lat' dir='ltr'>uector·</span> <span class='ocrx_word' id='word_1_118' title='bbox 892 1515 923 1571; x_wconf 92' lang='lat' dir='ltr'>et</span> <span class='ocrx_word' id='word_1_119' title='bbox 956 1512 1079 1571; x_wconf 89' lang='lat' dir='ltr'>uerbum</span> <span class='ocrx_word' id='word_1_120' title='bbox 1108 1512 1274 1586; x_wconf 60' lang='lat' dir='ltr'>modarius</span> <span class='ocrx_word' id='word_1_121' title='bbox 1307 1519 1395 1575; x_wconf 80' lang='lat' dir='ltr'>recte</span> 
     </span>
     <span class='ocr_line' id='line_1_14' title="bbox 231 1601 1394 1679; baseline 0.001 -17"><span class='ocrx_word' id='word_1_122' title='bbox 231 1603 317 1663; x_wconf 93' lang='lat' dir='ltr'>illum</span> <span class='ocrx_word' id='word_1_123' title='bbox 349 1603 535 1664; x_wconf 86' lang='lat' dir='ltr'>coniunxisse</span> <span class='ocrx_word' id='word_1_124' title='bbox 567 1604 697 1664; x_wconf 83' lang='lat' dir='ltr'>conicias</span> <span class='ocrx_word' id='word_1_125' title='bbox 729 1619 912 1678; x_wconf 88' lang='lat' dir='ltr'>quamquam</span> <span class='ocrx_word' id='word_1_126' title='bbox 944 1601 1023 1660; x_wconf 91' lang='lat' dir='ltr'>idem</span> <span class='ocrx_word' id='word_1_127' title='bbox 1051 1603 1162 1677; x_wconf 83' lang='lat' dir='ltr'>ineptit</span> <span class='ocrx_word' id='word_1_128' title='bbox 1187 1601 1322 1679; x_wconf 89' lang='lat' dir='ltr'>reliquos</span> <span class='ocrx_word' id='word_1_129' title='bbox 1353 1604 1394 1664; x_wconf 94' lang='lat' dir='ltr'>de</span> 
     </span>
     <span class='ocr_line' id='line_1_15' title="bbox 230 1689 1394 1771; baseline 0.002 -19"><span class='ocrx_word' id='word_1_130' title='bbox 230 1713 306 1770; x_wconf 86' lang='lat' dir='ltr'>equo</span> <span class='ocrx_word' id='word_1_131' title='bbox 329 1712 433 1754; x_wconf 88' lang='lat' dir='ltr'>uersus</span> <span class='ocrx_word' id='word_1_132' title='bbox 455 1692 626 1763; x_wconf 86' lang='lat' dir='ltr'>Lucilianos</span> <span class='ocrx_word' id='word_1_133' title='bbox 650 1693 682 1750; x_wconf 91' lang='lat' dir='ltr'>in</span> <span class='ocrx_word' id='word_1_134' title='bbox 700 1711 791 1765; x_wconf 89' lang='lat' dir='ltr'>unum</span> <span class='ocrx_word' id='word_1_135' title='bbox 814 1693 968 1750; x_wconf 79' lang='lat' dir='ltr'>centonem</span> <span class='ocrx_word' id='word_1_136' title='bbox 987 1689 1228 1752; x_wconf 87' lang='lat' dir='ltr'>consarcinando.</span> <span class='ocrx_word' id='word_1_137' title='bbox 1272 1692 1394 1771; x_wconf 78' lang='lat' dir='ltr'>Egerat</span> 
     </span>
     <span class='ocr_line' id='line_1_16' title="bbox 230 1779 1392 1859; baseline -0.002 -18"><span class='ocrx_word' id='word_1_138' title='bbox 230 1782 266 1841; x_wconf 93' lang='lat' dir='ltr'>de</span> <span class='ocrx_word' id='word_1_139' title='bbox 280 1802 355 1859; x_wconf 88' lang='lat' dir='ltr'>equo</span> <span class='ocrx_word' id='word_1_140' title='bbox 371 1801 424 1843; x_wconf 91' lang='lat' dir='ltr'>suo</span> <span class='ocrx_word' id='word_1_141' title='bbox 438 1785 529 1859; x_wconf 85' lang='lat' dir='ltr'>poeta</span> <span class='ocrx_word' id='word_1_142' title='bbox 542 1784 698 1858; x_wconf 79' lang='lat' dir='ltr'>praeterea</span> <span class='ocrx_word' id='word_1_143' title='bbox 711 1780 788 1840; x_wconf 90' lang='lat' dir='ltr'>libro</span> <span class='ocrx_word' id='word_1_144' title='bbox 803 1779 878 1838; x_wconf 83' lang='lat' dir='ltr'>VIII</span> <span class='ocrx_word' id='word_1_145' title='bbox 892 1800 920 1841; x_wconf 91' lang='lat' dir='ltr'>u.</span> <span class='ocrx_word' id='word_1_146' title='bbox 929 1781 992 1840; x_wconf 87' lang='grc'><strong>313</strong></span> <span class='ocrx_word' id='word_1_147' title='bbox 1002 1798 1062 1857; x_wconf 85' lang='lat' dir='ltr'>seq.</span> <span class='ocrx_word' id='word_1_148' title='bbox 1077 1783 1108 1839; x_wconf 91' lang='lat' dir='ltr'>et</span> <span class='ocrx_word' id='word_1_149' title='bbox 1120 1779 1175 1839; x_wconf 88' lang='lat' dir='ltr'>XV</span> <span class='ocrx_word' id='word_1_150' title='bbox 1185 1799 1213 1838; x_wconf 92' lang='lat' dir='ltr'>u.</span> <span class='ocrx_word' id='word_1_151' title='bbox 1227 1781 1293 1839; x_wconf 74' lang='lat' dir='ltr'>boo</span> <span class='ocrx_word' id='word_1_152' title='bbox 1303 1801 1392 1859; x_wconf 70' lang='lat' dir='ltr'>seqq.</span> 
     </span>
     <span class='ocr_line' id='line_1_17' title="bbox 230 1867 1393 1949; baseline 0 -19"><span class='ocrx_word' id='word_1_153' title='bbox 230 1871 282 1931; x_wconf 90' lang='lat' dir='ltr'>ubi</span> <span class='ocrx_word' id='word_1_154' title='bbox 305 1870 374 1931; x_wconf 88' lang='lat' dir='ltr'>uide</span> <span class='ocrx_word' id='word_1_155' title='bbox 392 1889 471 1949; x_wconf 89' lang='lat' dir='ltr'>quae</span> <span class='ocrx_word' id='word_1_156' title='bbox 489 1870 707 1931; x_wconf 83' lang='lat' dir='ltr'>adnotauimus.</span> <span class='ocrx_word' id='word_1_157' title='bbox 731 1901 775 1911; x_wconf 91' lang='lat'>-</span> <span class='ocrx_word' id='word_1_158' title='bbox 798 1886 915 1943; x_wconf 82' lang='lat' dir='ltr'>compos</span> <span class='ocrx_word' id='word_1_159' title='bbox 933 1869 1087 1942; x_wconf 78' lang='lat' dir='ltr'>collesque:</span> <span class='ocrx_word' id='word_1_160' title='bbox 1109 1867 1168 1938; x_wconf 77' lang='lat' dir='ltr'>(lic.</span> <span class='ocrx_word' id='word_1_161' title='bbox 1187 1871 1217 1927; x_wconf 91' lang='lat' dir='ltr'>in</span> <span class='ocrx_word' id='word_1_162' title='bbox 1238 1868 1326 1930; x_wconf 87' lang='lat' dir='ltr'>Verr.</span> <span class='ocrx_word' id='word_1_163' title='bbox 1339 1872 1393 1930; x_wconf 84' lang='lat'>111</span> 
     </span>
     <span class='ocr_line' id='line_1_18' title="bbox 232 1955 1393 2038; baseline 0.002 -19"><span class='ocrx_word' id='word_1_164' title='bbox 232 1962 283 2036; x_wconf 85' lang='grc'><strong>18,</strong></span> <span class='ocrx_word' id='word_1_165' title='bbox 303 1962 344 2020; x_wconf 79' lang='grc'>47</span> <span class='ocrx_word' id='word_1_166' title='bbox 371 1955 461 2031; x_wconf 84' lang='lat' dir='ltr'>‘Quos</span> <span class='ocrx_word' id='word_1_167' title='bbox 490 1979 545 2038; x_wconf 82' lang='lat' dir='ltr'>ego</span> <span class='ocrx_word' id='word_1_168' title='bbox 573 1978 694 2036; x_wconf 89' lang='lat' dir='ltr'>campos</span> <span class='ocrx_word' id='word_1_169' title='bbox 722 1961 811 2019; x_wconf 87' lang='lat' dir='ltr'>antea</span> <span class='ocrx_word' id='word_1_170' title='bbox 839 1958 987 2034; x_wconf 88' lang='lat' dir='ltr'>collesque</span> <span class='ocrx_word' id='word_1_171' title='bbox 1014 1959 1209 2019; x_wconf 74' lang='lat' dir='ltr'>nitidissimos</span> <span class='ocrx_word' id='word_1_172' title='bbox 1236 1959 1393 2021; x_wconf 87' lang='lat' dir='ltr'>uiridissi-</span> 
     </span>
     <span class='ocr_line' id='line_1_19' title="bbox 230 2043 1391 2127; baseline 0.002 -19"><span class='ocrx_word' id='word_1_173' title='bbox 230 2068 352 2127; x_wconf 89' lang='lat' dir='ltr'>mosque</span> <span class='ocrx_word' id='word_1_174' title='bbox 374 2043 526 2110; x_wconf 87' lang='lat' dir='ltr'>uidissem&#39;</span> <span class='ocrx_word' id='word_1_175' title='bbox 550 2048 668 2108; x_wconf 85' lang='lat' dir='ltr'>diuerso</span> <span class='ocrx_word' id='word_1_176' title='bbox 687 2047 790 2108; x_wconf 87' lang='lat' dir='ltr'>ordine</span> <span class='ocrx_word' id='word_1_177' title='bbox 809 2046 925 2107; x_wconf 85' lang='lat' dir='ltr'>Lucret.</span> <span class='ocrx_word' id='word_1_178' title='bbox 945 2047 988 2106; x_wconf 88' lang='lat' dir='ltr'>IV</span> <span class='ocrx_word' id='word_1_179' title='bbox 1008 2049 1071 2110; x_wconf 81' lang='lat'>389</span> <span class='ocrx_word' id='word_1_180' title='bbox 1093 2044 1193 2108; x_wconf 84' lang='lat' dir='ltr'>‘colles</span> <span class='ocrx_word' id='word_1_181' title='bbox 1212 2048 1391 2127; x_wconf 85' lang='lat' dir='ltr'>campique&#39;</span> 
     </span>
    </p>

    <p class='ocr_par' dir='ltr' id='par_1_4' title="bbox 228 2219 1391 3552">
     <span class='ocr_line' id='line_1_20' title="bbox 322 2219 1389 2306; baseline 0.004 -20"><span class='ocrx_word' id='word_1_182' title='bbox 322 2219 427 2291; x_wconf 76' lang='lat'><strong>1279.</strong></span> <span class='ocrx_word' id='word_1_183' title='bbox 456 2227 561 2287; x_wconf 79' lang='lat' dir='ltr'>Festus</span> <span class='ocrx_word' id='word_1_184' title='bbox 593 2247 621 2304; x_wconf 92' lang='lat' dir='ltr'>p.</span> <span class='ocrx_word' id='word_1_185' title='bbox 642 2229 720 2306; x_wconf 79' lang='grc'><strong>334,</strong></span> <span class='ocrx_word' id='word_1_186' title='bbox 746 2229 786 2287; x_wconf 88' lang='grc'>13</span> <span class='ocrx_word' id='word_1_187' title='bbox 823 2226 979 2303; x_wconf 82' lang='lat' dir='ltr'>suppletus</span> <span class='ocrx_word' id='word_1_188' title='bbox 1016 2245 1050 2285; x_wconf 84' lang='lat' dir='ltr'>er</span> <span class='ocrx_word' id='word_1_189' title='bbox 1080 2226 1175 2286; x_wconf 88' lang='lat' dir='ltr'>Paulo</span> <span class='ocrx_word' id='word_1_190' title='bbox 1206 2247 1235 2303; x_wconf 89' lang='lat' dir='ltr'>p.</span> <span class='ocrx_word' id='word_1_191' title='bbox 1258 2228 1340 2302; x_wconf 81' lang='lat'>335,</span> <span class='ocrx_word' id='word_1_192' title='bbox 1366 2228 1389 2290; x_wconf 87' lang='grc'>’3</span> 
     </span>
     <span class='ocr_line' id='line_1_21' title="bbox 231 2311 1391 2396; baseline 0.003 -20"><span class='ocrx_word' id='word_1_193' title='bbox 231 2311 411 2396; x_wconf 71' lang='lat' dir='ltr'>‘&lt;Schedia&gt;</span> <span class='ocrx_word' id='word_1_194' title='bbox 448 2336 540 2395; x_wconf 80' lang='lat' dir='ltr'>genus</span> <span class='ocrx_word' id='word_1_195' title='bbox 576 2318 692 2396; x_wconf 80' lang='lat' dir='ltr'>nauigii</span> <span class='ocrx_word' id='word_1_196' title='bbox 714 2312 942 2396; x_wconf 86' lang='lat' dir='ltr'>&lt;inconditum&gt;</span> <span class='ocrx_word' id='word_1_197' title='bbox 1037 2334 1072 2375; x_wconf 92' lang='lat' dir='ltr'>us</span> <span class='ocrx_word' id='word_1_198' title='bbox 1096 2335 1213 2392; x_wconf 89' lang='lat' dir='ltr'>quoque</span> <span class='ocrx_word' id='word_1_199' title='bbox 1241 2323 1391 2392; x_wconf 78' lang='lat' dir='ltr'>poemata</span> 
     </span>
     <span class='ocr_line' id='line_1_22' title="bbox 229 2401 1389 2483; baseline 0.001 -18"><span class='ocrx_word' id='word_1_200' title='bbox 229 2439 334 2446; x_wconf 84' lang='lat'>—-·-</span> <span class='ocrx_word' id='word_1_201' title='bbox 352 2408 379 2466; x_wconf 89' lang='lat' dir='ltr'>is</span> <span class='ocrx_word' id='word_1_202' title='bbox 410 2407 550 2483; x_wconf 60' lang='lat' dir='ltr'>perfectis</span> <span class='ocrx_word' id='word_1_203' title='bbox 582 2408 635 2482; x_wconf 91' lang='lat' dir='ltr'>qui</span> <span class='ocrx_word' id='word_1_204' title='bbox 668 2409 765 2467; x_wconf 88' lang='lat' dir='ltr'>essent</span> <span class='ocrx_word' id='word_1_205' title='bbox 783 2438 888 2445; x_wconf 54' lang='grc'>*-</span> <span class='ocrx_word' id='word_1_206' title='bbox 908 2424 975 2477; x_wconf 88' lang='lat' dir='ltr'>cum</span> <span class='ocrx_word' id='word_1_207' title='bbox 1007 2403 1084 2465; x_wconf 85' lang='lat' dir='ltr'>dixit</span> <span class='ocrx_word' id='word_1_208' title='bbox 1118 2401 1194 2481; x_wconf 83' lang='lat' dir='ltr'>“qui</span> <span class='ocrx_word' id='word_1_209' title='bbox 1228 2406 1389 2480; x_wconf 79' lang='lat' dir='ltr'>schedium</span> 
     </span>
     <span class='ocr_line' id='line_1_23' title="bbox 230 2489 1388 2572; baseline 0.002 -18"><span class='ocrx_word' id='word_1_210' title='bbox 230 2496 261 2554; x_wconf 84' lang='lat' dir='ltr'>fs</span> <span class='ocrx_word' id='word_1_211' title='bbox 279 2490 430 2568; x_wconf 50' lang='grc'>-,-”.’</span> <span class='ocrx_word' id='word_1_212' title='bbox 477 2489 623 2572; x_wconf 81' lang='lat' dir='ltr'>Apuleius</span> <span class='ocrx_word' id='word_1_213' title='bbox 651 2495 687 2555; x_wconf 87' lang='lat' dir='ltr'>de</span> <span class='ocrx_word' id='word_1_214' title='bbox 714 2495 770 2555; x_wconf 85' lang='lat' dir='ltr'>dcc</span> <span class='ocrx_word' id='word_1_215' title='bbox 793 2494 873 2555; x_wconf 87' lang='lat' dir='ltr'>Socr.</span> <span class='ocrx_word' id='word_1_216' title='bbox 892 2494 1040 2571; x_wconf 89' lang='lat' dir='ltr'>principio</span> <span class='ocrx_word' id='word_1_217' title='bbox 1065 2490 1135 2554; x_wconf 83' lang='lat' dir='ltr'>‘Sed</span> <span class='ocrx_word' id='word_1_218' title='bbox 1158 2498 1193 2553; x_wconf 90' lang='lat' dir='ltr'>nt</span> <span class='ocrx_word' id='word_1_219' title='bbox 1216 2514 1262 2553; x_wconf 91' lang='lat' dir='ltr'>me</span> <span class='ocrx_word' id='word_1_220' title='bbox 1286 2499 1388 2556; x_wconf 90' lang='lat' dir='ltr'>omni-</span> 
     </span>
     <span class='ocr_line' id='line_1_24' title="bbox 231 2579 1390 2663; baseline 0 -19"><span class='ocrx_word' id='word_1_221' title='bbox 231 2585 339 2644; x_wconf 78' lang='lat' dir='ltr'>fariam</span> <span class='ocrx_word' id='word_1_222' title='bbox 356 2587 510 2660; x_wconf 81' lang='lat' dir='ltr'>ueneritis,</span> <span class='ocrx_word' id='word_1_223' title='bbox 533 2587 625 2645; x_wconf 83' lang='lat' dir='ltr'>eliam</span> <span class='ocrx_word' id='word_1_224' title='bbox 643 2586 675 2644; x_wconf 93' lang='lat' dir='ltr'>in</span> <span class='ocrx_word' id='word_1_225' title='bbox 693 2586 761 2660; x_wconf 88' lang='lat' dir='ltr'>isto,</span> <span class='ocrx_word' id='word_1_226' title='bbox 783 2587 818 2642; x_wconf 84' lang='lat' dir='ltr'>ut</span> <span class='ocrx_word' id='word_1_227' title='bbox 836 2585 881 2644; x_wconf 84' lang='lat' dir='ltr'>eit</span> <span class='ocrx_word' id='word_1_228' title='bbox 898 2582 1040 2658; x_wconf 89' lang='lat' dir='ltr'>Lucilius,</span> <span class='ocrx_word' id='word_1_229' title='bbox 1059 2583 1178 2644; x_wconf 90' lang='lat' dir='ltr'>schedio</span> <span class='ocrx_word' id='word_1_230' title='bbox 1196 2579 1390 2663; x_wconf 79' lang='lat' dir='ltr'>&lt;sutitorio&gt;</span> 
     </span>
     <span class='ocr_line' id='line_1_25' title="bbox 230 2669 1389 2752; baseline 0 -18"><span class='ocrx_word' id='word_1_231' title='bbox 230 2678 261 2734; x_wconf 83' lang='lat' dir='ltr'>et</span> <span class='ocrx_word' id='word_1_232' title='bbox 288 2674 440 2734; x_wconf 84' lang='lat' dir='ltr'>incondito</span> <span class='ocrx_word' id='word_1_233' title='bbox 467 2669 663 2752; x_wconf 78' lang='lat' dir='ltr'>experimini&#39;.</span> <span class='ocrx_word' id='word_1_234' title='bbox 680 2720 708 2734; x_wconf 92' lang='lat'>..</span> <span class='ocrx_word' id='word_1_235' title='bbox 754 2672 912 2734; x_wconf 85' lang='lat' dir='ltr'>Petronius</span> <span class='ocrx_word' id='word_1_236' title='bbox 935 2674 956 2732; x_wconf 84' lang='lat'>4</span> <span class='ocrx_word' id='word_1_237' title='bbox 985 2669 1055 2733; x_wconf 84' lang='lat' dir='ltr'>‘Sed</span> <span class='ocrx_word' id='word_1_238' title='bbox 1082 2693 1120 2732; x_wconf 91' lang='lat' dir='ltr'>ne</span> <span class='ocrx_word' id='word_1_239' title='bbox 1146 2692 1193 2732; x_wconf 89' lang='lat' dir='ltr'>me</span> <span class='ocrx_word' id='word_1_240' title='bbox 1215 2676 1304 2750; x_wconf 83' lang='lat' dir='ltr'>putes</span> <span class='ocrx_word' id='word_1_241' title='bbox 1327 2677 1389 2734; x_wconf 90' lang='lat' dir='ltr'>im-</span> 
     </span>
     <span class='ocr_line' id='line_1_26' title="bbox 228 2760 1389 2841; baseline 0.002 -19"><span class='ocrx_word' id='word_1_242' title='bbox 228 2763 368 2841; x_wconf 77' lang='lat' dir='ltr'>probasse</span> <span class='ocrx_word' id='word_1_243' title='bbox 401 2763 553 2823; x_wconf 91' lang='lat' dir='ltr'>schedium</span> <span class='ocrx_word' id='word_1_244' title='bbox 585 2760 759 2823; x_wconf 86' lang='lat' dir='ltr'>Lucilianos</span> <span class='ocrx_word' id='word_1_245' title='bbox 790 2762 984 2836; x_wconf 82' lang='lat' dir='ltr'>humilitatis,</span> <span class='ocrx_word' id='word_1_246' title='bbox 1016 2762 1097 2838; x_wconf 92' lang='lat' dir='ltr'>quod</span> <span class='ocrx_word' id='word_1_247' title='bbox 1129 2765 1224 2822; x_wconf 83' lang='lat' dir='ltr'>sentio</span> <span class='ocrx_word' id='word_1_248' title='bbox 1257 2765 1289 2822; x_wconf 90' lang='lat' dir='ltr'>et</span> <span class='ocrx_word' id='word_1_249' title='bbox 1319 2765 1389 2841; x_wconf 86' lang='lat' dir='ltr'>ipse</span> 
     </span>
     <span class='ocr_line' id='line_1_27' title="bbox 229 2848 1388 2931; baseline 0 -17"><span class='ocrx_word' id='word_1_250' title='bbox 229 2855 360 2914; x_wconf 87' lang='lat' dir='ltr'>carmine</span> <span class='ocrx_word' id='word_1_251' title='bbox 387 2848 548 2931; x_wconf 81' lang='lat' dir='ltr'>effingam&#39;.</span> <span class='ocrx_word' id='word_1_252' title='bbox 599 2852 644 2912; x_wconf 90' lang='lat' dir='ltr'>De</span> <span class='ocrx_word' id='word_1_253' title='bbox 672 2853 754 2912; x_wconf 86' lang='lat' dir='ltr'>Festi</span> <span class='ocrx_word' id='word_1_254' title='bbox 780 2852 1027 2927; x_wconf 78' lang='lat' dir='ltr'>interpretatione</span> <span class='ocrx_word' id='word_1_255' title='bbox 1059 2850 1130 2911; x_wconf 86' lang='lat' dir='ltr'>conf</span> <span class='ocrx_word' id='word_1_256' title='bbox 1158 2848 1388 2930; x_wconf 75' lang='grc' dir='ltr'>αὐτοκάβδαλος</span> 
     </span>
     <span class='ocr_line' id='line_1_28' title="bbox 228 2934 1386 3023; baseline 0.002 -21"><span class='ocrx_word' id='word_1_257' title='bbox 228 2941 408 3003; x_wconf 87' lang='lat' dir='ltr'>uocabulum</span> <span class='ocrx_word' id='word_1_258' title='bbox 431 2941 536 3023; x_wconf 82' lang='lat' dir='ltr'>(schol.</span> <span class='ocrx_word' id='word_1_259' title='bbox 556 2941 702 3019; x_wconf 83' lang='lat' dir='ltr'>Lycophr.</span> <span class='ocrx_word' id='word_1_260' title='bbox 722 2934 810 3023; x_wconf 77' lang='lat'><strong>745).</strong></span> <span class='ocrx_word' id='word_1_261' title='bbox 856 2941 952 3000; x_wconf 84' lang='lat' dir='ltr'>Sicuti</span> <span class='ocrx_word' id='word_1_262' title='bbox 969 2941 1155 3017; x_wconf 73' lang='lat' dir='ltr'>Agamemno</span> <span class='ocrx_word' id='word_1_263' title='bbox 1178 2941 1280 3001; x_wconf 87' lang='lat' dir='ltr'>rhetor</span> <span class='ocrx_word' id='word_1_264' title='bbox 1299 2945 1386 3019; x_wconf 91' lang='lat' dir='ltr'>apud</span> 
     </span>
     <span class='ocr_line' id='line_1_29' title="bbox 229 3026 1387 3109; baseline 0.002 -19"><span class='ocrx_word' id='word_1_265' title='bbox 229 3031 401 3092; x_wconf 84' lang='lat' dir='ltr'>Petronium</span> <span class='ocrx_word' id='word_1_266' title='bbox 425 3035 456 3091; x_wconf 88' lang='lat' dir='ltr'>et</span> <span class='ocrx_word' id='word_1_267' title='bbox 473 3031 619 3108; x_wconf 82' lang='lat' dir='ltr'>Apuleius</span> <span class='ocrx_word' id='word_1_268' title='bbox 637 3031 739 3092; x_wconf 88' lang='lat' dir='ltr'>rhetor</span> <span class='ocrx_word' id='word_1_269' title='bbox 762 3031 780 3090; x_wconf 91' lang='grc'><strong>1.</strong></span> <span class='ocrx_word' id='word_1_270' title='bbox 795 3050 826 3106; x_wconf 83' lang='lat' dir='ltr'>s,</span> <span class='ocrx_word' id='word_1_271' title='bbox 850 3032 895 3090; x_wconf 91' lang='lat' dir='ltr'>ita</span> <span class='ocrx_word' id='word_1_272' title='bbox 912 3028 1046 3089; x_wconf 87' lang='lat' dir='ltr'>Lucilius</span> <span class='ocrx_word' id='word_1_273' title='bbox 1064 3048 1128 3090; x_wconf 90' lang='lat' dir='ltr'>sese</span> <span class='ocrx_word' id='word_1_274' title='bbox 1146 3026 1387 3109; x_wconf 75' lang='grc' dir='ltr'>αὐτοσχεδιάζειν</span> 
     </span>
     <span class='ocr_line' id='line_1_30' title="bbox 229 3120 1387 3201; baseline 0 -20"><span class='ocrx_word' id='word_1_275' title='bbox 229 3124 293 3181; x_wconf 89' lang='lat' dir='ltr'>sine</span> <span class='ocrx_word' id='word_1_276' title='bbox 316 3120 475 3201; x_wconf 79' lang='grc' dir='ltr'>σχεδιάζειν</span> <span class='ocrx_word' id='word_1_277' title='bbox 498 3121 530 3180; x_wconf 91' lang='lat' dir='ltr'>in</span> <span class='ocrx_word' id='word_1_278' title='bbox 553 3120 702 3199; x_wconf 87' lang='lat' dir='ltr'>poetando</span> <span class='ocrx_word' id='word_1_279' title='bbox 726 3123 887 3196; x_wconf 79' lang='lat' dir='ltr'>scripserat</span> <span class='ocrx_word' id='word_1_280' title='bbox 904 3123 936 3179; x_wconf 87' lang='lat' dir='ltr'>et</span> <span class='ocrx_word' id='word_1_281' title='bbox 953 3122 1087 3180; x_wconf 87' lang='lat' dir='ltr'>carmina</span> <span class='ocrx_word' id='word_1_282' title='bbox 1104 3138 1160 3181; x_wconf 89' lang='lat' dir='ltr'>sna</span> <span class='ocrx_word' id='word_1_283' title='bbox 1178 3120 1221 3179; x_wconf 93' lang='lat' dir='ltr'>nil</span> <span class='ocrx_word' id='word_1_284' title='bbox 1240 3138 1303 3180; x_wconf 89' lang='lat' dir='ltr'>esse</span> <span class='ocrx_word' id='word_1_285' title='bbox 1322 3123 1387 3181; x_wconf 90' lang='lat' dir='ltr'>nisi</span> 
     </span>
     <span class='ocr_line' id='line_1_31' title="bbox 228 3207 1386 3290; baseline 0.002 -20"><span class='ocrx_word' id='word_1_286' title='bbox 228 3231 282 3287; x_wconf 89' lang='lat' dir='ltr'>per</span> <span class='ocrx_word' id='word_1_287' title='bbox 305 3215 437 3270; x_wconf 80' lang='lat' dir='ltr'>suturam</span> <span class='ocrx_word' id='word_1_288' title='bbox 460 3209 664 3290; x_wconf 80' lang='grc' dir='ltr'>σχεδιάσμιιτα.</span> <span class='ocrx_word' id='word_1_289' title='bbox 710 3209 775 3281; x_wconf 82' lang='lat' dir='ltr'>Qus</span> <span class='ocrx_word' id='word_1_290' title='bbox 798 3210 833 3268; x_wconf 89' lang='lat' dir='ltr'>de</span> <span class='ocrx_word' id='word_1_291' title='bbox 856 3229 888 3267; x_wconf 88' lang='lat' dir='ltr'>re</span> <span class='ocrx_word' id='word_1_292' title='bbox 912 3211 1006 3287; x_wconf 82' lang='lat' dir='ltr'>egisse</span> <span class='ocrx_word' id='word_1_293' title='bbox 1025 3207 1194 3269; x_wconf 85' lang='lat' dir='ltr'>uideturin</span> <span class='ocrx_word' id='word_1_294' title='bbox 1213 3213 1386 3287; x_wconf 78' lang='lat' dir='ltr'>casatum,</span> 
     </span>
     <span class='ocr_line' id='line_1_32' title="bbox 228 3292 1385 3382; baseline 0.001 -23"><span class='ocrx_word' id='word_1_295' title='bbox 228 3318 320 3376; x_wconf 88' lang='lat' dir='ltr'>quam</span> <span class='ocrx_word' id='word_1_296' title='bbox 343 3298 487 3359; x_wconf 77' lang='lat' dir='ltr'>Horatius</span> <span class='ocrx_word' id='word_1_297' title='bbox 514 3301 649 3359; x_wconf 87' lang='lat' dir='ltr'>imitatus</span> <span class='ocrx_word' id='word_1_298' title='bbox 677 3302 723 3360; x_wconf 87' lang='lat' dir='ltr'>est</span> <span class='ocrx_word' id='word_1_299' title='bbox 746 3292 830 3382; x_wconf 83' lang='lat'><strong>(14)</strong></span> <span class='ocrx_word' id='word_1_300' title='bbox 853 3300 952 3376; x_wconf 86' lang='lat' dir='ltr'>posita</span> <span class='ocrx_word' id='word_1_301' title='bbox 974 3301 1006 3358; x_wconf 90' lang='lat' dir='ltr'>in</span> <span class='ocrx_word' id='word_1_302' title='bbox 1030 3298 1106 3358; x_wconf 90' lang='lat' dir='ltr'>libro</span> <span class='ocrx_word' id='word_1_303' title='bbox 1125 3299 1220 3359; x_wconf 86' lang='lat' dir='ltr'>XXX:</span> <span class='ocrx_word' id='word_1_304' title='bbox 1248 3299 1319 3359; x_wconf 90' lang='lat' dir='ltr'>uide</span> <span class='ocrx_word' id='word_1_305' title='bbox 1342 3301 1385 3360; x_wconf 87' lang='lat' dir='ltr'>ad</span> 
     </span>
     <span class='ocr_line' id='line_1_33' title="bbox 228 3387 1384 3467; baseline 0.002 -19"><span class='ocrx_word' id='word_1_306' title='bbox 228 3388 278 3448; x_wconf 91' lang='lat' dir='ltr'>lib.</span> <span class='ocrx_word' id='word_1_307' title='bbox 298 3388 379 3447; x_wconf 88' lang='lat' dir='ltr'>XXX</span> <span class='ocrx_word' id='word_1_308' title='bbox 402 3409 430 3447; x_wconf 92' lang='lat' dir='ltr'>u.</span> <span class='ocrx_word' id='word_1_309' title='bbox 448 3391 541 3448; x_wconf 88' lang='grc'><strong>1029.</strong></span> <span class='ocrx_word' id='word_1_310' title='bbox 588 3389 652 3467; x_wconf 82' lang='lat' dir='ltr'>Ego</span> <span class='ocrx_word' id='word_1_311' title='bbox 685 3408 742 3448; x_wconf 96' lang='lat' dir='ltr'>non</span> <span class='ocrx_word' id='word_1_312' title='bbox 775 3390 865 3465; x_wconf 80' lang='lat' dir='ltr'>poeta</span> <span class='ocrx_word' id='word_1_313' title='bbox 897 3408 976 3463; x_wconf 90' lang='lat' dir='ltr'>sum,</span> <span class='ocrx_word' id='word_1_314' title='bbox 1007 3390 1061 3464; x_wconf 88' lang='lat' dir='ltr'>qni</span> <span class='ocrx_word' id='word_1_315' title='bbox 1088 3387 1239 3448; x_wconf 91' lang='lat' dir='ltr'>schedium</span> <span class='ocrx_word' id='word_1_316' title='bbox 1268 3389 1384 3450; x_wconf 78' lang='lat' dir='ltr'>facium</span> 
     </span>
     <span class='ocr_line' id='line_1_34' title="bbox 229 3476 1024 3552; baseline 0 -16"><span class='ocrx_word' id='word_1_317' title='bbox 229 3480 358 3552; x_wconf 78' lang='lat' dir='ltr'>tuntum,</span> <span class='ocrx_word' id='word_1_318' title='bbox 381 3496 440 3536; x_wconf 92' lang='lat' dir='ltr'>non</span> <span class='ocrx_word' id='word_1_319' title='bbox 463 3479 596 3538; x_wconf 88' lang='lat' dir='ltr'>carmina</span> <span class='ocrx_word' id='word_1_320' title='bbox 619 3497 699 3538; x_wconf 90' lang='lat' dir='ltr'>nera.</span> <span class='ocrx_word' id='word_1_321' title='bbox 746 3476 824 3537; x_wconf 83' lang='lat' dir='ltr'>Gonf</span> <span class='ocrx_word' id='word_1_322' title='bbox 843 3479 953 3537; x_wconf 87' lang='lat' dir='ltr'>testim.</span> <span class='ocrx_word' id='word_1_323' title='bbox 974 3478 1024 3537; x_wconf 78' lang='lat'>78.</span> 
     </span>
    </p>

    <p class='ocr_par' dir='ltr' id='par_1_5' title="bbox 227 3558 1384 3824">
     <span class='ocr_line' id='line_1_35' title="bbox 320 3558 1384 3646; baseline 0.006 -22"><span class='ocrx_word' id='word_1_324' title='bbox 320 3558 425 3628; x_wconf 77' lang='grc'><strong>12811.</strong></span> <span class='ocrx_word' id='word_1_325' title='bbox 446 3565 547 3626; x_wconf 77' lang='lat' dir='ltr'>Cicero</span> <span class='ocrx_word' id='word_1_326' title='bbox 566 3567 603 3626; x_wconf 88' lang='lat' dir='ltr'>de</span> <span class='ocrx_word' id='word_1_327' title='bbox 621 3570 739 3626; x_wconf 84' lang='lat' dir='ltr'>orstore</span> <span class='ocrx_word' id='word_1_328' title='bbox 752 3567 784 3625; x_wconf 91' lang='grc' dir='ltr'>Π</span> <span class='ocrx_word' id='word_1_329' title='bbox 799 3568 850 3642; x_wconf 87' lang='grc'>62,</span> <span class='ocrx_word' id='word_1_330' title='bbox 871 3569 933 3626; x_wconf 81' lang='grc'>253</span> <span class='ocrx_word' id='word_1_331' title='bbox 955 3562 1118 3646; x_wconf 76' lang='lat' dir='ltr'>‘Ambigua</span> <span class='ocrx_word' id='word_1_332' title='bbox 1135 3570 1206 3628; x_wconf 88' lang='lat' dir='ltr'>sunt</span> <span class='ocrx_word' id='word_1_333' title='bbox 1223 3569 1254 3625; x_wconf 94' lang='lat' dir='ltr'>in</span> <span class='ocrx_word' id='word_1_334' title='bbox 1274 3568 1384 3644; x_wconf 88' lang='lat' dir='ltr'>primis</span> 
     </span>
     <span class='ocr_line' id='line_1_36' title="bbox 227 3655 1383 3736; baseline 0.003 -22"><span class='ocrx_word' id='word_1_335' title='bbox 227 3657 317 3714; x_wconf 87' lang='lat' dir='ltr'>senta</span> <span class='ocrx_word' id='word_1_336' title='bbox 348 3659 438 3731; x_wconf 82' lang='lat' dir='ltr'>etque</span> <span class='ocrx_word' id='word_1_337' title='bbox 467 3657 499 3717; x_wconf 93' lang='lat' dir='ltr'>in</span> <span class='ocrx_word' id='word_1_338' title='bbox 531 3656 621 3715; x_wconf 89' lang='lat' dir='ltr'>uerbo</span> <span class='ocrx_word' id='word_1_339' title='bbox 653 3658 766 3732; x_wconf 86' lang='lat' dir='ltr'>posita,</span> <span class='ocrx_word' id='word_1_340' title='bbox 798 3675 858 3716; x_wconf 93' lang='lat' dir='ltr'>non</span> <span class='ocrx_word' id='word_1_341' title='bbox 885 3658 917 3715; x_wconf 90' lang='lat' dir='ltr'>in</span> <span class='ocrx_word' id='word_1_342' title='bbox 944 3674 976 3715; x_wconf 90' lang='lat' dir='ltr'>re</span> <span class='ocrx_word' id='word_1_343' title='bbox 996 3702 1001 3712; x_wconf 94' lang='lat'><strong>.</strong></span> <span class='ocrx_word' id='word_1_344' title='bbox 1018 3702 1024 3714; x_wconf 91' lang='lat'><strong>.</strong></span> <span class='ocrx_word' id='word_1_345' title='bbox 1041 3702 1046 3713; x_wconf 93' lang='lat'><strong>.</strong></span> <span class='ocrx_word' id='word_1_346' title='bbox 1066 3659 1101 3716; x_wconf 85' lang='lat' dir='ltr'>ut</span> <span class='ocrx_word' id='word_1_347' title='bbox 1126 3655 1202 3715; x_wconf 90' lang='lat' dir='ltr'>illud</span> <span class='ocrx_word' id='word_1_348' title='bbox 1232 3657 1383 3736; x_wconf 82' lang='lat' dir='ltr'>Africani,</span> 
     </span>
     <span class='ocr_line' id='line_1_37' title="bbox 228 3738 1382 3824; baseline 0.003 -21"><span class='ocrx_word' id='word_1_349' title='bbox 228 3744 306 3821; x_wconf 91' lang='lat' dir='ltr'>quod</span> <span class='ocrx_word' id='word_1_350' title='bbox 334 3749 380 3804; x_wconf 88' lang='lat' dir='ltr'>est</span> <span class='ocrx_word' id='word_1_351' title='bbox 409 3744 488 3821; x_wconf 89' lang='lat' dir='ltr'>apud</span> <span class='ocrx_word' id='word_1_352' title='bbox 516 3743 678 3819; x_wconf 84' lang='lat' dir='ltr'>Lucilium,</span> <span class='ocrx_word' id='word_1_353' title='bbox 707 3741 830 3821; x_wconf 84' lang='lat' dir='ltr'>“quid.</span> <span class='ocrx_word' id='word_1_354' title='bbox 845 3791 852 3803; x_wconf 88' lang='lat'><strong>.</strong></span> <span class='ocrx_word' id='word_1_355' title='bbox 869 3792 875 3803; x_wconf 93' lang='lat'><strong>.</strong></span> <span class='ocrx_word' id='word_1_356' title='bbox 893 3738 1038 3821; x_wconf 91' lang='lat' dir='ltr'>inquit”.’</span> <span class='ocrx_word' id='word_1_357' title='bbox 1085 3744 1117 3804; x_wconf 92' lang='lat' dir='ltr'>P.</span> <span class='ocrx_word' id='word_1_358' title='bbox 1132 3745 1257 3806; x_wconf 90' lang='lat' dir='ltr'>Decium</span> <span class='ocrx_word' id='word_1_359' title='bbox 1279 3748 1318 3805; x_wconf 91' lang='lat' dir='ltr'>tr.</span> <span class='ocrx_word' id='word_1_360' title='bbox 1338 3748 1382 3824; x_wconf 94' lang='lat' dir='ltr'>pl.</span> 
     </span>
    </p>
   </div>
   <div class='ocr_carea' id='block_1_3' title="bbox 226 3828 1383 4361">
    <p class='ocr_par' dir='ltr' id='par_1_6' title="bbox 226 3828 1383 4361">
     <span class='ocr_line' id='line_1_38' title="bbox 229 3828 1383 3922; baseline 0.003 -29"><span class='ocrx_word' id='word_1_361' title='bbox 229 3829 386 3912; x_wconf 72' lang='lat' dir='ltr'>634s120,</span> <span class='ocrx_word' id='word_1_362' title='bbox 409 3834 447 3894; x_wconf 91' lang='lat' dir='ltr'>de</span> <span class='ocrx_word' id='word_1_363' title='bbox 470 3833 529 3911; x_wconf 81' lang='lat' dir='ltr'>quo</span> <span class='ocrx_word' id='word_1_364' title='bbox 545 3834 612 3922; x_wconf 54' lang='lat' dir='ltr'>dic.</span> <span class='ocrx_word' id='word_1_365' title='bbox 627 3828 711 3894; x_wconf 86' lang='lat' dir='ltr'>Brut.</span> <span class='ocrx_word' id='word_1_366' title='bbox 732 3836 794 3895; x_wconf 89' lang='lat'>108</span> <span class='ocrx_word' id='word_1_367' title='bbox 820 3831 890 3893; x_wconf 81' lang='lat' dir='ltr'>‘non</span> <span class='ocrx_word' id='word_1_368' title='bbox 914 3835 1014 3894; x_wconf 87' lang='lat' dir='ltr'>infans</span> <span class='ocrx_word' id='word_1_369' title='bbox 1037 3834 1088 3893; x_wconf 90' lang='lat' dir='ltr'>ille</span> <span class='ocrx_word' id='word_1_370' title='bbox 1112 3833 1246 3911; x_wconf 89' lang='lat' dir='ltr'>quidem,</span> <span class='ocrx_word' id='word_1_371' title='bbox 1268 3836 1320 3896; x_wconf 90' lang='lat' dir='ltr'>sed</span> <span class='ocrx_word' id='word_1_372' title='bbox 1345 3842 1383 3897; x_wconf 84' lang='grc' dir='ltr'>ιιι</span> 
     </span>
     <span class='ocr_line' id='line_1_39' title="bbox 227 3920 1383 4002; baseline 0.003 -21"><span class='ocrx_word' id='word_1_373' title='bbox 227 3926 306 3999; x_wconf 83' lang='lat' dir='ltr'>nitu,</span> <span class='ocrx_word' id='word_1_374' title='bbox 338 3926 381 3984; x_wconf 89' lang='lat' dir='ltr'>sio</span> <span class='ocrx_word' id='word_1_375' title='bbox 412 3924 546 3983; x_wconf 87' lang='lat' dir='ltr'>oratione</span> <span class='ocrx_word' id='word_1_376' title='bbox 579 3925 670 3984; x_wconf 88' lang='lat' dir='ltr'>etiam</span> <span class='ocrx_word' id='word_1_377' title='bbox 702 3920 902 3983; x_wconf 85' lang='lat' dir='ltr'>turbulentus&#39;</span> <span class='ocrx_word' id='word_1_378' title='bbox 935 3925 1030 4002; x_wconf 55' lang='lat' dir='ltr'>ungi,</span> <span class='ocrx_word' id='word_1_379' title='bbox 1052 3925 1143 3984; x_wconf 85' lang='lat' dir='ltr'>multi</span> <span class='ocrx_word' id='word_1_380' title='bbox 1174 3925 1383 4002; x_wconf 82' lang='lat' dir='ltr'>adfirmamnt,</span> 
     </span>
     <span class='ocr_line' id='line_1_40' title="bbox 227 4012 1381 4097; baseline 0.001 -23"><span class='ocrx_word' id='word_1_381' title='bbox 227 4032 332 4089; x_wconf 87' lang='lat' dir='ltr'>parum</span> <span class='ocrx_word' id='word_1_382' title='bbox 361 4012 568 4091; x_wconf 86' lang='lat' dir='ltr'>probabiliter,</span> <span class='ocrx_word' id='word_1_383' title='bbox 600 4033 667 4073; x_wconf 88' lang='lat' dir='ltr'>oum</span> <span class='ocrx_word' id='word_1_384' title='bbox 694 4012 746 4072; x_wconf 92' lang='lat' dir='ltr'>ille</span> <span class='ocrx_word' id='word_1_385' title='bbox 773 4015 842 4091; x_wconf 88' lang='lat' dir='ltr'>post</span> <span class='ocrx_word' id='word_1_386' title='bbox 868 4017 996 4073; x_wconf 85' lang='lat' dir='ltr'>mortem</span> <span class='ocrx_word' id='word_1_387' title='bbox 1023 4013 1160 4074; x_wconf 86' lang='lat' dir='ltr'>Africani</span> <span class='ocrx_word' id='word_1_388' title='bbox 1186 4014 1304 4074; x_wconf 92' lang='lat' dir='ltr'>demum</span> <span class='ocrx_word' id='word_1_389' title='bbox 1333 4018 1381 4097; x_wconf 54' lang='lat' dir='ltr'>ine</span> 
     </span>
     <span class='ocr_line' id='line_1_41' title="bbox 226 4102 1381 4179; baseline 0.003 -18"><span class='ocrx_word' id='word_1_390' title='bbox 226 4103 369 4164; x_wconf 88' lang='lat' dir='ltr'>claruisse</span> <span class='ocrx_word' id='word_1_391' title='bbox 392 4103 433 4162; x_wconf 85' lang='lat' dir='ltr'>sit</span> <span class='ocrx_word' id='word_1_392' title='bbox 454 4103 613 4179; x_wconf 76' lang='lat' dir='ltr'>putandus.</span> <span class='ocrx_word' id='word_1_393' title='bbox 658 4103 723 4163; x_wconf 87' lang='lat' dir='ltr'>Iam</span> <span class='ocrx_word' id='word_1_394' title='bbox 746 4104 778 4161; x_wconf 95' lang='lat' dir='ltr'>in</span> <span class='ocrx_word' id='word_1_395' title='bbox 801 4102 901 4162; x_wconf 87' lang='lat' dir='ltr'>codice</span> <span class='ocrx_word' id='word_1_396' title='bbox 924 4104 1054 4179; x_wconf 88' lang='lat' dir='ltr'>quodam</span> <span class='ocrx_word' id='word_1_397' title='bbox 1077 4104 1165 4163; x_wconf 85' lang='lat' dir='ltr'>Bruti</span> <span class='ocrx_word' id='word_1_398' title='bbox 1193 4103 1381 4179; x_wconf 83' lang='lat' dir='ltr'>sdscriptunr</span> 
     </span>
     <span class='ocr_line' id='line_1_42' title="bbox 227 4190 1380 4255; baseline 0.003 -4"><span class='ocrx_word' id='word_1_399' title='bbox 227 4209 290 4251; x_wconf 88' lang='lat' dir='ltr'>esse</span> <span class='ocrx_word' id='word_1_400' title='bbox 326 4192 452 4252; x_wconf 74' lang='lat' dir='ltr'>adnotat</span> <span class='ocrx_word' id='word_1_401' title='bbox 487 4191 656 4252; x_wconf 83' lang='lat' dir='ltr'>Ellendtius</span> <span class='ocrx_word' id='word_1_402' title='bbox 692 4191 731 4251; x_wconf 91' lang='lat' dir='ltr'>ad</span> <span class='ocrx_word' id='word_1_403' title='bbox 768 4190 826 4250; x_wconf 75' lang='lat' dir='ltr'>Cic.</span> <span class='ocrx_word' id='word_1_404' title='bbox 846 4191 864 4250; x_wconf 92' lang='grc'><strong>1.</strong></span> <span class='ocrx_word' id='word_1_405' title='bbox 883 4211 905 4252; x_wconf 88' lang='lat' dir='ltr'>s.</span> <span class='ocrx_word' id='word_1_406' title='bbox 925 4212 947 4252; x_wconf 93' lang='lat' dir='ltr'>s.</span> <span class='ocrx_word' id='word_1_407' title='bbox 984 4192 1083 4253; x_wconf 87' lang='lat' dir='ltr'>locum</span> <span class='ocrx_word' id='word_1_408' title='bbox 1116 4193 1198 4253; x_wconf 77' lang='lat' dir='ltr'>Festi</span> <span class='ocrx_word' id='word_1_409' title='bbox 1230 4212 1249 4252; x_wconf 86' lang='lat' dir='ltr'><strong>n</strong></span> <span class='ocrx_word' id='word_1_410' title='bbox 1280 4190 1380 4255; x_wconf 90' lang='lat' dir='ltr'>Paulo</span> 
     </span>
     <span class='ocr_line' id='line_1_43' title="bbox 227 4272 1382 4361; baseline 0.004 -22"><span class='ocrx_word' id='word_1_411' title='bbox 227 4272 269 4359; x_wconf 85' lang='lat' dir='ltr'>(p.</span> <span class='ocrx_word' id='word_1_412' title='bbox 291 4274 409 4361; x_wconf 81' lang='grc'><strong>17211)</strong></span> <span class='ocrx_word' id='word_1_413' title='bbox 445 4281 552 4341; x_wconf 90' lang='lat' dir='ltr'>melius</span> <span class='ocrx_word' id='word_1_414' title='bbox 589 4282 740 4341; x_wconf 79' lang='lat' dir='ltr'>seruatum</span> <span class='ocrx_word' id='word_1_415' title='bbox 773 4276 908 4341; x_wconf 83' lang='lat' dir='ltr'>‘nuculas</span> <span class='ocrx_word' id='word_1_416' title='bbox 942 4281 1151 4342; x_wconf 89' lang='lat' dir='ltr'>Praenestinos</span> <span class='ocrx_word' id='word_1_417' title='bbox 1183 4280 1382 4358; x_wconf 83' lang='lat' dir='ltr'>appellabant</span> 
     </span>
    </p>
   </div>
   <div class='ocr_carea' id='block_1_4' title="bbox 226 4368 1381 4537">
    <p class='ocr_par' dir='ltr' id='par_1_7' title="bbox 226 4368 1381 4537">
     <span class='ocr_line' id='line_1_44' title="bbox 226 4368 1381 4448; baseline 0.005 -21"><span class='ocrx_word' id='word_1_418' title='bbox 226 4370 305 4445; x_wconf 84' lang='lat' dir='ltr'>quod</span> <span class='ocrx_word' id='word_1_419' title='bbox 326 4417 332 4429; x_wconf 93' lang='lat'><strong>.</strong></span> <span class='ocrx_word' id='word_1_420' title='bbox 348 4417 354 4427; x_wconf 94' lang='lat'><strong>.</strong></span> <span class='ocrx_word' id='word_1_421' title='bbox 371 4417 376 4430; x_wconf 91' lang='lat'><strong>.</strong></span> <span class='ocrx_word' id='word_1_422' title='bbox 395 4370 444 4429; x_wconf 91' lang='lat' dir='ltr'>uel</span> <span class='ocrx_word' id='word_1_423' title='bbox 463 4370 541 4446; x_wconf 90' lang='lat' dir='ltr'>quod</span> <span class='ocrx_word' id='word_1_424' title='bbox 561 4373 591 4429; x_wconf 92' lang='lat' dir='ltr'>in</span> <span class='ocrx_word' id='word_1_425' title='bbox 612 4388 713 4429; x_wconf 87' lang='lat' dir='ltr'>eorum</span> <span class='ocrx_word' id='word_1_426' title='bbox 731 4371 851 4448; x_wconf 77' lang='lat' dir='ltr'>regione</span> <span class='ocrx_word' id='word_1_427' title='bbox 869 4370 1000 4446; x_wconf 80' lang='lat' dir='ltr'>plurime</span> <span class='ocrx_word' id='word_1_428' title='bbox 1019 4391 1078 4429; x_wconf 85' lang='lat' dir='ltr'>nux</span> <span class='ocrx_word' id='word_1_429' title='bbox 1091 4371 1209 4429; x_wconf 81' lang='lat' dir='ltr'>minuto</span> <span class='ocrx_word' id='word_1_430' title='bbox 1222 4368 1381 4433; x_wconf 76' lang='lat' dir='ltr'>nascitur’:</span> 
     </span>
     <span class='ocr_line' id='line_1_45' title="bbox 226 4457 1379 4537; baseline 0.004 -21"><span class='ocrx_word' id='word_1_431' title='bbox 226 4462 408 4517; x_wconf 76' lang='lat' dir='ltr'>memoratur</span> <span class='ocrx_word' id='word_1_432' title='bbox 430 4458 557 4534; x_wconf 87' lang='lat' dir='ltr'>deniquo</span> <span class='ocrx_word' id='word_1_433' title='bbox 585 4458 673 4517; x_wconf 83' lang='lat' dir='ltr'>homo</span> <span class='ocrx_word' id='word_1_434' title='bbox 696 4457 837 4537; x_wconf 79' lang='lat' dir='ltr'>ignobilis</span> <span class='ocrx_word' id='word_1_435' title='bbox 861 4462 1036 4537; x_wconf 80' lang='lat' dir='ltr'>cognomine</span> <span class='ocrx_word' id='word_1_436' title='bbox 1058 4459 1177 4519; x_wconf 76' lang='grc' dir='ltr'>Νιιοιιια</span> <span class='ocrx_word' id='word_1_437' title='bbox 1201 4462 1320 4535; x_wconf 83' lang='lat' dir='ltr'>saepius</span> <span class='ocrx_word' id='word_1_438' title='bbox 1345 4463 1379 4521; x_wconf 90' lang='lat' dir='ltr'>in</span> 
     </span>
    </p>
   </div>
   <div class='ocr_carea' id='block_1_5' title="bbox 0 0 1504 5002">
    <p class='ocr_par' dir='ltr' id='par_1_8' title="bbox 0 0 1504 5002">
     <span class='ocr_line' id='line_1_46' title="bbox 0 0 1504 5002; baseline 0 3"><span class='ocrx_word' id='word_1_439' title='bbox 0 0 1504 5002; x_wconf 95' lang='lat' dir='ltr'> </span> 
     </span>
    </p>
   </div>
  </div>
 </body>
</html>
