3060 5010
221 349 263 416 74
664 350 703 406 lv
720 368 747 404 u.
769 354 916 407 reo—114.

220 520 263 581 ibi
286 519 384 598 prima
406 519 483 581 aeris
507 513 660 581 nobilitas'
684 520 785 597 partes
811 519 957 579 lectorum
984 519 1088 581 eodem
1114 518 1202 581 modo
1231 538 1289 598 quo
1311 519 1371 580 Lu-

220 610 307 671 cilius
330 610 497 690 distinguit.
534 609 579 669 De
602 609 706 670 fulcris
729 609 875 669 lectorum
898 610 962 688 egit
984 608 1101 669 Manius
1123 609 1324 670 Nachrichten
1342 609 1370 668 d.

221 699 371 779 Goetting.
386 699 494 759 0066.
505 699 552 757 W.
567 699 674 760 Philol.
689 699 802 759 Histor.
817 698 923 759 Klasse
939 700 1023 760 1896
1043 720 1071 776 p.
1089 703 1196 776 lseqq.
1216 698 1269 758 ubi
1286 701 1369 759 16611-

219 791 321 850 monia
343 790 479 849 ueterum
503 789 541 850 ad
563 790 757 849 monumenta
779 788 961 864 Pompeiana
984 789 1143 868 diligenter
1161 791 1231 848 sunt
1249 807 1371 849 excussa

220 881 251 938 et
269 881 408 939 enarrata
427 877 520 952 (Suet.
541 877 643 938 01666.
659 880 700 937 32
721 876 815 955 Oalig.
836 879 876 936 26
896 877 993 939 Varro
1011 877 1047 937 de
1065 878 1137 955 ling.
1156 878 1223 938 Lat.
1237 877 1313 938 VIII
1328 880 1368 938 32

219 969 287 1047 Dig.
304 968 373 1027 XLI
393 972 421 1042 1,
441 969 482 1026 26
502 967 571 1027 1616.
587 987 628 1028 or.
642 967 712 1027 XIX
733 969 818 1042 26,3
838 966 927 1046 Verg.
945 967 1019 1027 Aen.
1038 966 1083 1027 VI
1102 968 1166 1027 604
1186 968 1319 1045 Propert.
1337 968 1369 1027 Π

222 1059 272 1134 13,
293 1049 358 1138 21).
403 1057 495 1116 Fabri
517 1058 634 1117 lactarii
658 1076 779 1133 operam
802 1056 1007 1117 similitudinis
1029 1058 1096 1117 looo
1119 1056 1257 1117 adhibuit
1280 1061 1370 1134 poeta

219 1149 337 1208 secutus
361 1146 516 1207 Platonem
540 1147 611 1223 reip.
630 1147 658 1205 X
676 1168 704 1224 p.
726 1146 823 1206 59611
839 1164 919 1223 seqq.

310 1228 393 1297 161.
412 1236 517 1297 Festus
527 1257 555 1313 6.
568 1237 641 1312 371,
652 1238 690 1295 21
705 1231 885 1296 ‘Verticulas
895 1255 962 1296 oum
972 1237 1016 1296 ait
1024 1236 1169 1311 Lucilius,
1182 1237 1227 1296 ita
1237 1237 1369 1314 appella·

220 1326 267 1385 611
279 1320 444 1386 uertebras’
459 1318 586 1406 (Paulus
601 1345 636 1385 ex
650 1325 739 1385 Festo
753 1347 781 1403 p.
794 1327 858 1386 370
873 1320 1053 1386 ‘Vertioulas
1067 1326 1199 1386 Lucilius
1214 1345 1280 1385 cum
1295 1326 1371 1386 dixit

219 1416 361 1476 articulos
375 1414 512 1493 intellegi
525 1409 642 1476 uoluit'.
666 1414 776 1475 Parum
790 1417 869 1474 recte
883 1415 1007 1475 Paulus:
1026 1415 1189 1476 uerticulae
1205 1418 1282 1475 enim
1301 1436 1369 1493 pro·

219 1505 284 1582 prio
298 1508 368 1565 sunt
382 1505 489 1582 quibus
498 1507 629 1564 uertitur
637 1523 752 1581 corpus,
767 1504 886 1564 articuli
900 1504 1006 1581 quibus
1016 1497 1229 1587 coniungitur).
1253 1504 1369 1566 Nonius

218 1615 247 1671 p.
268 1596 342 1670 207,
363 1597 403 1654 26
429 1590 528 1654 ‘Genu
550 1595 649 1654 neutri
672 1597 718 1654 est
739 1594 864 1672 generis.
959 1594 1115 1655 masculini
1134 1594 1267 1654 Lucilius
1289 1598 1368 1672 saty-

218 1703 320 1743 rarum
342 1683 393 1743 lib.
412 1684 476 1744 ΠΠ
504 1679 631 1743 “haeret
651 1730 656 1741 .
678 1731 683 1741 .
704 1731 709 1741 .
734 1686 769 1743 ut
785 1685 872 1743 nouis
892 1731 897 1742 .
918 1728 924 1742 .
945 1731 950 1741 .
970 1678 1061 1743 est’'.'
1106 1683 1218 1764 Agitur
1240 1684 1276 1744 de
1304 1703 1369 1745 osse

219 1772 348 1833 hominis
370 1775 403 1833 in
425 1774 502 1834 collo
525 1773 633 1851 posito,
658 1773 737 1850 quod
759 1773 875 1850 corpori
896 1773 999 1834 haeret
1017 1772 1147 1833 adfixum
1165 1774 1318 1834 uerticulis
1336 1775 1369 1834 in

218 1863 383 1939 posteriore
410 1864 496 1940 parte
523 1862 624 1923 idest
651 1881 669 1922 a
696 1864 780 1941 tergo
808 1866 898 1939 atque
927 1863 1073 1939 articulis,
1101 1861 1146 1922 ita
1173 1865 1208 1922 ut
1236 1883 1368 1941 quoquo·

219 1971 338 2013 uersum
365 1955 457 2029 caput
484 1954 579 2029 possit
600 1951 689 2012 flecti.
734 1953 826 2027 Nam,
855 1954 891 2011 61
914 1952 1000 2013 nobis
1028 1955 1074 2013 est
1101 1954 1180 2012 16166
1208 1972 1369 2030 genusque,

218 2043 263 2101 ita
286 2060 318 2102 os
341 2042 417 2101 illud
440 2044 497 2101 est:
525 2042 646 2102 illorum
672 2044 752 2101 enim
779 2061 871 2119 opera
898 2044 929 2102 et
954 2043 1044 2119 pedes
1072 2044 1103 2101 et
1130 2061 1217 2102 crura
1243 2045 1369 2119 possunt

217 2130 299 2191 flecti
326 2134 356 2191 et
382 2131 511 2207 moueri,
543 2132 618 2192 ossis
645 2132 734 2191 huius
763 2131 902 2191 machina
934 2131 1029 2191 adiuti
1061 2131 1178 2192 flectere
1209 2149 1368 2208 possumus

219 2223 312 2297 caput
333 2222 478 2281 nostrum.
517 2218 672 2281 Sententia
694 2220 789 2300 igitur
810 2241 900 2282 uersu
923 2221 1018 2281 altero
1041 2221 1131 2298 plane
1153 2223 1200 2280 est
1222 2220 1367 2281 absoluta.

219 2309 298 2370 Oonf
309 2308 495 2370 OelsusVHI
508 2329 571 2387 cap.
589 2315 604 2370 1
621 2332 650 2388 p.
666 2312 740 2386 325,
756 2313 797 2370 15
812 2310 950 2370 Daremb.
964 2309 1075 2370 Arnob.
1091 2310 1158 2370 adu.
1172 2313 1251 2389 gent.
1263 2311 1311 2370 III
1326 2312 1366 2370 13
1467 2367 1470 2373 .

218 2400 439 2476 61201611
467 2419 555 2476 quem
581 2401 681 2460 locum
708 2401 814 2461 attulit
839 2400 872 2458 F.
887 2401 989 2461 Dousa
1017 2395 1122 2477 ‘caput
1148 2400 1218 2461 deos
1250 2403 1368 2480 gestare

216 2489 305 2548 tereti
336 2489 522 2550 rotunditate
550 2489 620 2549 oolli
648 2492 792 2565 erectum,
822 2489 995 2551 retinaculis
1022 2509 1180 2551 neruorum
1208 2489 1295 2551 dorso
1322 2490 1367 2549 in·

216 2580 344 2657 ligatum
372 2597 407 2638 ac
434 2581 547 2656 pectori
575 2582 606 2639 et
633 2580 671 2639 ad
698 2581 847 2639 ceruicum
874 2581 1055 2641 necessarias
1082 2579 1222 2640 flexiones
1250 2598 1366 2640 conser-

216 2668 348 2728 tionibus
384 2669 600 2729 uerticulorum
634 2665 692 2747 (ita
722 2669 837 2729 Dousa:
869 2672 1011 2729 micam
1046 2662 1115 2751 cod)
1153 2672 1244 2746 atque
1283 2687 1367 2730 ossea

217 2757 435 2819 substructione
462 2753 594 2818 fulciril'
632 2757 749 2819 Collum
768 2758 901 2818 Lucilius
928 2759 1095 2820 masculino
1122 2778 1230 2837 genere
1256 2759 1365 2836 posuit.

308 2838 390 2909 166.
413 2848 528 2907 Nonius
552 2869 568 2908 e
591 2849 681 2925 poeta
703 2848 769 2925 ipso
792 2868 820 2924 p.
841 2850 892 2923 16,
913 2851 953 2908 29
979 2844 1169 2909 ‘Succussare
1193 2851 1239 2909 est
1265 2868 1366 2910 susum

217 2936 388 3013 frequenter
410 2939 554 2997 excutere.
595 2936 704 2996 Accius
726 2938 895 2999 Philoctete
917 2929 1070 3020 (56811).
1087 2938 1265 2999 ..Lucilius
1285 2940 1366 3015 saty-

215 3044 317 3085 rarum
338 3026 390 3085 lib.
408 3026 472 3086 ΠΠ
504 3021 741 3088 “660066661οι·16
770 3019 982 3108 (succusaton’s
1000 3028 1030 3087 L
1047 3046 1085 3087 m.
1106 3019 1140 3109 1)
1168 3029 1367 3102 tordiruriouc

215 3109 369 3176 oabaIli'’.’
406 3115 489 3175 Idem
512 3114 564 3175 sed
586 3134 622 3175 ex
644 3118 840 3194 grammatico
859 3139 888 3195 p.
908 3118 960 3192 86,
981 3119 1021 3177 14
1042 3113 1202 3178 ‘Gabellus
1232 3116 1366 3178 Lucilius

215 3203 266 3264 lib.
285 3204 330 3263 II
353 3199 560 3264 “succusatori
587 3196 775 3286 (succusator
792 3205 821 3265 L
838 3225 877 3266 m.
898 3201 932 3290 1)
960 3208 1052 3268 taetri
1080 3198 1137 3289 (itu
1161 3207 1204 3266 L:
1230 3206 1302 3266 tetri
1322 3199 1364 3288 G)

216 3292 354 3371 tardique
377 3293 485 3354 caballi
510 3285 643 3376 (caballo
661 3295 691 3354 L
708 3313 746 3354 m.
768 3298 786 3354 1
811 3296 959 3357 caballom
978 3296 1006 3358 G
1024 3316 1062 3357 m.
1083 3288 1163 3378 1)”.'
1199 3296 1366 3357 Numerum

215 3381 285 3442 libri
307 3384 387 3442 recte
409 3381 555 3443 traditum
577 3402 640 3445 esse
662 3385 728 3446 loco
751 3387 851 3462 priore
869 3389 1008 3465 apparet:
1031 3385 1149 3447 facilius
1163 3387 1243 3446 enim
1260 3385 1365 3447 decur-

215 3473 299 3531 tatur
321 3472 413 3548 ΙΙΙΙ,
444 3475 479 3532 61
505 3474 550 3533 ΙΙ
572 3473 695 3551 euadat,
728 3494 818 3552 quam
845 3476 1016 3553 duplicatur
1043 3476 1086 3535 ΙΙ
1110 3479 1145 3536 61
1171 3476 1255 3536 IIII
1282 3468 1369 3557 (conf

214 3560 383 3639 Lindsayus
402 3559 545 3623 Classical
563 3563 683 3625 Review
701 3564 773 3624 XVI
793 3567 878 3626 1902
898 3586 926 3642 p.
947 3558 1013 3648 48.)
1051 3565 1109 3626 Sed
1126 3568 1158 3625 in
1177 3566 1281 3626 ordine
1299 3585 1364 3626 uer·

88 3717 89 3721 ¹
213 3649 320 3711 borum
338 3650 431 3712 Nonii
448 3653 558 3713 rectius
577 3671 735 3731 sequemur
753 3657 905 3715 auctorem
924 3656 1152 3735 grammaticum
1170 3676 1199 3732 p.
1215 3656 1256 3717 86
1276 3653 1365 3716 610611

214 3743 247 3802 16
269 3742 397 3802 16011066
420 3741 487 3819 1666
510 3745 582 3819 quia
603 3744 660 3804 hoc
681 3746 747 3804 loco
771 3747 890 3804 seruata
913 3747 958 3805 est
980 3746 1099 3825 integra
1121 3745 1270 3822 scriptura
1297 3765 1364 3805 cum

214 3833 356 3909 corrupta
379 3832 419 3891 sit
440 3853 469 3916 p.
490 3831 546 3892 16:
574 3832 642 3892 uide
669 3833 707 3893 ad
729 3833 779 3893 lib.
798 3834 846 3893 111
865 3833 1040 3894 u.1061v
1059 3836 1181 3895 6173.
1227 3835 1272 3895 De
1299 3854 1363 3895 suc·

214 3923 365 3982 cussatore
389 3922 438 3982 uel
460 3939 631 3983 succussore
654 3941 730 4000 equo
753 3922 882 3983 616666
904 3923 955 3983 lib.
974 3923 1030 3983 XV
1049 3925 1172 4002 6607,
1194 3925 1315 3985 tardum
1333 3928 1365 3986 et

213 4010 333 4088 pigrum
357 4030 442 4071 ecum
464 4015 610 4072 memorat
630 4014 722 4088 poeta
744 4013 847 4073 incert.
866 4033 894 4072 u.
916 4015 1010 4074 1100.

306 4091 387 4161 164.
410 4099 526 4160 Nonius
548 4122 577 4178 p.
597 4102 671 4175 467,
691 4103 732 4160 16
757 4097 952 4163 ’1161611606
977 4104 1074 4164 solum
1101 4123 1207 4163 canum
1235 4102 1363 4163 diminu-

213 4188 289 4262 tive,
316 4208 420 4248 uerum
448 4191 580 4249 omnium
607 4191 782 4250 animalium
810 4194 1008 4270 appellentur.
1033 4240 1039 4252 .
1060 4240 1066 4250 .
1087 4240 1093 4252 .
1116 4192 1249 4252 Lucilius
1281 4195 1363 4269 saty-

213 4295 314 4335 rarum
332 4277 383 4337 lib.
401 4278 465 4337 1111
484 4274 686 4339 ‘concurserat
704 4298 792 4358 agros
811 4282 1097 4359 061610616166660
1114 4275 1237 4357 ferat’'.’
1269 4282 1364 4342 Feras·

213 4363 246 4423 L.
261 4365 422 4425 Muellerus
449 4368 530 4444 quod
557 4370 658 4446 posuit
684 4371 790 4431 melius
819 4374 864 4432 est
892 4391 982 4448 quam
1008 4371 1086 4431 illud
1116 4371 1251 4445 seram
1283 4370 1363 4448 quod

213 4454 304 4533 uulgo
319 4454 482 4516 ferebatur:
500 4475 604 4519 uersus
617 4459 750 4535 reliquus
765 4477 854 4522 sanus
868 4463 921 4521 ost.
958 4461 1070 4521 Narrat
1083 4461 1174 4539 poeta
1187 4459 1224 4519 dc
1241 4459 1362 4522 homino
