3030 5002
222 343 266 408 48
681 341 720 394 ΠΙ
738 359 765 395 u.
785 345 915 395 99-101.

222 532 250 589 p.
268 513 330 570 217
362 515 482 571 auctore
512 511 552 570 ,de
584 513 640 570 uir.
667 511 848 585 1111111112,
867 502 916 590 8),
947 510 1029 569 uiam
1060 508 1234 587 Pompeiam
1264 511 1371 569 incerti

222 602 367 676 auctoris,
402 600 433 659 in
471 599 575 660 Sicilia
609 617 702 677 prope
737 599 848 659 fretum
884 602 915 658 et
949 598 1117 659 Messanam
1153 599 1256 660 urbem
1293 617 1371 676 quae

224 691 355 766 duxemt,
383 689 485 749 Cicero
512 693 659 750 memorat
685 688 770 749 Verr.
788 688 817 746 V
838 691 914 763 169,
943 687 1096 748 Valeriam
1128 707 1204 765 quae
1235 688 1372 749 Messana

225 779 404 856 Lilybaeum
426 797 530 840 uersus
549 779 654 839 tendat
677 777 784 838 Strabo
808 777 852 837 VI
869 798 897 854 p.
914 779 986 837 266.
1032 778 1103 837 Fuit
1130 780 1182 837 uia
1203 778 1259 837 illa
1281 797 1371 855 quam

225 868 335 930 Lucilii
357 887 454 930 comes
477 869 574 929 iussus
598 871 644 928 est
666 867 841 947 degrumare
864 868 971 926 autin
993 867 1124 943 praediis
1146 886 1239 945 prope
1261 867 1372 927 fretum

223 959 329 1036 positis
356 961 393 1017 ut
419 958 488 1018 inde
516 957 693 1018 aMessana
719 956 899 1034 principium
927 957 1039 1033 ceperit
1066 959 1120 1017 aut
1141 975 1234 1033 prope
1256 956 1372 1016 Dianae

223 1048 382 1126 tammum:
414 1066 474 1125 qua
505 1047 541 1105 de
573 1066 605 1105 re
637 1049 765 1107 certiora
796 1048 929 1105 statuere
954 1064 1015 1104 non
1042 1045 1152 1105 licebit.
1179 1076 1224 1086 —
1252 1038 1371 1126 castris]

225 1138 377 1198 ablaticus
395 1136 453 1197 loci
476 1138 577 1213 potius
600 1154 690 1213 quam
720 1135 854 1196 datiuus:
881 1134 950 1194 uide
977 1133 1039 1194 ind.
1058 1153 1182 1214 gramm.
1201 1154 1223 1196 1.
1237 1153 1267 1193 ιι.
1291 1134 1372 1195 abla-

224 1229 313 1288 tiuus.
337 1259 381 1268 —
403 1219 535 1307 mensor]
558 1225 661 1302 Polyb.
677 1223 720 1285 VI
738 1227 778 1285 41
810 1223 1011 1302 Marquardh'i
1032 1222 1209 1285 Mommseni
1231 1223 1371 1284 enchirid.

225 1316 318 1393 antiq.
332 1315 417 1376 Rom.
432 1307 474 1373 V’
492 1307 609 1397 (1884)
632 1335 661 1391 p.
678 1317 751 1375 418.
770 1346 815 1357 -
833 1313 878 1372 De
896 1315 966 1374 11111
984 1314 1052 1373 uide
1071 1312 1110 1374 ad
1127 1313 1179 1373 lib.
1192 1313 1237 1372 IV
1255 1334 1283 1374 ιι.
1300 1314 1372 1374 168.

224 1405 284 1466 VH
302 1427 330 1466 u.
347 1406 419 1465 284.

316 1486 398 1555 101.
421 1495 536 1554 Nonius
554 1514 583 1570 p.
600 1495 673 1568 123,
693 1493 734 1555 25
755 1488 878 1553 ‘Incitas
897 1493 1007 1552 dicitur
1025 1497 1150 1571 egestas.
1170 1539 1221 1552 ...
1240 1492 1372 1554 Lucilius

225 1588 396 1662 satyrarum
418 1583 468 1642 lib.
483 1583 531 1642 Π]
555 1579 654 1642 “illud
669 1630 675 1641 .
691 1628 697 1641 .
714 1628 720 1640 .
739 1583 826 1643 rediit
853 1584 942 1660 atque
971 1577 1248 1644 internecionem''.'
1295 1581 1373 1652 Quid

100 1720 102 1724 .
225 1674 266 1734 sit
287 1672 363 1732 illud
386 1672 465 1750 quod
487 1672 524 1731 ed
542 1673 775 1731 internecionem
792 1671 947 1732 redactum
965 1690 1027 1732 esse
1046 1672 1156 1732 dicitur
1174 1673 1237 1731 arui
1256 1672 1372 1748 nequit:

225 1764 352 1823 fortasse
375 1761 512 1822 debello
536 1762 734 1839 fugitiuorum
760 1763 862 1839 agitur
889 1761 969 1838 quod
996 1779 1063 1821 cum
1091 1763 1181 1839 plane
1204 1761 1373 1822 confectam

225 1854 273 1927 sit,
291 1851 367 1912 nihil
381 1851 499 1911 obstare
518 1853 640 1926 exponit
658 1850 754 1911 amico
772 1853 862 1927 poeta
880 1853 954 1928 quin
974 1851 1012 1910 ad
1030 1851 1142 1911 fretum
1159 1849 1371 1928 proficiscatur.

224 1941 323 2002 incita
340 1943 372 2001 et
388 1940 551 2001 internecio
571 1939 784 2017 parhomoeon:
802 1939 871 1999 uide
888 1940 949 1998 ind.
964 1959 1088 2018 gramm.
1102 1959 1125 2000 s.
1140 1960 1168 1999 ιι.
1187 1939 1372 2000 illitteratis

316 2023 398 2093 102.
426 2029 539 2090 Pr0bus
567 2029 606 2089 ad
633 2029 768 2090 bucolica
794 2028 923 2108 Vergilii
949 2049 978 2105 p.
999 2030 1076 2106 326,
1101 2032 1141 2089 11
1161 2029 1190 2088 Η
1220 2025 1372 2101 ‘Facelitis

225 2124 326 2180 autem
349 2120 465 2180 Dianae
492 2118 625 2179 Lucilius
653 2137 770 2195 quoque
798 2119 830 2178 in
857 2121 946 2178 tertio
973 2121 1144 2195 satyrarum
1171 2120 1309 2179 meminit
1330 2120 1373 2179 sic

227 2205 282 2270 “et
300 2255 307 2272 .
323 2255 352 2270 ..
375 2208 454 2269 freta
471 2225 638 2270 meseonem
661 2200 718 2290 (sic
742 2208 896 2269 Parisinus
920 2207 1106 2268 Monacensis
1129 2207 1303 2283 Vaticanus,
1324 2207 1373 2267 hic

225 2299 257 2359 in
288 2299 422 2377 margine
453 2291 619 2379 messanae)
644 2343 650 2360 .
671 2343 677 2356 .
698 2343 703 2357 .
727 2297 872 2357 lecelinae
905 2289 1079 2379 (foecelc‘aoc
1109 2290 1371 2379 Vaticanus)...

227 2383 379 2448 dianae'’.'
421 2386 569 2465 Loquitur
590 2390 681 2465 poeta
702 2387 775 2463 ipse,
798 2388 902 2448 comiti
924 2404 978 2446 sno
1001 2389 1054 2463 qui
1072 2390 1202 2464 exponat
1218 2389 1373 2462 tamquam

225 2496 354 2556 paterga
376 2479 493 2538 itineris
516 2476 596 2554 quod
616 2479 806 2553 suscepturus
824 2478 865 2537 sit
882 2493 982 2536 seeum
1000 2476 1113 2537 amicus
1132 2477 1199 2536 uiae
1219 2475 1373 2536 faciendae

225 2585 316 2627 causa
338 2570 373 2626 ut
395 2569 584 2643 exposuimus
607 2566 646 2626 ad
669 2568 763 2626 199.
809 2565 902 2625 quat
923 2565 1054 2626 conferre
1082 2563 1182 2625 Senes.
1201 2565 1311 2626 consol.
1335 2565 1373 2625 ad

225 2657 315 2717 Marc.
330 2655 416 2716 XVII
441 2652 480 2718 ‘si
502 2657 568 2733 quis
593 2655 753 2733 Syracusas
772 2656 887 2732 petenti
905 2655 1016 2715 diceret
1035 2650 1160 2717 “omnia
1177 2654 1373 2732 incommoda,

226 2763 327 2808 ornnes
363 2747 535 2823 uoluptates
567 2746 686 2807 tutrrae
721 2745 968 2823 peregrinationis
1005 2746 1076 2804 tuae
1115 2748 1185 2805 ante
1222 2762 1373 2824 cognosce,

225 2836 332 2896 deinde
354 2837 399 2895 ita
420 2838 539 2914 nauiga.
581 2834 654 2895 haec
672 2837 743 2895 sunt
761 2852 837 2910 quae
855 2835 960 2894 mirari
976 2833 1085 2910 possis:
1109 2833 1225 2894 uidebis
1242 2834 1373 2911 primum

225 2925 323 3002 ipsam
352 2925 483 2987 insulam
511 2923 549 2984 ab
579 2923 671 2984 Italia
700 2927 827 3002 angusto
856 2922 1057 2984 interscissam
1087 2923 1164 2984 freto
1188 2923 1373 2985 ...deinde

225 3014 341 3074 uidebis
360 3060 366 3073 .
383 3060 388 3072 .
405 3060 410 3071 .
429 3014 515 3073 illam
534 3013 700 3074 fabulosam
716 3011 896 3089 Charybdim
912 3060 917 3071 .
934 3060 940 3074 .
957 3060 962 3070 .
976 3012 1092 3073 uidebis
1106 3012 1373 3073 celebratissimum

227 3102 407 3163 carminibus
436 3103 549 3162 fontem
576 3096 802 3162 Arethusam'''
822 3122 847 3162 e.
862 3122 890 3179 q.
905 3120 927 3162 1.
981 3102 1146 3162 Enumerat
1177 3104 1267 3179 poeta
1298 3119 1373 3177 quos

226 3192 306 3252 locos
333 3192 385 3251 ille
413 3209 511 3251 secum
538 3193 657 3252 uisrrrus
684 3193 725 3251 sit
750 3193 896 3268 ponitque
927 3193 1025 3268 primo
1050 3192 1141 3264 freto,
1171 3194 1191 3249 i.
1214 3209 1237 3250 e.
1265 3191 1373 3264 fretum

227 3281 306 3357 quod
337 3283 447 3357 petisse
478 3279 627 3340 Lucilium
658 3280 826 3358 Porphyrio
859 3273 931 3364 (96)
967 3279 1074 3341 tradit:
1109 3280 1257 3357 pluralem
1294 3279 1374 3357 quod

226 3371 328 3447 posuit
348 3369 380 3429 id
403 3369 635 3447 comparandum
657 3374 704 3430 est
725 3388 793 3434 cum
815 3371 922 3445 1111111
944 3389 972 3429 ιι.
989 3371 1051 3429 104
1073 3361 1213 3451 (templa
1235 3368 1285 3429 dei
1302 3388 1373 3430 saxo

226 3459 390 3520 uenerabar
403 3462 517 3519 structa
529 3455 659 3519 uetusto'
674 3459 787 3538 Vergil.
796 3459 872 3521 Aen.
881 3459 928 3518 111
942 3460 1001 3534 843
1015 3459 1086 3519 conl
1096 3456 1187 3518 Ouid.
1197 3458 1291 3519 fastI
1307 3451 1372 3541 70).

225 3548 331 3625 Neque
363 3549 442 3608 enim
473 3549 536 3609 ullo
568 3550 634 3609 loco
661 3548 812 3628 Vergilius
841 3548 978 3613 adhibuit
1007 3550 1114 3622 1111111
1141 3549 1292 3627 singulare
1322 3547 1374 3609 sed

227 3638 336 3717 ubique
363 3638 521 3715 pluraliter
548 3639 650 3715 posuit
670 3639 755 3712 freta.
798 3638 901 3698 Etiam
922 3640 955 3697 in
977 3638 1108 3698 miliario
1131 3637 1241 3715 Popilii
1264 3637 1374 3699 fretum

227 3731 273 3788 est
295 3728 406 3789 iratum
428 3725 561 3789 Siculum
585 3727 764 3788 oIL1551
791 3723 841 3788 ‘ad
864 3729 975 3788 fretum
997 3728 1036 3787 ad
1054 3721 1222 3806 statuam').
1265 3727 1373 3789 Secun-

226 3821 277 3877 tur
304 3818 363 3879 duo
385 3818 496 3895 oppida
518 3817 556 3877 ad
579 3819 688 3877 fretum
717 3819 784 3878 sita.
820 3813 998 3877 ‘Messanam
1088 3819 1204 3896 Regina
1230 3813 1373 3879 moenia':

227 3910 299 3968 conf
323 3907 408 3968 Ouid.
427 3910 546 3967 metam.
565 3906 674 3966 XIV8
698 3925 779 3984 seqq.
806 3906 843 3966 de
871 3904 984 3968 Glauco
1013 3904 1147 3968 Siciliam
1174 3908 1374 3984 relinquente:

228 3992 370 4073 ‘liquerat
401 4000 432 4056 et
463 3997 604 4071 Zanclen,
641 3996 825 4072 aduersaque
860 3999 979 4058 moenia
1010 3997 1087 4076 Regi
1124 3998 1373 4076 nauihagumque

227 4082 347 4148 fretum'
381 4089 412 4146 et
442 4107 470 4144 u.
502 4088 541 4145 17
575 4081 675 4145 ‘litore
706 4087 738 4146 in
769 4086 876 4147 Italico
907 4087 1054 4146 Messenia
1090 4088 1209 4147 moenia
1244 4081 1374 4145 eontra’:

227 4174 263 4234 de
290 4177 405 4235 1111111
431 4174 518 4234 docet
544 4173 626 4234 Seru.
653 4179 759 4235 auctus
791 4176 830 4236 ad
856 4175 929 4235 Aen.
943 4176 975 4235 Π
994 4177 1058 4235 234
1092 4171 1186 4236 ‘urbis
1217 4176 1298 4234 tecta
1324 4175 1373 4232 uel

228 4263 313 4323 aedes
341 4259 567 4340 accipiendum’.
613 4262 708 4323 Addit
734 4263 840 4323 deinde
866 4263 1005 4341 liparas,
1033 4282 1108 4342 quas
1131 4267 1234 4323 utrum
1256 4263 1374 4337 adierit,

226 4354 374 4412 incertum
397 4370 435 4410 an
457 4352 665 4415 tantummodo
689 4354 907 4431 contemplatus
929 4356 971 4416 sit
992 4372 1009 4412 e
1032 4355 1111 4412 naui.
1158 4352 1217 4412 Sed
1239 4355 1374 4428 apparet,

227 4439 346 4519 Liparis
368 4461 435 4503 cum
464 4444 581 4519 peteret
603 4442 750 4519 Siciliam,
777 4442 833 4503 hac
860 4443 911 4502 uia
933 4442 1089 4502 Facelinae
1116 4442 1231 4521 templa
1257 4440 1373 4502 Dianae
