3060 5010
201 361 268 426 220
564 415 570 430 ,
619 358 708 428 xxvr
728 377 754 413 u.
775 364 926 424 ses-ose.

293 523 376 591 588.
404 529 520 590 Nouius
552 550 580 606 p.
603 530 680 605 253,
703 530 742 589 14
776 524 915 606 ‘Capera
947 528 1103 589 delectare.
1128 576 1134 587 .
1160 576 1165 588 .
1192 577 1197 588 .
1221 529 1355 591 Lucilius

202 621 253 679 lib.
273 619 372 679 XXVI
399 614 502 679 “nune
524 618 629 679 itidem
651 621 763 694 popiola
790 621 879 679 istm
906 621 1096 694 scriptoribus
1123 618 1354 680 noluimus...

202 703 367 769 illorum''.'
407 707 558 768 Excidisso
582 709 725 769 nonnulle
749 711 883 786 apparet.
922 704 1056 785 ‘Semper
1075 728 1131 788 ego
1151 709 1271 768 auditor
1289 713 1354 769 tan-

202 796 289 859 tum?
312 817 513 874 numquamne
533 817 675 874 reponam
693 802 819 859 uexatus
837 800 948 858 totiens
966 799 1049 858 rauci
1069 798 1212 859 Theseide
1231 795 1354 858 Cordil'

202 888 311 965 incipit
337 887 503 948 quenalis:
533 883 639 948 ‘secuit
661 887 794 948 Lucilius
817 886 921 948 urbem
941 935 946 946 .
968 934 974 946 .
995 935 1001 946 .
1021 907 1107 949 omne
1133 890 1220 948 naier
1245 888 1355 949 uitium

201 978 312 1038 ridenti
344 977 468 1037 Flaccus
501 978 597 1037 amico
630 978 760 1056 tangit.
786 1025 792 1036 .
818 1025 824 1036 .
850 996 897 1037 me
928 976 1053 1038 muttire
1086 971 1203 1038 nefas?'
1240 977 1355 1037 Pers.I

203 1070 359 1145 ildseqq.
397 1066 502 1143 Neque
525 1068 626 1126 tamen
649 1067 761 1145 populo
785 1086 848 1127 sese
871 1068 988 1144 placere
1010 1068 1107 1129 uoluit
1125 1067 1182 1127 hoo
1199 1067 1276 1127 libro
1295 1067 1355 1128 Lu·

203 1158 300 1233 cilius,
324 1155 375 1216 sed
397 1157 500 1233 paneis
525 1157 734 1218 tantummodo
756 1157 935 1232 hominibus,
959 1158 1047 1217 sicuti
1068 1157 1212 1218 Horatius
1235 1176 1320 1217 serm.
1339 1159 1355 1216 Ι

202 1251 231 1322 4,
253 1249 292 1307 72
305 1265 399 1323 sequ:
427 1245 531 1323 itaque
549 1247 661 1322 populo
685 1239 978 1329 (coaners.115)
1003 1251 1034 1307 et
1060 1247 1179 1307 diuum
1207 1246 1355 1307 uocabula

201 1336 280 1396 inter
299 1354 330 1397 se
349 1339 421 1395 sunt
439 1335 597 1396 contraria.
632 1335 818 1396 Sententiam
837 1335 966 1395 mediam
985 1354 1121 1396 mancam
1141 1355 1204 1396 esse
1218 1339 1354 1413 apparet,

202 1426 254 1487 sed
277 1428 396 1503 praeter
418 1427 507 1485 isium
531 1427 632 1485 omnia
659 1425 800 1486 uidentur
827 1444 890 1485 esse
918 1444 999 1485 sana.
1020 1458 1061 1467 —
1082 1444 1184 1501 capere
1212 1429 1354 1495 animum,

202 1516 339 1594 uulgaris
363 1516 519 1576 sermonis:
547 1515 728 1576 Petronii
758 1510 906 1575 ‘dominus
934 1514 966 1574 in
990 1515 1077 1576 domo
1101 1517 1198 1576 faetus
1221 1534 1301 1589 sum,
1324 1520 1356 1575 et

202 1624 269 1666 ecce
293 1606 359 1682 cepi
382 1603 483 1681 ipsimi
505 1600 696 1664 cerebellnm'
721 1604 807 1667 Ouid.
826 1607 895 1663 met.
915 1604 959 1662 IV
979 1607 1040 1665 271
1068 1600 1193 1665 ‘iactum
1217 1605 1354 1664 mirabile

203 1696 324 1771 ceperat
347 1689 455 1753 aures’.
473 1726 518 1735 —
536 1695 663 1764 iliorum,
687 1712 762 1771 qnos
784 1712 852 1753 mox
875 1695 1068 1755 enumerabit.

293 1775 376 1845 590.
400 1783 518 1843 Nonius
536 1803 564 1861 p.
587 1787 659 1859 297,
681 1787 720 1844 17
747 1777 871 1843 ‘Efferre
895 1785 1045 1863 significat
1063 1786 1204 1862 proferre.
1224 1830 1230 1844 .
1295 1783 1353 1843 Lu·

202 1873 288 1933 cilius
303 1871 353 1932 lib.
364 1872 463 1932 XXVI
477 1866 557 1952 “ego
573 1920 579 1931 .
596 1920 601 1932 .
618 1920 624 1933 .
639 1867 805 1933 uersum''.’
829 1893 864 1932 ex
878 1874 1073 1950 praecordiis:
1088 1873 1252 1935 confLucr.
1263 1873 1353 1933 1412

203 1958 309 2040 ‘usqne
333 1962 407 2022 adeo
431 1963 531 2041 largos
553 1963 678 2022 haustus
701 1984 718 2023 e
741 1963 875 2023 fontibus
898 1965 1016 2042 magnis
1039 1965 1143 2043 lingua
1164 1982 1231 2023 meo
1253 1966 1354 2024 suanis

202 2053 259 2112 diti
282 2051 318 2111 de
340 2054 459 2129 pectore
483 2052 588 2120 fundet
610 2055 645 2111 ut
667 2072 774 2112 uerear
795 2073 832 2113 ne
855 2052 944 2112 tarda
966 2053 1049 2131 prius
1072 2074 1126 2131 per
1148 2052 1281 2112 membra
1310 2072 1354 2113 se-

201 2144 305 2203 nectus
333 2144 434 2218 serpat
452 2186 459 2201 .
480 2189 486 2200 .
508 2189 513 2201 .
534 2160 624 2218 quam
651 2142 708 2202 tibi
736 2143 772 2202 de
800 2143 908 2219 quauis
935 2162 995 2202 nna
1027 2163 1060 2202 re
1092 2142 1226 2203 uersibus
1258 2143 1354 2203 omnis

202 2232 445 2311 argumentorum
468 2234 508 2291 sit
527 2233 613 2310 copia
631 2231 722 2292 missa
740 2251 794 2309 per
812 2227 913 2292 auris’.
952 2233 1079 2292 Versum
1098 2253 1115 2293 e
1131 2235 1251 2311 pectore
1271 2232 1355 2291 effert

202 2323 293 2399 poeta
316 2320 388 2380 dum
412 2319 508 2380 dictat
530 2339 622 2398 puero
645 2321 795 2383 scribenti.

293 2403 493 2472 tat-596.
514 2410 637 2472 Crassus
656 2411 735 2489 apud
750 2410 920 2473 ciceronem
939 2412 975 2471 de
994 2411 1257 2486 saturanum
1277 2429 1353 2487 quae

202 2500 324 2577 scripsit
348 2519 427 2561 anuo
456 2493 582 2579 699s55
612 2496 702 2561 ‘Nam
733 2504 769 2561 ut
796 2500 826 2560 0.
845 2501 991 2576 Lucilius,
1019 2501 1107 2563 homo
1135 2503 1166 2560 et
1191 2500 1295 2562 doetus
1323 2504 1355 2561 et

201 2589 401 2668 perurbanus,
433 2589 529 2650 dicere
561 2589 689 2666 solebat,
721 2609 811 2665 usque
842 2609 873 2651 se
904 2592 942 2650 nb
973 2592 1180 2652 indoctissimis
1211 2608 1303 2665 ccccc
1335 2610 1354 2649 o

202 2681 377 2740 mmmmm
408 2679 464 2755 ispi
495 2681 582 2750 uelle,
614 2680 691 2754 quod
720 2682 804 2740 alteri
835 2681 909 2742 nibil
940 2681 1146 2754 tuicllcperenl,
1178 2681 1264 2740 oliui
1281 2680 1354 2755 pins

202 2770 327 2842 fortusse
358 2787 447 2844 quum
478 2771 553 2845 ipse,
585 2769 621 2828 de
654 2788 713 2847 quo
745 2771 835 2831 etiam
863 2769 984 2847 scripsit
1012 2765 1171 2831 “Persium
1200 2788 1260 2830 non
1284 2787 1353 2830 curo

203 2853 335 2938 legere'’,
371 2859 420 2919 hic
451 2858 511 2921 irrit
543 2861 635 2934 enim,
672 2863 707 2919 nt
737 2878 889 2934 noramns,
926 2861 1058 2919 omnium
1092 2860 1153 2919 lere
1184 2862 1353 2919 nostrorum

203 2948 359 3009 hominum
387 2949 597 3021 doctissumus,
626 2944 786 3008 “Laelium
814 2949 978 3009 Decumum
1001 2943 1105 3023 uolo”,
1136 2967 1223 3024 quem
1247 2967 1353 3026 cogno-

202 3039 301 3099 uimns
324 3040 423 3098 uirum
445 3038 556 3098 bonum
579 3041 609 3097 et
634 3057 693 3098 non
720 3039 932 3114 inlitteratum,
962 3038 1014 3098 sed
1041 3039 1116 3098 nihil
1145 3037 1182 3098 ad
1205 3037 1354 3098 Persium:

203 3129 247 3189 sic
274 3146 329 3205 ego
349 3123 410 3187 ...'
464 3127 580 3188 Plinius
607 3130 668 3187 nat.
687 3127 756 3187 hist.
775 3128 906 3206 praeii
937 3123 1107 3188 ‘Praeterea
1134 3132 1180 3188 est
1207 3126 1352 3204 quaedam

205 3217 325 3293 publica
347 3218 439 3276 etiam
462 3216 644 3277 eruditorum
667 3217 800 3291 reiecti03
829 3219 925 3277 utitur
946 3217 1000 3277 illa
1024 3220 1055 3277 et
1076 3218 1116 3277 M.
1131 3216 1248 3278 Tullius
1271 3219 1354 3277 extra

206 3325 323 3368 omnem
345 3307 459 3385 ingenii
486 3305 582 3366 aleam
605 3308 721 3383 positus
744 3310 786 3381 et,
813 3307 894 3383 qnod
917 3308 1072 3381 miremur,
1098 3327 1152 3384 per
1175 3307 1354 3371 aduocatum

205 3395 387 3456 defenditur:
411 3390 489 3456 “nec
512 3396 699 3457 doctissimis.
745 3391 768 3474 †
791 3398 931 3457 Munium
954 3391 977 3474 †
999 3398 1134 3456 Persium
1162 3397 1233 3456 haec
1255 3397 1353 3475 legere

204 3486 283 3560 nolo,
306 3485 426 3545 Iunium
450 3485 584 3565 Congum
611 3481 715 3547 nolo’'.
762 3486 841 3561 quod
873 3488 899 3545 si
922 3486 977 3547 hoc
1000 3486 1141 3562 Lucilius,
1165 3488 1218 3564 qni
1239 3486 1353 3562 primns

206 3574 341 3635 condidit
366 3574 429 3635 stili
456 3594 574 3650 nasum,
598 3575 754 3636 dicendum
778 3575 835 3635 sibi
857 3577 991 3652 putauit,
1016 3575 1118 3637 (licere
1148 3575 1354 3649 mutuandum,

205 3666 381 3742 praesertim
409 3683 473 3724 cum
502 3665 538 3725 de
568 3684 600 3724 re
627 3664 747 3742 publica
771 3656 836 3745 (lib.
856 3665 871 3723 1
893 3667 950 3724 inc.
970 3665 1067 3726 sedl
1097 3666 1246 3725 Muelleri:
1275 3682 1353 3724 anno

209 3747 350 3836 700s54)
373 3754 523 3829 scriberet,
546 3757 659 3831 quanto
682 3773 735 3816 nos
759 3754 909 3816 causatius
928 3754 966 3813 ab
986 3755 1087 3832 aliquo
1106 3755 1203 3815 iudice
1222 3752 1352 3814 defendi·

206 3840 307 3904 mus?'
355 3842 456 3903 (iicero
480 3843 515 3903 de
538 3843 587 3904 fin.
605 3844 621 3902 I
641 3846 707 3917 3,7
734 3863 812 3903 auno
838 3837 962 3923 709l45
992 3840 1066 3906 ‘Nec
1093 3865 1163 3906 uero
1191 3847 1226 3903 nt
1252 3846 1354 3904 noster

205 3932 351 4008 Lucilius,
379 3932 533 4007 recusabo,
561 3935 741 4010 quominus
769 3952 871 3993 omnes
897 3953 965 3995 mea
991 3935 1101 4013 legant.
1146 3937 1259 3994 utinum
1283 3936 1354 3993 acar

205 4024 254 4083 ilic
276 4024 412 4083 Persius!
457 4021 554 4097 Scipio
576 4041 645 4084 acro
668 4027 694 4082 ct
716 4023 848 4083 Rutilius
870 4024 961 4084 multo
984 4025 1070 4084 stiam
1092 4026 1203 4099 mucia·
1230 4040 1354 4097 quornm

205 4114 254 4172 iiie
274 4113 416 4172 brutam
433 4112 637 4185 referendario,
663 4113 830 4172 Tarentinis
852 4115 895 4173 cit
912 4130 943 4173 se
962 4118 988 4173 et
1007 4112 1189 4174 casalinis
1208 4111 1354 4172 adiutus

206 4197 350 4262 scribere'.
393 4200 518 4261 Dixerat
539 4200 729 4262 aduersarius
752 4197 851 4262 ‘nemo
872 4205 974 4264 uestra
997 4203 1114 4262 curabit
1135 4203 1195 4263 nisi
1214 4203 1354 4279 portenta

207 4292 372 4370 anguisqne
403 4291 532 4351 nolucris
570 4309 604 4351 ac
642 4293 782 4366 pinnatos
814 4288 964 4353 scribitis'.
1019 4291 1189 4370 Respondet
1220 4290 1353 4351 Lucilius

208 4376 286 4458 ‘ego
299 4379 350 4439 ubi
373 4398 461 4455 quem
484 4399 519 4439 ex
541 4380 722 4457 praecordiis
745 4382 841 4442 sciero
864 4377 993 4442 uersum'
1011 4428 1016 4440 .
1032 4427 1060 4441 ..
1080 4402 1139 4442 non
1161 4399 1261 4441 omnes
1285 4400 1354 4441 eum

206 4470 304 4554 legere
334 4487 412 4534 curo.
462 4468 601 4533 Imitatus
634 4473 679 4533 est
710 4469 908 4534 Persiue12
932 4471 984 4533 ubi
1016 4471 1204 4534 aduersarius
1236 4464 1353 4542 “‘Quis
