3030 5002
605 356 632 412 11
648 374 675 412 u.
695 362 810 413 es-ss.
1239 359 1282 426 39

133 530 169 590 ut
199 529 244 589 sit
272 527 420 603 Lucilius,
452 531 598 591 sunctum
629 527 753 589 uerbum
784 522 920 590 uiderse'.
971 526 1087 590 Plinius
1119 531 1180 590 net.
1212 529 1281 591 hiet.

132 618 258 678 XXXVI
274 619 337 679 185
357 613 570 695 'Frequentata
587 636 659 679 uero
673 617 847 695 pauimenta
860 621 930 678 ante
945 615 1125 678 Cimbricum
1141 610 1280 700 (bellum)

132 725 243 787 magns
266 708 365 787 grstia
387 708 554 768 animosum
576 707 688 768 indicio
713 709 759 767 est
781 705 953 767 Lucilianus
981 706 1033 767 ille
1060 725 1164 768 uersus
1193 703 1282 768 “arte

127 799 295 872 pauimenti
328 790 385 880 (sic
418 796 473 857 οοδ
503 796 732 875 Bsmbcrgeusis
764 795 889 874 aliique:
927 795 980 856 ulii
1006 788 1281 879 pauimenta)...

132 887 327 947 uermiculetc
367 878 585 968 (ucrmtcrelutcs
620 885 863 965 Bembergensisr
904 887 1040 963 sequitur
1077 883 1281 947 Subdialis''.'

132 974 334 1046 Quintilianus
352 976 395 1035 IX
415 978 445 1051 4,
466 977 528 1037 113
553 971 572 1034 ἦ
589 1022 616 1034 ..
643 978 669 1037 si
692 976 812 1052 quidem
839 975 944 1036 relicto
967 993 1067 1036 rerum
1089 975 1220 1053 pondere
1249 995 1284 1037 sc

132 1066 229 1126 nitore
252 1067 422 1142 contempto
444 1065 613 1140 tesserulae,
635 1067 671 1126 ut
692 1067 737 1125 sit
754 1063 896 1140 Lucilius,
919 1066 1016 1125 struet
1038 1067 1068 1125 et
1085 1064 1283 1127 uermiculete

133 1146 340 1236 (uermiculclu
352 1145 582 1235 Ambrosianus)
601 1149 719 1232 in<ter>
737 1172 769 1216 se
782 1155 856 1214 lexis
870 1156 1040 1215 committet
1054 1146 1144 1236 (inter
1162 1154 1283 1234 Regius,

132 1246 164 1304 tn
186 1234 298 1324 οοδδ)’.
339 1242 433 1303 Ludit
455 1245 557 1321 aperte
581 1244 726 1304 Scaeuola
747 1244 794 1304 his
817 1242 917 1303 uerbis
940 1242 1061 1304 Albucii
1084 1244 1283 1305 adulescentie

132 1334 298 1394 cretionem
329 1333 490 1412 diligenter
521 1333 729 1393 elucubratam
760 1332 976 1409 uerborumque
1009 1333 1206 1393 collocatione
1237 1335 1283 1395 in·

132 1424 245 1482 usitate
267 1423 424 1500 pueriliter
446 1441 643 1484 numerosum.
688 1423 719 1484 Is
743 1422 776 1481 T.
790 1421 937 1483 Albucius
962 1416 1032 1481 ‘luit
1055 1420 1182 1483 Athenis
1209 1423 1282 1483 edu·

131 1513 252 1587 lescens‚
274 1513 423 1590 perfectus
443 1511 607 1589 Epicureus
629 1514 779 1572 euaserat:
802 1513 926 1572 minime
943 1513 1046 1587 aptum
1067 1511 1105 1571 ad
1125 1511 1282 1573 dicendum

131 1597 235 1681 genne'
261 1594 336 1682 (cic.
355 1601 441 1661 Brut.
463 1593 541 1683 131)
564 1605 595 1662 et
615 1603 717 1664 crater
736 1601 859 1678 llpicuri
877 1601 1015 1679 mugistn'
1033 1601 1145 1662 malem
1164 1601 1283 1663 dicendi

132 1689 376 1752 consuetudinem
399 1690 519 1751 uidetur
542 1709 604 1752 csse
628 1693 748 1752 secutus
771 1691 807 1750 de
831 1709 891 1768 qus
914 1691 996 1751 'l'bec
1014 1689 1071 1751 Re
1089 1689 1105 1750 I
1122 1711 1152 1768 p.
1173 1691 1282 1752 1sew

130 1779 233 1855 1171,
255 1779 345 1858 lSp.:
376 1776 565 1859 ἐπιμελητέον
592 1775 625 1840 δὲ
657 1776 707 1840 καὶ
740 1787 792 1858 τῆς
825 1775 995 1851 συνθέσεως
1026 1787 1085 1840 τῶν
1116 1775 1282 1859 ὀνομάτων,

130 1867 226 1929 πάντα
254 1868 432 1931 διδάσκοντα
459 1867 489 1941 ἕξ
517 1860 560 1929 ὧν
589 1868 801 1947 διαφεύξονται
832 1866 864 1928 τὸ
896 1876 994 1941 κακῶς
1027 1866 1200 1931 σοντνδὲναι
1232 1867 1282 1930 καλ

130 1957 254 2035 μάλιστα
281 1953 313 2019 δὲ
340 1956 395 2037 τὴν
422 1956 564 2038 ἔμμετρον
591 1955 642 2018 καλ
669 1956 823 2039 ἔνρυθμον
850 1955 929 2032 λέξιν
959 1953 1001 2031 ὡς
1033 1955 1067 2017 τὰ
1099 1955 1191 2019 πολλὰ
1206 1967 1282 2033 τῶν

126 2038 271 2128 Ἡγησίου
294 2054 348 2108 τοῦ
372 2045 496 2129 ῥήτορος
523 2044 573 2107 καλ
600 2056 660 2108 τῶν
679 2041 825 2108 Ἀσιανῶν
852 2044 1043 2126 καλουμένων
1070 2046 1204 2128 ῥητόρων
1231 2048 1284 2109 καί

130 2158 195 2198 τινα
227 2144 285 2197 τῶν
315 2129 495 2219 Ἐπικούρου
523 2129 645 2220 (fragm.
667 2140 738 2198 105.
761 2139 821 2198 131
843 2128 963 2218 Vsen.):
994 2137 1119 2215 Epicuri
1151 2137 1281 2198 doctoris

130 2228 209 2287 enim
236 2228 433 2287 elocutionem
461 2227 597 2289 solebant
623 2228 739 2287 imitari
770 2226 912 2304 discipuli
939 2231 969 2287 et
1001 2226 1164 2303 discipulae
1198 2220 1284 2308 (conf

129 2315 320 2376 Wilhelmine
339 2312 466 2377 Oeeterr.
485 2315 620 2378 Jahresh.
639 2316 671 2377 ll
692 2316 776 2377 1899
796 2337 825 2395 p.
846 2311 1026 2393 thseqq.).
1064 2314 1178 2377 Similis
1197 2316 1280 2377 uide-

129 2409 179 2465 tur
200 2406 291 2466 fuisse
315 2404 427 2468 locutio
450 2405 570 2466 Albucii
593 2406 640 2466 illi
663 2426 753 2483 quam
776 2404 896 2466 Geelius
918 2404 1080 2482 Antipater
1104 2407 1135 2467 in
1165 2405 1280 2468 deliciis

129 2493 246 2554 babuit:
270 2495 342 2556 cens
363 2492 422 2554 Cic.
441 2513 483 2555 cr.
504 2496 576 2554 230.
618 2496 728 2555 Iniciet
751 2493 911 2554 Albucium
934 2494 1051 2555 Mucius
1076 2496 1111 2553 ut
1134 2494 1280 2556 Graecum

129 2584 279 2644 hominem
302 2603 370 2645 cum
392 2586 486 2661 ponat
509 2583 689 2646 Graecorum
712 2585 977 2663 grammaticorum
1000 2583 1179 2644 uocabulum
1206 2585 1280 2645 lexis

128 2673 286 2750 lepideque
309 2676 464 2751 comperet
487 2673 633 2735 uocabula
657 2672 815 2734 artificiose
838 2674 1004 2750 composita
1026 2673 1179 2733 tesserulis
1206 2675 1279 2733 erti-

128 2762 216 2822 ficum
238 2765 397 2824 musiuarii
419 2765 472 2840 qui
495 2763 643 2823 dicuntur.
690 2760 795 2839 Operis
820 2764 931 2822 musiui
958 2762 1195 2822 uetustissimum
1218 2760 1276 2821 Lu·

128 2852 191 2912 cilii
213 2854 287 2913 istos
311 2870 413 2914 uersus
436 2871 499 2914 csse
523 2853 729 2914 testimonium
751 2853 782 2911 et
799 2851 916 2911 Plinius
936 2850 1086 2911 intellexit
1103 2851 1122 2908 l.
1142 2869 1164 2912 s.
1184 2871 1206 2912 s.
1227 2855 1279 2928 qui

123 2944 291 3016 pauimenti
317 2942 397 3002 male
424 2961 478 3019 prc
506 2942 680 3020 pauimento
703 2940 842 3003 uidentur
863 2942 1012 3019 posuisse,
1039 2939 1128 3002 mode
1149 2960 1187 3001 ne
1211 2959 1279 3019 pec·

128 3031 204 3092 carit
230 3030 384 3107 librarius,
416 3034 448 3092 et
475 3049 577 3093 omnes
604 3033 657 3109 qui
683 3031 740 3093 hcc
766 3031 885 3092 saeculo
913 3030 950 3090 de
976 3030 1034 3090 bac
1060 3031 1125 3091 arte
1155 3033 1280 3110 egerunt

128 3120 224 3180 ueluti
247 3120 470 3198 Marquardtius
497 3122 616 3182 Meuius
644 3119 681 3181 (le
708 3121 774 3180 uite
799 3121 922 3198 priuats
944 3139 973 3198 p.
992 3119 1027 3179 It.
1046 3139 1074 3197 p.
1095 3120 1173 3179 627:
1201 3138 1279 3197 quse

129 3228 178 3269 urs
200 3209 347 3288 Pergamo
369 3208 458 3271 modo
486 3210 610 3272 inductu
636 3228 698 3272 esse
726 3209 846 3271 uidetur
873 3211 905 3270 et
926 3209 1051 3270 Remum
1079 3211 1110 3269 et
1137 3211 1169 3268 in
1192 3207 1278 3270 Gam-

129 3299 264 3376 paniam:
292 3302 363 3360 sunt
384 3299 466 3359 enim
488 3301 654 3360 clarissime
676 3300 731 3360 illa
753 3299 927 3360 lithostrota
950 3298 1055 3359 domus
1077 3298 1175 3359 Fauni
1202 3317 1279 3377 quae

129 3387 239 3449 dicitur
253 3389 453 3467 Pompeianus
472 3391 571 3450 aetste
589 3391 651 3449 fere
665 3388 774 3450 Lucilii
794 3390 872 3450 senis
891 3389 939 3448 uel
958 3389 1049 3464 paulo
1066 3389 1135 3465 post
1152 3390 1278 3449 mortem

128 3479 235 3554 pcetse
269 3480 455 3539 concinnata.
483 3511 518 3520 -
546 3473 730 3558 compostae]
769 3478 852 3539 deest
887 3477 1012 3539 uerbum
1047 3477 1279 3553 substsntiuum,

129 3568 200 3627 conf
215 3567 276 3627 ind.
291 3586 415 3647 gramm.
430 3587 452 3627 s.
467 3587 496 3627 u.
515 3567 637 3645 ellipsis.
652 3600 695 3610 —
711 3567 762 3628 85.
782 3564 860 3647 erte]
881 3567 926 3628 its
943 3567 1032 3648 Verg.
1046 3566 1152 3646 (λιστα.
1171 3566 1215 3627 IV
1235 3568 1276 3629 56

130 3651 211 3718 ‘lrinc
234 3659 298 3718 erte
320 3659 452 3718 recentes
475 3657 625 3718 excudunt
647 3652 740 3718 ceras’
760 3657 865 3718 οιιδοιιι
886 3675 990 3718 uersus
1008 3656 1077 3717 sede
1094 3655 1167 3717 Aen.
1181 3657 1197 3717 I
1212 3657 1276 3716 639

129 3740 205 3806 ‘arte
222 3744 377 3807 laboratus
395 3748 494 3808 uestes
512 3748 652 3824 cetu-eque
671 3741 809 3824 superbc'
830 3744 916 3806 Ouid.
937 3765 963 3807 s.
982 3765 1008 3805 u.
1028 3745 1043 3805 I
1062 3747 1081 3805 3
1104 3741 1181 3805 ‘arte
1199 3745 1278 3805 citse

128 3835 252 3914 ueloque
271 3838 351 3896 rates
368 3855 510 3914 remoque
528 3831 697 3898 mouentur’
713 3855 737 3895 e.
753 3856 780 3913 q.
795 3854 817 3895 s.
837 3833 897 3895 Cic.
912 3836 949 3896 de
963 3854 1004 3895 cr.
1019 3834 1066 3893 III
1083 3834 1144 3894 196
1165 3828 1276 3894 ‘uerbis

128 3925 192 3985 erte
224 3926 330 4001 positis
362 3928 521 3986 mouentur
552 3920 674 3987 omnes'.
700 3924 939 4002 —pauimento
971 3926 1063 3999 utque
1100 3921 1277 3984 emblemate

129 4007 339 4093 uermiculato]
357 4013 517 4076 Ablatiuus
539 4017 585 4074 est
598 4016 657 4075 loci
675 4015 764 4075 uenti
782 4013 888 4074 libroI
907 4009 1044 4074 ‘concilio
1064 4012 1189 4088 antique
1203 4005 1277 4093 (30)

127 4103 224 4179 priore
244 4104 371 4163 concilio
390 4096 476 4186 (28):
495 4104 564 4164 uide
581 4104 642 4164 ind.
661 4122 785 4181 gramm
801 4122 823 4162 s.
838 4123 866 4163 u.
886 4102 1044 4163 eblatiuus.
1069 4101 1277 4162 Pcuimentecm

127 4193 357 4252 uermiculatum
396 4195 476 4271 quod
516 4193 627 4254 dicitur
661 4192 769 4253 Latine
806 4191 916 4253 Graece
957 4192 1068 4251 dieitur
1108 4193 1276 4252 accuratius

128 4282 265 4342 essum
287 4282 530 4357 uermiculstum‚
558 4301 636 4358 quse
663 4285 818 4358 temqunm
841 4280 940 4360 lepide
963 4281 1045 4343 facta
1072 4281 1142 4342 sunt
1170 4280 1276 4340 sulces

128 4368 261 4432 Attalica
288 4372 372 4432 humi
399 4372 564 4448 prostrate:
595 4372 732 4432 tessellae
760 4370 895 4449 singulae
922 4390 990 4433 eum
1017 4371 1187 4432 uermiculis
1215 4371 1276 4430 sint

128 4461 308 4536 simillimae,
331 4479 406 4538 cpus
429 4465 527 4522 totum
545 4461 656 4522 dicitnr
673 4460 903 4522 uermiculatum
921 4461 999 4521 unde
1018 4460 1192 4520 aduerbium
1211 4477 1275 4518 cer·
