3060 5010
607 387 646 442 1x
663 407 691 443 u.
711 394 860 446 arr-aer.
1248 392 1312 458 139

163 560 268 620 theton
292 560 384 637 atque
407 560 515 619 canina
538 559 564 617 ai
586 556 692 638 lingua
714 557 793 635 dico,
816 557 892 619 nihil
916 560 955 619 ad
977 579 1038 636 me,
1063 580 1170 623 nomen
1192 563 1244 622 hoc
1265 562 1314 623 illi

164 645 242 710 est”.
288 649 361 709 item
384 644 423 708 “s
446 651 581 708 nostrum
604 651 635 708 et
656 651 827 725 smiyrocce
855 650 935 726 quod
961 650 1089 713 dicimus
1116 654 1213 730 sigma
1240 654 1314 712 61111

164 741 271 800 erroris
293 732 417 799 hebet”.
464 740 590 816 apparet
612 757 682 817 6136
705 740 778 798 haec
801 739 878 799 nihil
901 740 985 800 aliud
1007 760 1098 819 quam
1125 742 1224 802 locum
1253 743 1313 819 syl-

163 828 249 890 labae
273 832 373 888 tenere
395 847 450 887 nec
467 830 569 889 tamen
588 828 720 905 syllabas
739 824 822 889 esse'.
859 829 986 890 Versum
1004 832 1134 908 primum
1153 850 1170 891 6
1189 831 1313 892 librario

163 917 249 979 foede
271 918 494 996 pessumdatum
518 936 581 977 esse
602 920 739 994 apparet:
763 918 855 978 uerba
874 937 997 980 arcer
1020 921 1122 981 littera
1140 942 1156 980 r
1173 921 1313 981 librarius

164 1008 295 1084 deduxit,
318 1007 424 1067 deinde
447 1027 515 1083 uox,
538 1026 615 1083 quae
638 1009 769 1069 numeris
792 1009 967 1085 repudiatur
989 1011 1078 1080 obest,
1101 1030 1137 1071 ex
1160 1010 1221 1071 illis
1244 1030 1264 1070 ο
1281 1029 1314 1071 rc

164 1102 237 1159 nata
259 1100 313 1158 est.
348 1098 385 1157 In
408 1097 503 1157 altero
527 1116 615 1157 uersu
638 1098 736 1156 sitoc
753 1099 938 1175 corripimus,
961 1102 1041 1160 stare
1058 1098 1179 1162 uidetur
1196 1119 1313 1161 uersus:

165 1187 244 1265 quod
266 1187 332 1248 fieri
354 1205 441 1265 posse
463 1187 489 1246 is
512 1187 600 1247 facile
623 1186 733 1262 credat,
758 1188 812 1263 qui
833 1191 954 1264 poetam
977 1208 1027 1250 ore
1049 1187 1166 1267 cdruplo
1194 1182 1312 1271 (inccrt.

164 1299 192 1337 u.
214 1269 315 1358 1243)
337 1278 371 1335 in
394 1276 475 1338 exitu
497 1276 662 1336 hexametri
684 1279 817 1354 posuisse
844 1281 1040 1355 grammatico
1068 1279 1225 1340 crediderit
1252 1282 1313 1339 tra·

165 1367 255 1427 denti.
301 1367 366 1444 1136
390 1384 470 1426 1116
492 1366 544 1426 hoc
571 1385 669 1427 errore
695 1366 812 1426 librarii
840 1387 875 1426 ex
902 1368 1077 1446 compendio
1092 1372 1135 1442 «Η
1149 1369 1168 1428 1.
1188 1389 1213 1429 6.
1237 1371 1314 1429 enim

164 1460 268 1517 netum
288 1475 352 1517 esse
375 1457 531 1516 statuerim
551 1447 624 1537 (Cic.
641 1452 723 1516 Orat.
739 1455 776 1516 ed
788 1455 998 1537 Heerdegenus
1011 1457 1091 1535 Lips.
1109 1460 1194 1519 1884
1213 1480 1241 1536 p.
1256 1459 1314 1518 ΧΠ

164 1547 197 1606 L.
213 1545 366 1606 Traubeua
392 1546 491 1606 Neues
514 1544 626 1606 Archiv
645 1547 665 1605 f.
684 1555 711 1605 a.
730 1545 757 1604 d.
778 1544 882 1606 Gesch
901 1547 1103 1608 xxv11901
1124 1569 1153 1625 p.
1174 1540 1254 1629 240)
1283 1551 1314 1608 61

164 1637 237 1696 haec
263 1636 326 1695 1616
354 1633 484 1694 arbitror
510 1635 662 1712 scripsisse
690 1639 824 1713 poetam:
856 1656 884 1695 r:
916 1656 976 1697 non
1008 1636 1137 1697 multum
1169 1641 1227 1712 est,
1258 1637 1314 1698 hoc

164 1725 396 1802 cacosyntheton
419 1727 509 1802 atque
533 1724 641 1785 senine
664 1726 690 1785 si
712 1725 817 1804 lingua
840 1725 919 1786 dico:
947 1726 1024 1787 nihil
1052 1726 1090 1786 ad
1118 1746 1178 1802 me,
1206 1746 1313 1787 nomen

165 1818 241 1875 mim
263 1815 312 1874 illi
334 1819 387 1875 est.
433 1813 516 1875 Dicit
541 1816 637 1894 igitur
664 1819 767 1892 poeta:
799 1811 866 1876 ‘hoc
888 1836 904 1876 r
927 1817 952 1877 si
980 1817 1211 1894 cacosyntheton
1239 1816 1313 1893 dico,

165 1909 195 1965 et
209 1905 234 1965 si
254 1906 362 1964 canina
379 1904 485 1983 lingua
504 1903 578 1980 dico,
601 1924 660 1964 non
679 1905 807 1965 multum
825 1909 883 1966 est:
906 1906 963 1967 hoc
981 1907 1057 1966 nihil
1077 1905 1115 1967 ad
1133 1926 1194 1983 me;
1213 1926 1315 1966 namr

164 1995 211 2055 illi
233 1996 352 2055 litterae
375 2013 483 2054 nomen
505 1995 638 2072 proiecto
662 1988 727 2054 est'.
772 2013 832 2055 ιιοιι
853 1996 978 2055 maltam
999 1997 1118 2056 seruaui
1141 2000 1314 2073 comparato

165 2106 192 2144 u.
214 2086 278 2144 374
302 2085 354 2144 ubi
377 2083 447 2143 uide
470 2103 549 2161 quae
572 2084 792 2145 adnotauimus.
835 2080 1085 2162 ‘Cacosyntheton
1109 2089 1155 2146 est
1176 2084 1314 2146 indecens

164 2176 318 2236 structura
340 2173 498 2234 uerborum
521 2173 592 2234 talis
613 2177 648 2234 ut
671 2168 841 2250 “aereaque
864 2176 1025 2235 iuuencum
1047 2178 1133 2254 terga
1150 2176 1314 2254 fatigamus

164 2258 294 2326 hastam
319 2262 432 2324 Charis.
453 2262 503 2323 GL
517 2262 533 2323 I
551 2284 579 2341 p.
596 2265 669 2338 271,
685 2263 765 2322 2211
783 2263 989 2325 Diomedis.
1010 2286 1038 2342 p.
1054 2266 1128 2340 451,
1145 2267 1184 2324 17
1204 2264 1313 2324 Donat.

164 2354 184 2416 l.
203 2373 225 2415 s.
244 2353 287 2414 IV
306 2375 334 2431 p.
355 2354 429 2427 395,
450 2354 500 2412 18.
525 2353 599 2428 392,
618 2355 659 2413 27
683 2352 1314 2431 16111611.6716454171161.

165 2444 345 2522 6113133,
366 2444 415 2503 12.
466 2441 515 2502 Ad
540 2444 620 2503 hunc
647 2461 735 2520 quem
762 2444 815 2502 isti
843 2462 944 2504 omnes
973 2443 1113 2504 adfenrnt
1134 2443 1262 2522 Vergilii
1285 2464 1313 2502 u.

165 2534 238 2594 Aen.
257 2533 301 2593 IX
320 2534 383 2594 606
408 2531 534 2593 adnotat
557 2534 661 2593 auctus
685 2534 738 2609 qui
760 2533 870 2592 dicitur
889 2531 1011 2594 Seruius
1033 2529 1091 2594 ‘est
1110 2535 1211 2593 autem
1230 2551 1315 2592 caco-

165 2623 326 2700 syntheton
350 2625 380 2682 61
402 2622 673 2683 homoeoteleuton:
696 2641 766 2682 nem
789 2617 935 2701 (maline)
958 2623 999 2684 sit
1016 2624 1074 2683 ita:
1098 2617 1209 2683 “uersa
1226 2622 1314 2682 hasta

165 2715 359 2773 iuuencorum
395 2715 482 2790 16136
517 2706 726 2791 1611361166”’
765 2711 904 2771 similiter
939 2712 975 2772 de
1011 2712 1068 2773 hoc
1102 2711 1314 2789 mcosyntheto

166 2802 326 2880 Pompeius
344 2800 395 2862 GL
413 2801 442 2858 V
460 2823 489 2879 p.
509 2802 583 2877 295,
603 2803 631 2861 3.
652 2801 710 2860 5Κ
734 2796 892 2862 ‘naturalis
916 2821 1012 2862 sermo
1036 2821 1095 2862 non
1117 2802 1237 2878 poterat
1261 2820 1315 2877 per

166 2911 287 2953 uersum
316 2910 445 2952 currere:
478 2886 589 2952 “uersa
620 2891 708 2951 hasta
739 2893 898 2951 iuuencum
930 2895 1016 2970 terga
1046 2886 1249 2969 fatigamue'’:
1282 2893 1316 2950 ut

166 2984 261 3060 possit
284 2983 363 3041 61616
385 2981 438 3041 1116
461 2999 572 3055 uersus,
595 2981 764 3040 naturalem
782 2999 945 3041 sermonem
965 2975 1132 3041 conuertit’.
1170 2979 1316 3040 Similiter

166 3071 256 3133 schol.
275 3070 411 3148 Euripid.
429 3070 541 3132 Hecub.
562 3072 624 3131 801
659 3067 886 3143 ιιαιιοσυνθὲτως
919 3063 1007 3131 εἶπεν.
1043 3068 1101 3131 ἔδει
1133 3067 1189 3150 γὰρ
1221 3068 1315 3141 οὕτως

166 3160 271 3222 εἰπεῖν·
300 3157 350 3220 καὶ
378 3158 412 3220 τὰ
440 3152 532 3221 δίκαι’
562 3156 730 3239 ὁρισθέντες
756 3157 835 3239 παρὰ
868 3168 920 3221 τοῦ
952 3165 1027 3221 θεοῦ
1059 3164 1159 3238 τηρεῖν
1190 3157 1223 3221 ἕν
1254 3163 1316 3231 τοῖς

167 3250 335 3330 πράγμασιν
358 3246 468 3322 ἀδίκως
492 3250 586 3329 ζῶμεν
608 3250 661 3310 ubi
684 3249 764 3329 apud
785 3253 906 3327 poetam
929 3252 1041 3330 legitur
1062 3247 1145 3334 νόμῳ
1168 3246 1223 3330 γὰρ
1247 3246 1316 3321 τοὺς

167 3338 259 3412 θεοὺς
286 3335 442 3421 ἡγούμεθα
469 3336 519 3399 καὶ
547 3340 640 3419 ζῶμεν
667 3335 756 3399 ἄδικα
787 3336 836 3399 καὶ
868 3332 959 3400 δίκαι’
995 3335 1159 3418 ὡρισμένοι.
1208 3339 1316 3415 Itaque

167 3430 384 3507 cacosyntheton
407 3428 445 3490 ed
468 3428 613 3490 σύνθεσιν
635 3429 794 3490 uerborum
817 3448 908 3507 quarn
925 3430 995 3490 inde
1015 3429 1052 3489 ab
1070 3428 1233 3490 Aristotele
1251 3429 1316 3489 lau·

167 3520 280 3580 dabant
298 3520 431 3580 rhetores
449 3521 594 3597 pertinet:
618 3514 710 3596 ‘quod
728 3519 806 3580 mele
825 3519 1012 3594 collocatum,
1035 3519 1067 3579 id
1085 3519 1317 3596 cacosyntheton

167 3604 287 3671 uocant‘
312 3607 435 3679 Quintil.
455 3608 530 3669 vm
549 3610 583 3685 3,
603 3610 643 3670 59
681 3608 812 3686 dicitque
844 3612 1046 3670 calumniator
1082 3609 1163 3686 apud
1193 3608 1316 3668 Lucian.

168 3696 372 3778 capitolini
396 3697 559 3781 3311661.
585 3698 709 3783 διαβολῇ
732 3718 796 3775 cap.
818 3700 874 3758 14:
901 3691 955 3781 (ἢν
983 3695 1014 3759 δὲ
1042 3695 1195 3776 ποιητικὸς
1220 3683 1239 3779 ᾖ
1267 3693 1316 3756 καὶ

168 3785 217 3849 trel
243 3786 338 3873 τούτῳ
367 3784 440 3868 μέγα
463 3780 588 3871 φρονῇ,)
613 3782 666 3865 ’μὰ
689 3780 738 3847 Δί’
763 3785 898 3867 ἐχλεύασέ
926 3805 980 3848 σου
1011 3785 1170 3860 Φιλόξενος
1198 3783 1232 3845 τὰ
1260 3783 1316 3862 ἔπη

168 3876 217 3939 acl
241 3874 365 3956 διέσυρε,
388 3874 437 3937 καὶ
460 3873 571 3956 ἄμετρα
593 3868 674 3937 εἶπεν
696 3874 771 3938 αὐτὰ
794 3874 843 3937 καὶ
866 3871 1092 3938 acnocdvderc'.
1129 3875 1174 3934 De
1197 3873 1316 3935 nomine

168 3968 287 4029 litterae
310 3966 413 4046 16311
436 3986 527 4044 quam
550 3966 688 4026 cecinam
710 3967 860 4028 uocabant
882 3959 965 4048 (uide
988 3965 1026 4027 ad
1049 3964 1317 4040 celinquere

169 4057 314 4119 adnotata
336 4048 420 4138 aunt)
447 4058 480 4117 in
507 4059 680 4117 1161666161
707 4056 796 4117 sicuti
823 4058 855 4115 in
882 4055 977 4116 altero
1005 4054 1173 4134 fragmento
1201 4052 1238 4113 de
1265 4071 1317 4113 no-

169 4149 248 4207 mine
271 4165 285 4208 s
307 4146 440 4222 litterae,
462 4146 514 4205 ubi
536 4147 722 4222 cmiyroecci
749 4144 909 4206 secundum
936 4147 1043 4223 poetae
1072 4143 1317 4223 orthographiam

169 4238 336 4314 posuimus:
360 4235 500 4295 similiter
517 4233 614 4296 Varro
627 4255 684 4296 rer.
698 4237 771 4295 rust.
785 4234 816 4294 11
832 4240 861 4311 1,
876 4237 894 4294 2
915 4229 964 4295 ‘ut
981 4235 1170 4313 semigraecis
1190 4232 1317 4311 pastori·

168 4326 224 4387 bus
243 4326 341 4385 dicam
359 4323 485 4385 Graecei
506 4322 539 4397 ὅς
557 4320 611 4404 πέρ
630 4346 688 4403 μου
706 4321 816 4384 πολλὸν
834 4320 974 4403 ἀμείνον’
988 4324 1035 4385 ΠΙ
1051 4324 1134 4398 10‚1
1156 4317 1315 4402 36116...

171 4416 249 4492 quod
272 4433 327 4475 uos
348 4414 533 4494 philograeci
554 4416 670 4477 uocatis
694 4408 902 4492 amphibium’.
949 4413 1014 4486 Quo
1035 4413 1185 4491 pertineat
1205 4413 1318 4473 Lucilii

170 4505 252 4566 istud
273 4506 467 4584 praeceptum
490 4504 526 4564 de
550 4523 564 4565 s
587 4505 700 4580 littera,
722 4506 879 4567 nescimus.
924 4505 1027 4584 Magni
1050 4507 1151 4565 tamen
1174 4504 1318 4564 momenti
