3000 5002
229 384 295 456 372
592 383 690 444 1111111.
710 383 769 443 sed.
787 405 814 442 n.
835 387 1020 444 1111-1111.

230 560 343 621 Golum.
362 558 437 617 VIII
459 559 498 617 16
523 577 597 634 quos
619 559 700 619 locos
723 559 822 619 adfert
843 557 946 617 Dousa
969 558 1008 616 ad
1030 556 1073 616 IV
1093 558 1127 632 43
1150 555 1236 615 addit
1261 556 1391 616 Muelle-

228 669 279 710 rus
301 649 404 708 quen.
423 648 450 705 V
472 649 534 707 104
559 644 625 707 ‘aut
647 648 743 726 glacie
765 667 902 724 aspersus
925 647 1049 706 maculis
1073 646 1239 721 Tiberinus,
1265 647 1296 705 et
1319 647 1391 722 ipse

230 738 356 798 uernula
375 737 516 813 riparrnn,
535 738 655 814 pinguis
674 739 805 796 torrente
825 737 926 797 cloaca
944 740 975 795 et
992 736 1097 797 solitus
1112 735 1227 794 mediae
1242 739 1390 812 cryptam

229 831 386 903 penetrare
401 822 555 885 Suburae':
575 847 663 903 quem
680 826 777 885 locum
796 828 973 885 enarrarunt
986 825 1182 885 Buechelerns
1196 825 1273 883 Mus.
1289 825 1388 884 Rham

231 916 341 975 XXXV
358 917 445 976 1880
458 935 487 993 p.
503 917 566 975 392
582 914 715 974 Heraeus
730 916 841 975 archin.
856 916 994 993 lexicogr.
1008 914 1074 974 Lat.
1086 914 1144 973 ΧΠ
1160 916 1246 974 1902
1261 935 1291 991 p.
1308 915 1387 974 278.

230 1005 298 1065 Duo
322 1009 426 1082 pontes
449 1005 529 1064 inter
551 1024 625 1081 quos
648 1007 767 1080 capitur
788 1006 877 1080 lupus
900 1008 1027 1064 stercore
1050 1004 1168 1064 cloacae
1186 1007 1292 1079 pastus
1312 1008 1389 1064 sunt

231 1096 376 1155 Aemilius
400 1098 430 1154 et
453 1094 608 1155 sublicius:
636 1098 667 1152 et
689 1093 840 1154 quenalis
863 1097 894 1153 et
915 1093 1026 1152 Lucilii
1048 1111 1152 1153 uersus
1178 1098 1262 1152 recta
1289 1094 1386 1152 inter-

230 1185 397 1261 pretatione
421 1184 623 1243 controuersia
646 1183 701 1242 illa
723 1182 759 1243 de
785 1182 845 1242 situ
872 1183 972 1260 pontis
999 1182 1118 1241 sublicii
1144 1183 1177 1241 ni
1203 1182 1296 1241 fallor
1325 1184 1386 1242 sol·

232 1276 321 1333 1111111.
357 1274 436 1332 Nam
460 1271 618 1333 sublicium
641 1276 762 1351 pontem
786 1273 973 1347 aliquantum
995 1273 1075 1330 infra
1095 1272 1213 1331 cloacae
1232 1274 1386 1332 maximae

231 1365 340 1422 ostium
372 1363 464 1421 1111111
495 1363 627 1438 positum
659 1381 719 1438 quo
756 1362 883 1422 secundo
921 1380 1006 1420 amne
1043 1360 1228 1420 deferrentur
1262 1361 1386 1426 cloacae

231 1456 395 1512 stercorosa
418 1455 616 1528 purgamenta
639 1454 868 1512 consentaneum
887 1455 939 1509 est.
986 1450 1076 1509 Recte
1098 1451 1191 1528 igitur
1213 1449 1387 1511 Vrlichsius

230 1543 313 1601 ouius
332 1542 510 1600 sententiam
530 1544 561 1600 et
578 1541 687 1617 probat
704 1542 735 1599 et
752 1542 873 1601 11111111
891 1537 963 1599 Otto
982 1538 1099 1599 Gilbert
1117 1541 1233 1617 topogr.
1252 1539 1339 1599 urbis
1352 1540 1386 1599 H

230 1651 258 1707 p.
281 1633 342 1690 179
353 1649 434 1705 seqq.
454 1632 575 1705 pontem
594 1630 751 1689 sublicium
770 1632 871 1689 censet
888 1631 979 1688 fuisse
997 1631 1131 1705 positum
1148 1646 1241 1704 prope
1261 1633 1386 1705 portam

231 1719 442 1797 Trigeminam.
457 1718 620 1778 —Posuit
637 1720 693 1779 hoc
706 1720 907 1797 fragmentum
925 1717 1002 1777 libro
1015 1718 1060 1777 IV
1076 1720 1095 1776 4
1114 1718 1147 1777 F.
1160 1717 1272 1787 Dousa,
1290 1739 1386 1794 quem

232 1811 312 1868 recte
334 1809 388 1867 hos
410 1826 514 1867 uersus
537 1810 597 1867 tres
621 1808 707 1867 uideo
730 1811 792 1868 iam
819 1808 1004 1868 coniunxisse
1032 1826 1100 1867 cam
1123 1807 1173 1866 lib.
1192 1807 1247 1866 XX
1266 1827 1295 1865 n.
1316 1809 1384 1869 569

233 1893 290 1955 ‘illi
313 1897 446 1973 praeciso
470 1901 561 1972 atque
585 1897 680 1973 epulis
703 1900 861 1975 capiuntur
879 1893 1009 1974 opimis’:
1033 1916 1121 1972 quern
1139 1900 1239 1956 tamen
1258 1915 1386 1956 uersum

232 1987 331 2062 inepte
363 1985 472 2045 tribuit
503 1985 579 2045 libro
598 1985 642 2045 IV
673 1986 752 2046 idem
784 1986 888 2046 editor.
943 2005 1046 2060 111111
1076 1986 1207 2062 positum
1239 1989 1275 2045 ut
1306 1986 1385 2046 Hor.

231 2075 400 2148 11111114,
422 2077 462 2134 28
488 2070 577 2135 ‘huno
601 2076 682 2153 capit
705 2076 821 2154 argenti
841 2071 1001 2152 splendor’,
1024 2077 1166 2135 1111111111
1182 2079 1217 2134 ut
1235 2074 1272 2134 de
1291 2078 1385 2151 pisci-

230 2165 286 2224 bus
301 2164 372 2224 Hor.
391 2165 410 2224 l.
430 2183 452 2223 1.
471 2164 502 2223 Π
522 2166 551 2239 2,
570 2166 611 2225 35
633 2160 727 2225 ‘ducit
744 2168 774 2224 te
793 2162 926 2242 species’,
948 2166 965 2225 I
984 2168 1013 2239 2,
1032 2166 1074 2224 88
1095 2160 1270 2241 ‘emptorem
1289 2164 1386 2225 ducat

316 2253 396 2330 quod
427 2254 569 2330 pulchrae
600 2250 711 2315 clunes’
745 2255 843 2314 uoluit
878 2254 968 2314 scribi
1004 2254 1166 2314 Bentleius.
1221 2254 1384 2314 Ferculum

231 2362 362 2403 summae
389 2361 478 2403 cenae
506 2344 555 2402 uel
583 2362 671 2402 cenae
699 2347 790 2420 caput
816 2344 958 2405 describit
983 2348 1087 2420 poeta:
1113 2344 1234 2402 1111111111
1262 2344 1386 2404 sumina

232 2451 302 2491 aues
324 2433 414 2509 piscis
437 2435 527 2494 sionti
550 2451 597 2511 ap.
617 2432 734 2492 Patron.
755 2435 795 2492 36
821 2429 967 2493 ‘uidemus
990 2433 1070 2491 infra
1089 2479 1095 2491 .
1111 2478 1118 2490 .
1134 2478 1140 2490 .
1159 2432 1258 2491 altilia
1280 2439 1311 2492 et
1333 2452 1385 2492 su-

231 2523 313 2581 mina
336 2523 535 2599 leporemque,
554 2569 560 2579 .
577 2568 582 2579 .
599 2568 605 2580 .
624 2525 795 2582 notauimus
819 2525 910 2582 etiam
930 2569 936 2581 .
953 2569 958 2581 .
974 2569 980 2581 .
999 2522 1135 2598 Marsyas
1159 2524 1315 2598 quattuor,
1346 2543 1385 2582 ex

232 2630 358 2686 qnorum
380 2611 518 2671 utriculis
542 2631 648 2689 garum
667 2612 836 2688 piperatum
854 2612 993 2671 currebat
1010 2631 1100 2688 super
1116 2606 1233 2687 pisces',
1255 2609 1384 2671 Lucian.

231 2703 347 2760 conuiu.
368 2701 409 2760 38
433 2698 632 2779 ἕσεκεκόμιστο
655 2696 783 2779 ἡμῖντὸ
806 2696 916 2772 ἐντελὲς
934 2697 1153 2779 ὀνομαζόμενον
1171 2700 1304 2779 δεῖπνον,
1328 2702 1386 2780 μία

230 2785 444 2874 ὅρνις’ἕκάστῳ
468 2788 517 2850 καὶ
539 2787 626 2870 κρέας
649 2787 703 2862 ὑὸς
724 2788 774 2850 sul
797 2794 893 2873 λαγῷα
919 2787 969 2850 καὶ
997 2789 1086 2869 ἰχθῦς
1112 2787 1144 2850 ἐκ
1170 2789 1302 2870 ταγήνου
1330 2789 1385 2852 saul

232 2887 433 2956 σησαμοῦντες
451 2877 501 2939 sul
520 2876 575 2938 doc
593 2877 750 2960 ἐντραγεῖν.
787 2880 918 2939 altilium
937 2880 1007 2939 lanx
1021 2880 1135 2940 dictum
1148 2882 1183 2939 nt
1197 2880 1384 2958 Theopomp.

233 2966 309 3026 GAF
327 2968 343 3027 I
360 2988 389 3044 p.
411 2970 484 3044 753,
503 2968 582 3027 8οΚ
611 2964 755 3048 sarolus
783 2968 918 3047 λεκάνην.
968 2970 1081 3029 Versus
1109 2971 1211 3047 itaque
1238 2969 1386 3030 uidentur

231 3075 293 3115 esse
316 3057 387 3116 libri
405 3057 459 3115 XX
483 3077 540 3133 quo
563 3077 667 3117 cenam
690 3058 818 3119 hominis
840 3058 994 3135 pecuniosi
1016 3058 1212 3135 descripserat
1236 3057 1384 3134 Lucilius,

231 3147 314 3205 onius
346 3148 513 3223 exemplum
545 3148 682 3207 imitatur
708 3146 852 3207 Horatius
884 3167 969 3208 serm.
987 3148 1019 3207 Π
1038 3150 1072 3207 8:
1104 3148 1256 3208 dominnm
1289 3167 1384 3208 cenae

232 3232 376 3294 Granium
394 3237 485 3296 fuisse
503 3236 598 3295 uideri
617 3239 806 3312 exposuimus
825 3237 863 3295 ad
882 3237 932 3296 lib.
952 3237 1006 3295 XX
1024 3257 1053 3296 u.
1074 3238 1146 3296 568.
1179 3237 1280 3296 Versu
1292 3242 1382 3298 1174

230 3326 339 3399 fioyerc
362 3325 527 3384 infinitiuns
550 3328 596 3384 111
622 3325 793 3386 historicus:
820 3346 915 3402 neque
942 3329 1043 3385 tamen
1071 3326 1221 3404 signifieat
1247 3331 1384 3389 1111111111

230 3416 265 3471 ut
287 3413 385 3472 noluit
407 3413 567 3474 Muellerus
590 3414 652 3488 alii,
675 3415 728 3474 sed
750 3434 837 3476 cocus
859 3417 946 3476 nsfer
966 3419 996 3475 et
1014 3416 1103 3494 agilis
1121 3418 1181 3476 cito
1200 3416 1278 3492 quod
1299 3416 1382 3492 quis·

231 3522 288 3579 que
311 3498 430 3582 pr‘aeter
452 3503 565 3562 fercula
588 3506 726 3580 apposita
749 3504 870 3565 nolebat
893 3505 1005 3565 adferri
1027 3505 1159 3584 fingebat
1181 3505 1289 3565 artifex
1307 3526 1382 3567 suaa

231 3594 305 3651 artis
328 3611 468 3652 summus,
505 3591 589 3662 Quod
612 3593 741 3653 hominis
763 3614 823 3654 non
847 3595 992 3674 elegantis
1010 3599 1056 3654 est
1073 3614 1168 3672 neque
1187 3596 1304 3669 urbani,
1326 3597 1383 3657 ssd

230 3683 423 3741 ostentatoris
445 3682 476 3741 et
497 3681 606 3759 inepti:
630 3683 737 3743 similis
759 3687 805 3742 est
827 3684 880 3743 ille
902 3685 934 3743 in
956 3685 1036 3744 uinis
1059 3684 1239 3745 Nasidienus
1259 3683 1382 3745 Horatii

230 3770 413 3845 serm.H8,
434 3772 473 3830 16
508 3766 718 3846 “‘Albannm,
744 3773 913 3849 Maecenas,
945 3776 1008 3834 sine
1037 3774 1196 3834 Falernum
1223 3777 1254 3832 te
1280 3778 1382 3852 magis

231 3860 375 3936 adpositis
398 3859 535 3936 delectat,
558 3861 699 3921 habemus
723 3859 914 3939 utrumque”.
952 3863 1076 3923 diuitias
1100 3859 1247 3923 miserasl'
1271 3863 1382 3939 Itaque

229 3950 321 4009 uerba
344 3949 413 4009 inde
436 3950 473 4009 ab
498 3945 595 4009 ‘illum
618 3947 746 4009 sumina’
770 3955 921 4028 pertinent
944 3953 982 4012 ad
1005 3954 1119 4012 fercula
1140 3953 1200 4013 iarn
1229 3956 1381 4029 apposita,

229 4057 289 4100 non
308 4039 482 4098 aduersum
502 4035 624 4118 ‘fingere
642 4038 818 4130 praetereaf.
854 4043 987 4119 plassare
1006 4042 1116 4102 dicitur
1134 4043 1170 4102 de
1189 4061 1258 4102 coeo
1274 4042 1381 4103 fictore

230 4146 277 4204 ap.
296 4129 435 4205 Apicium
453 4128 486 4187 11
504 4130 555 4188 38.
578 4131 628 4189 39.

321 4209 428 4279 1177.
455 4218 559 4293 Neque
590 4218 738 4278 Lucilium
770 4239 866 4296 neque
898 4220 1095 4299 Pomponium
1126 4223 1231 4296 poetas
1261 4223 1381 4284 ueteres

229 4307 309 4383 ipsos
333 4311 458 4366 nouerat
480 4308 629 4368 Amobius
653 4327 779 4384 qnorum
802 4328 893 4385 opera
915 4311 1106 4387 spurcissima
1133 4313 1167 4369 ut
1191 4307 1381 4372 Christianus

228 4414 283 4472 pro
306 4396 448 4471 exemplis
470 4399 604 4472 posuerit
624 4416 691 4457 eum
708 4399 881 4475 contemptu
899 4403 930 4458 et
948 4399 1095 4457 derisione
1114 4401 1381 4476 grammaticorum

229 4486 282 4560 qui
299 4484 498 4545 remotissima
516 4505 651 4563 quaeque
669 4489 800 4546 11111111
818 4494 848 4548 11
872 4487 1011 4549 obscena:
1034 4488 1139 4548 titulos
1162 4489 1231 4547 illos
1251 4495 1380 4550 nouerat
