3000 5002
489 358 587 415 insert
607 360 664 415 sed.
684 377 712 416 u.
732 364 917 416 nes-nes.
1149 353 1151 359 ’
1216 359 1282 425 379

131 527 258 604 Corpori
281 531 433 590 senectute
456 532 596 608 corrupto
618 529 799 607 percendum
822 547 885 590 esso
908 529 1027 589 uidetur
1049 530 1201 606 scripsisse
1223 528 1282 588 Lu-

129 618 215 677 cilius
243 637 330 678 senex
358 619 410 695 qui
436 620 532 678 ueluti
560 618 637 678 libro
655 619 684 675 V
712 620 774 678 fere
802 620 878 679 talia
904 619 945 678 sit
972 619 1121 696 profatum
1153 621 1218 679 seni
1248 621 1281 678 in

129 707 309 768 ambulando
332 708 507 783 canendum,
531 728 569 768 ne
592 710 702 787 inguen
727 711 835 769 existat
858 728 933 768 neue
956 707 1014 768 boa
1037 711 1150 768 noceat.
1189 707 1281 769 Solle·

129 797 207 857 mnis
231 799 263 856 in
285 799 452 875 praeceptis
474 799 604 858 formula
628 794 676 858 ‘ne
695 793 811 858 noceat’
832 802 866 857 ut
884 796 948 858 Ost.
967 798 1003 856 de
1023 818 1085 874 agr.
1104 798 1174 857 cult.
1194 800 1246 871 40,
1262 800 1281 857 4

132 882 180 946 ‘ne
203 887 287 966 gelus
310 883 426 946 noceat’
452 888 504 961 61,
524 890 542 946 2
569 883 617 946 ‘ne
640 908 720 964 aqua
737 883 854 948 nocest’
875 890 916 947 92
938 883 985 946 ‘nc
1004 890 1110 946 nocent
1127 884 1281 947 curculio’.

128 976 266 1054 Denique
289 979 397 1052 inpuen
420 978 563 1037 hocloco
590 979 635 1036 est
661 976 783 1055 βουβών
811 996 899 1053 quem
926 977 1030 1036 dinmt
1054 974 1173 1036 Graeci:
1202 976 1283 1053 qnod

129 1067 254 1126 existere
287 1066 361 1125 dicit
390 1069 480 1143 poeta
507 1067 597 1126 sicuti
623 1066 785 1126 Menander
814 1067 845 1124 in
872 1066 1014 1142 Agricola
1046 1066 1167 1142 scripsit
1199 1057 1287 1148 (conf

129 1154 284 1216 Kaibelius
297 1155 406 1216 Naehr.
417 1156 445 1215 d.
455 1155 522 1217 Ges.
532 1155 560 1215 d.
570 1156 617 1213 W.
632 1177 655 1214 z.
666 1155 763 1216 Goett.
774 1154 851 1214 Phil.
864 1154 934 1214 bist.
945 1153 988 1214 cl.
998 1156 1083 1214 1898
1098 1176 1126 1232 p.
1140 1156 1213 1230 149,
1224 1149 1282 1237 51)

129 1242 251 1323 βουβὼν
279 1242 413 1323 ἐπήρθης
444 1249 549 1305 contre
576 1245 728 1323 Aristopb.
747 1245 822 1304 Ran.
844 1246 930 1303 1280
957 1244 1092 1304 Bacchus
1123 1245 1221 1304 lassus
1252 1247 1284 1305 et

128 1335 276 1413 fatigatus
304 1331 362 1395 ini
392 1342 450 1394 τῶν
476 1334 579 1396 κόπων
605 1332 661 1414 γὰρ
688 1332 728 1395 τὼ
756 1330 857 1414 νεφρὼ
884 1333 1044 1412 βουβωνιῶ
1071 1333 1196 1410 Lysistr.
1218 1335 1280 1393 987

129 1423 301 1507 βουβωνιᾷς
331 1420 390 1484 ὑπὸ
418 1432 470 1504 τῆς
498 1420 586 1500 ὁδους
617 1424 692 1484 Ρο11.
710 1424 755 1483 Ν
775 1426 839 1483 202
871 1420 994 1501 βουβὼν
1025 1420 1092 1504 περὶ
1124 1423 1283 1502 βουβῶνας

132 1512 243 1591 οἴδημα
265 1510 336 1590 μετὰ
359 1516 535 1592 φλεγμονῆς.

224 1611 330 1680 1196.
350 1620 466 1679 Nonius
485 1640 514 1696 p.
531 1622 604 1694 212,
623 1621 644 1679 4
663 1637 698 1678 ex
716 1621 912 1698 grammatico
932 1614 1052 1693 ‘Limia
1070 1639 1157 1696 aqua,
1176 1639 1283 1698 genere

132 1710 290 1783 feminino,
317 1713 352 1768 ut
374 1728 470 1787 saepe.
512 1709 676 1771 masculino
699 1708 833 1769 Lucilius
861 1704 1098 1785 “inpermixtum
1125 1710 1283 1787 limporem

130 1790 190 1880 (ita
208 1797 233 1857 L
251 1818 289 1857 m.
311 1803 327 1858 1
349 1802 380 1858 et
397 1798 420 1858 L
440 1799 551 1873 Densa,
573 1800 718 1872 lirnsorem
740 1798 821 1877 Lm.
843 1801 861 1857 2
877 1790 963 1879 G)”.'
1010 1799 1132 1877 Tragici
1158 1817 1280 1858 uersum

130 1888 251 1948 uidetur
288 1891 422 1965 spectare
454 1890 544 1966 poete
576 1890 629 1964 qui
660 1889 787 1948 uerterit
821 1888 917 1947 ueluti
952 1884 1081 1966 deputor
1116 1896 1198 1966 νᾶμα
1234 1889 1283 1946 uel

130 1974 259 2058 ἄκρατον
292 1975 379 2055 μέθυ.
433 1978 479 2037 Ι)ο
514 1978 662 2038 adiectiuo
698 1976 810 2036 iniuria
845 1977 965 2037 dubitet
995 1977 1194 2037 Baehrensiue
1230 1979 1283 2054 qui

130 2069 232 2143 posuit
252 2069 460 2127 intennintum.
497 2067 576 2127 Nem
593 2070 626 2127 in
644 2067 829 2145 priuatiunm
847 2070 917 2126 ante
935 2067 1029 2126 uerba
1047 2066 1197 2142 simplicia
1215 2086 1282 2125 cum

131 2156 273 2233 ambigna
296 2158 337 2216 sit
359 2156 589 2235 significatione,
616 2156 725 2215 maluit
747 2156 793 2215 uti
816 2158 980 2232 composito
999 2159 1164 2229 permistus
1191 2175 1283 2232 quam

131 2248 239 2304 minius
257 2245 400 2322 simplici:
419 2246 508 2305 sicuti
526 2245 629 2304 eadem
648 2245 684 2304 de
703 2263 792 2305 censa
806 2242 932 2304 Ouidius
951 2247 1078 2304 nouauit
1094 2248 1283 2319 inpercussos

131 2335 314 2409 inperfossus
330 2335 559 2408 inperturbatus,
576 2336 778 2409 inperterritus
797 2333 956 2413 Vergilius,
974 2335 1201 2408 inperstnediiies
1217 2336 1283 2411 ipse

132 2423 265 2483 Lucilius
287 2422 340 2483 lib.
359 2422 457 2482 XXVI
475 2443 505 2481 u.
526 2423 598 2484 600.
632 2422 689 2492 Qui
711 2423 776 2482 iure
795 2442 849 2482 suo
867 2418 996 2502 deputor
1014 2423 1112 2482 noluit
1130 2424 1283 2501 appellere

134 2508 304 2572 ‘inmixtum
326 2507 452 2572 merum'
477 2511 556 2588 quod
579 2514 660 2573 solus
682 2513 755 2572 iecit
773 2512 923 2572 Ausonius
947 2506 989 2593 (p.
1006 2505 1283 2592 328‚12Peiperi)

132 2602 185 2663 sed
208 2622 267 2679 quo
290 2603 386 2682 magis
409 2602 565 2681 intellegat
588 2602 681 2661 lector
703 2604 917 2676 inpermieium.

225 2700 330 2770 1197.
350 2709 465 2769 Nonius
485 2729 519 2767 cr
537 2710 733 2789 grammatico
748 2730 775 2787 p.
792 2710 866 2782 449,
882 2710 920 2767 31
941 2702 1083 2767 ‘Interfici
1100 2711 1131 2766 et
1145 2706 1239 2768 occidi
1254 2710 1285 2766 et

132 2799 310 2858 inanimalia
325 2800 438 2858 ueteres
453 2818 538 2877 posse
549 2800 717 2858 uehementi
728 2800 906 2858 auctoritate
916 2800 1087 2874 posuerunt.
1099 2843 1104 2854 .
1116 2843 1123 2855 .
1135 2844 1140 2854 .
1150 2797 1283 2857 Lucilius

135 2883 313 2947 “intereunti
326 2888 469 2947 labuntur
482 2892 587 2948 cuntur
601 2889 700 2949 omnia
714 2883 881 2947 uorsum”.’
911 2890 979 2945 eunt
991 2903 1112 2945 rursum
1128 2886 1153 2948 1.
1169 2885 1283 2946 Dousa:

134 2979 232 3037 Plaut.
250 2976 397 3054 Amphitr.
415 2980 499 3036 1112
520 2972 587 3055 ‘ego
606 2995 697 3037 cunss
716 2976 853 3036 recessim
871 2995 990 3035 mrsum
1008 2994 1130 3035 norsum
1143 2971 1283 3036 trahere'.

134 3066 262 3127 Videtur
279 3068 364 3144 queri
382 3066 518 3144 Iuppiter
535 3066 605 3126 libri
623 3067 722 3143 primi,
746 3068 846 3125 omnia
865 3067 977 3125 Romae
994 3084 1115 3141 pessum
1133 3066 1177 3124 ire
1195 3066 1285 3124 sicuti

133 3156 289 3217 Lucretius
312 3157 343 3215 in
367 3158 448 3216 exitu
471 3156 541 3215 libri
558 3156 589 3215 11
613 3157 686 3215 dicit
709 3151 822 3216 ‘omnia
844 3153 993 3233 paulatim
1016 3155 1166 3214 tsbescerc
1189 3158 1220 3214 et
1241 3156 1285 3213 ire

135 3246 173 3306 ad
197 3241 358 3325 capulum,
382 3247 463 3323 apud
485 3245 657 3306 Petronium
679 3247 720 3305 44
743 3247 871 3313 rusticus
895 3248 997 3321 crepet
1020 3245 1168 3305 coloniam
1196 3249 1285 3304 rcire

135 3355 239 3395 uersus
262 3329 391 3396 crescere
413 3339 568 3412 tamquam
592 3334 696 3395 codam
724 3336 823 3394 uituli.
869 3334 1015 3393 Similiter
1037 3333 1188 3418 Vergilius
1212 3335 1284 3392 Aen.

134 3426 166 3484 Π
186 3428 248 3485 169
274 3419 321 3484 ‘ex
344 3425 398 3485 illo
421 3425 512 3485 fluere
535 3443 571 3484 sc
592 3429 669 3484 retro
692 3424 833 3500 sublapsa
855 3424 959 3483 referri
981 3442 1048 3500 spes
1070 3417 1231 3483 Danaum’.

230 3523 336 3593 1198.
361 3530 457 3609 Oeper
476 3530 527 3592 GL
545 3531 605 3592 VH
622 3552 650 3608 p.
672 3533 723 3606 98,
744 3530 800 3589 lK
818 3532 891 3591 baec
909 3531 1016 3590 tradit:
1035 3522 1080 3611 (M
1099 3531 1154 3591 cod
1171 3531 1286 3590 Monte-

134 3640 222 3698 pess„
244 3620 295 3680 Bc
318 3621 394 3682 codd
415 3621 589 3699 Bernenscs,
612 3621 731 3690 rediit
753 3613 883 3703 ueteres)

173 3773 202 3826 M
221 3773 329 3841 lactens
348 3774 397 3843 qui
416 3774 490 3829 lecte
509 3773 596 3828 ulitur
613 3776 643 3829 et
661 3773 771 3828 lactens
790 3773 840 3843 qni
858 3772 966 3842 decipit
983 3772 1090 3826 luetone
1109 3771 1184 3825 lacte
1198 3771 1287 3825 abnn-

137 3844 208 3898 duns
226 3847 259 3898 nt
277 3844 414 3899 lsctentes
432 3845 502 3900 flens
521 3845 645 3900 Lucilius
664 3792 808 3899 lucentii
820 3844 940 3928 coegnls
958 3861 1022 3898 cnm
1040 3842 1125 3897 melle
1143 3842 1204 3896 bibi

173 3932 190 3975 ς
208 3915 316 3970 lacteus
334 3916 385 3984 qni
403 3916 477 3971 lacte
496 3916 584 3971 alitur
601 3916 711 3971 lectuna
730 3916 779 3985 qui
797 3916 859 3971 deci
880 3919 905 3972 it
923 3916 1033 3970 lectsns
1047 3932 1096 3982 qus
1088 3913 1184 3968 lecte
1199 3914 1288 3968 ebun-

137 3988 188 4041 dut
206 3990 239 4041 nt
255 3986 390 4042 lactentis
409 3988 478 4042 ficus
496 3987 621 4042 Lucilius
640 3987 779 4042 lsctantia
798 3935 895 4042 coecis
913 4004 976 4041 cum
995 3985 1079 4040 melle
1097 3985 1158 4039 bibi

173 4057 194 4112 C
213 4057 322 4112 lactens
341 4061 384 4113 est
402 4059 452 4171 qui
469 4059 544 4113 lecte
559 4059 646 4114 alitur
659 4059 770 4114 lsctnns
784 4059 834 4127 qni
848 4058 955 4126 decipit
968 4056 1076 4112 lactens
1090 4056 1164 4111 lecte
1178 4056 1287 4110 hsbnn-

138 4183 208 4237 duns
226 4182 307 4237 uelut
324 4182 462 4239 lactentes
481 4183 547 4240 ficos
567 4183 691 4238 Lucilius
708 4183 755 4237 dic
769 4185 829 4252 (one.
844 4200 879 4237 nr.
896 4184 922 4248 1)
936 4180 1073 4236 lactentia
1087 4181 1205 4251 coagula
1224 4199 1288 4236 cnm

141 4253 323 4380 miilisctene
342 4325 453 4395 estqui
470 4326 544 4381 lscte
558 4325 645 4380 ulitur
658 4325 769 4380 luctans
783 4343 832 4393 qus
824 4323 954 4394 decipit
968 4323 1077 4378 lactens
1090 4324 1165 4379 lecte
1179 4325 1288 4378 habun-

139 4397 222 4524 βῃωοιῦυθ
235 4397 316 4452 uelut
347 4396 504 4452 lactentess
531 4399 600 4452 fiens
632 4396 758 4452 Lucilius
790 4396 861 4450 dicit
892 4395 1041 4450 Luctantis
1072 4396 1192 4466 coagula
1225 4414 1287 4451 cnm
