3036 5004
547 381 662 437 XXVIII
680 399 707 436 u.
729 387 878 438 roa-765.
1223 382 1287 448 269

137 552 250 609 stantia
279 548 388 610 codicis
416 549 570 610 Leidensis
602 552 730 610 maxime
759 554 884 629 apparet
910 552 966 611 hoo
996 553 1074 627 loco,
1106 555 1159 629 qui
1190 553 1288 629 prima

136 640 392 717 manuscriptum
416 640 526 700 babeat
543 645 737 714 praeelectae
759 642 821 700 fere
848 644 940 716 19919,
968 641 1098 701 secunda
1124 644 1197 702 item
1225 642 1286 699 fere

136 733 215 788 recte
232 734 420 803 paroeciales,
446 728 695 807 Guelferbytanus
719 734 831 805 contra,
853 731 927 791 item
949 750 1036 807 quem
1060 732 1147 790 multi
1170 731 1286 808 praedi-

137 822 206 878 cant
224 819 403 879 Harleianus
428 821 481 879 alii
503 819 614 879 babent
637 821 745 880 falsum
768 821 844 879 illud
859 825 1037 894 persolutae.
1075 820 1132 880 Pro
1151 823 1287 880 αιάεείυιο

136 913 219 967 tuum
245 909 346 984 posuit
377 912 514 969 uicesimo
539 910 627 969 VIII
654 910 850 986 probabiliter
881 909 1048 970 Muellerus.
1099 910 1144 969 De
1176 909 1299 970 Atticis.

136 997 267 1057 moribus
292 999 341 1076 agi
365 1002 531 1075 expositum
555 1003 600 1058 est
623 1018 714 1075 supra
736 999 774 1058 ad
797 1000 848 1060 lib.
866 999 910 1057 IX
929 1020 957 1058 u.
978 1001 1051 1058 321.

228 1080 309 1148 753.
333 1087 449 1147 Nouius
471 1108 500 1164 p.
520 1089 594 1163 478,
615 1090 655 1147 28
686 1084 804 1148 ‘Volam
835 1107 890 1165 pro
919 1089 1019 1148 uelim.
1069 1088 1206 1148 Lucilius
1234 1088 1285 1147 lib.

136 1176 266 1235 XXVIII
289 1171 406 1237 “etdolo
423 1223 428 1234 .
445 1224 451 1235 .
467 1224 473 1235 .
488 1173 634 1237 uolam’'.’
672 1179 776 1255 Neque
799 1196 901 1238 sensus
925 1180 978 1254 qui
996 1180 1036 1237 sit
1055 1181 1173 1238 constat
1191 1197 1285 1254 neque

136 1268 238 1325 utrum
260 1270 348 1342 poeta
371 1268 434 1344 ipse
460 1287 498 1326 an
527 1268 588 1326 alia
615 1286 742 1344 persona
769 1268 919 1344 loquatur.
967 1267 998 1326 si
1026 1272 1105 1328 recte
1133 1267 1285 1346 intellego,

136 1355 210 1414 dicit
236 1355 380 1415 Albucius
413 1357 522 1433 aliquis
550 1375 612 1418 sese
639 1357 717 1417 uelle
750 1360 868 1417 uincere
894 1358 1018 1433 Epicuri
1050 1358 1216 1417 doctrinam
1249 1357 1285 1415 de

137 1447 244 1504 atomis
264 1448 295 1504 91
313 1446 349 1504 de
367 1465 506 1506 sensuum
525 1449 652 1505 ueritate
670 1448 802 1523 reliquas
820 1447 856 1506 de
874 1447 930 1506 hac
948 1467 980 1506 re
999 1447 1150 1507 doctrinas
1169 1465 1284 1507 omnes:

137 1553 196 1610 qua
219 1534 255 1592 de
278 1554 309 1593 re
338 1535 376 1594 ad
399 1536 548 1594 Lucilium
576 1538 695 1613 scripsit
719 1535 919 1596 Clitomachus
942 1537 1138 1596 Academicus
1166 1538 1286 1595 auctore

138 1623 195 1682 Cic.
215 1624 307 1683 Acad.
327 1624 357 1682 II
378 1628 451 1684 102.

228 1704 309 1775 754.
327 1714 443 1774 Nonius
456 1735 485 1791 p.
496 1716 599 1789 410‚6
617 1710 744 1789 ‘Tristis
759 1714 871 1775 doctus.
888 1715 1076 1775 ...Lucilius
1090 1715 1141 1774 lib.
1156 1714 1286 1773 XXVIII

137 1798 236 1861 “adde
257 1849 262 1860 .
283 1849 289 1860 .
310 1849 315 1860 .
335 1800 574 1880 philosophus’'.’
607 1805 797 1879 philosophus
816 1802 855 1880 G,
882 1805 1016 1879 filosesm
1033 1804 1057 1863 L
1076 1825 1114 1863 m.
1136 1809 1168 1880 1,
1191 1805 1286 1878 pisile

134 1895 218 1964 cesus
235 1892 260 1950 L
279 1913 317 1951 m.
338 1896 366 1951 2.
408 1893 520 1972 Agitur
551 1894 588 1953 de
614 1895 780 1954 Xenocrate
812 1894 848 1953 de
880 1914 940 1971 quo
969 1894 1055 1973 Diog.
1083 1894 1182 1953 Laert.
1201 1893 1283 1952 lvo

136 1979 242 2059 σεμνὸς
265 1978 296 2041 δὲ
315 1982 349 2041 τά
368 2004 397 2042 τε
415 1979 488 2042 tlte
507 1980 691 2063 Ξενοκράτης
709 1981 759 2043 καλ
778 1982 959 2063 σκυθρωπὸς
977 1981 1030 2044 σἰεί.
1067 1983 1171 2060 Lysim
1188 1983 1285 2059 philo-

136 2070 261 2147 sophum
288 2072 509 2151 Pythagoreum
539 2074 674 2149 appellat
703 2073 804 2149 Nepos
832 2074 968 2150 Epamin.
988 2073 1057 2132 112
1090 2068 1218 2132 ‘tristem
1251 2091 1285 2132 ac

136 2179 272 2219 seuerum
294 2157 415 2221 senem’.
453 2161 498 2220 De
521 2161 630 2222 Lucilii
653 2166 683 2222 91
705 2161 818 2222 LaertiI
842 2166 962 2223 auctore
986 2164 1136 2223 communi
1158 2162 1228 2221 uide
1247 2161 1284 2220 ad

136 2271 163 2308 u.
185 2253 257 2309 742.

227 2332 308 2400 755.
331 2340 648 2416 Nouiusp.414,14
674 2337 910 2415 ‘'lbansmIttere,
933 2343 1059 2417 tradere,
1087 2334 1143 2422 (τ’ία
1162 2341 1286 2400 Iunius:

136 2429 253 2488 trabere
285 2421 371 2510 codd)
405 2431 617 2507 derelinquere.
667 2430 800 2490 Lucilius
827 2430 878 2490 lib.
897 2431 1028 2490 XXVIII
1060 2425 1221 2506 “polemon
1255 2434 1286 2489 91

136 2521 251 2578 amauit
286 2524 405 2579 mortem
441 2520 510 2579 huic
546 2521 713 2580 transmisil
749 2538 834 2579 suam
866 2521 980 2580 scottem
1012 2539 1102 2597 quam
1134 2515 1283 2579 dicuut’'.'

135 2608 247 2686 Agitur
270 2609 306 2668 de
334 2612 516 2669 successione
544 2610 625 2670 facta
652 2613 684 2669 iu
712 2610 814 2669 schola
840 2609 1032 2670 Academica:
1059 2629 1164 2686 nempe
1195 2612 1286 2684 poeta

137 2697 315 2757 Clitomachi
338 2701 451 2757 amicus
475 2702 592 2778 egregie
615 2700 736 2759 uidetur
764 2699 912 2758 studuisse
936 2698 1114 2758 Academiae
1142 2698 1284 2757 historiae

136 2790 255 2846 ueteris.
293 2787 351 2848 Sed
374 2791 528 2865 quaeritur
552 2793 651 2848 utrum
674 2789 842 2848 Polemonis
865 2808 932 2849 cum
954 2788 1099 2866 magistro
1120 2788 1285 2846 Xenocrate

137 2895 174 2935 an
207 2896 274 2935 cum
308 2877 426 2937 Cratete
459 2879 605 2955 discipulo
637 2878 880 2938 cousuetudInem
912 2897 1003 2955 quum
1034 2877 1140 2937 babuit
1171 2880 1286 2953 spectet

135 2970 232 3042 poeta.
280 2967 386 3027 Tradit
409 2971 488 3027 enim
511 2967 598 3046 Diog.
617 2968 715 3027 Laert.
735 2968 778 3027 IV
800 2971 839 3027 19
865 2963 905 3040 ὡς
928 2963 1010 3052 ἐῴκει
1034 2965 1071 3044 δὴ
1101 2962 1285 3042 ὁΠολὲμων

136 3054 209 3114 κατὰ
231 3055 328 3116 πάντα
353 3053 488 3134 ἐζηλώκει
515 3056 566 3117 τὸν
589 3054 787 3136 Ξενοκράτην·
815 3052 894 3136 (dv)
921 3054 971 3116 κα1
998 3053 1163 3136 ἐρασθῆναι
1191 3053 1285 3115 αὐτοῦ

136 3162 230 3223 φησιν
259 3140 447 3226 Ἀρίστιππος
479 3143 511 3206 ἐν
542 3147 666 3232 τετάρτῳ
698 3145 765 3227 περὶ
795 3149 922 3219 παλαιᾶς
954 3155 1077 3227 τρυφῆς.
1133 3146 1216 3204 Idem
1249 3144 1285 3204 de

137 3233 316 3295 0111191921
346 3235 466 3316 Κράτης
493 3234 603 3315 πατρὸς
630 3233 683 3315 μέν
714 3228 752 3314 ἦν
778 3230 962 3316 Ἀντιγένους
983 3284 988 3295 .
1008 3282 1016 3296 .
1035 3283 1042 3295 .
1061 3233 1111 3296 καλ
1138 3232 1285 3316 ἀκροατὴς

136 3322 197 3401 ἅμα
215 3322 264 3384 καλ
283 3322 428 3405 ἐρώμενος
448 3322 634 3404 Πολέμωνος.
667 3323 739 3385 ἀλλὰ
758 3323 808 3386 καὶ
827 3323 972 3398 διεδέξατο
991 3323 1046 3403 τὴν
1065 3323 1173 3404 σχολὴν
1192 3322 1285 3384 αὐτοῦ

138 3406 290 3494 (Academ.
314 3416 420 3491 pbilos.
444 3415 532 3474 index
555 3416 714 3474 Herculan.
733 3435 762 3491 p.
783 3417 838 3490 56,
859 3418 909 3474 31.
934 3416 989 3491 58,
1010 3407 1193 3495 SMeklen').
1244 3415 1286 3473 At

137 3504 224 3563 facile
247 3505 433 3583 intellegItur
454 3505 576 3564 minime
598 3505 751 3581 probabile
775 3523 837 3565 esse
860 3505 928 3579 ille,
956 3524 1033 3581 quae
1057 3503 1138 3563 selus
1156 3503 1285 3563 Pseuda-

137 3595 280 3670 ristippus
304 3595 354 3654 ille
377 3594 535 3654 tradiderit
557 3597 669 3672 Inepta,
693 3615 712 3654 a
729 3594 846 3654 Lucilio
865 3594 921 3655 boe
939 3595 1004 3653 loco
1024 3595 1149 3667 narrari,
1172 3593 1232 3666 sed,
1254 3593 1285 3650 id

137 3684 216 3757 quod
240 3683 368 3744 traditus
391 3687 422 3743 in
446 3685 521 3744 codd
544 3686 747 3744 nominatiuus
771 3685 907 3745 Polemon
933 3684 1132 3757 commendat,
1161 3683 1210 3759 agi
1237 3682 1285 3741 bic

137 3770 173 3829 de
196 3791 296 3831 amore
318 3776 337 3832 i.
358 3792 381 3831 9.
405 3775 441 3832 de
465 3774 598 3834 amicitia
621 3774 789 3833 Polemonis
817 3794 884 3834 cum
914 3773 1032 3833 Cratete
1060 3772 1205 3847 discipulo
1233 3790 1284 3829 no·

137 3862 261 3935 tissime,
285 3859 321 3921 de
345 3881 404 3938 qua
426 3864 524 3922 multa
547 3862 695 3942 Diogenes
714 3863 733 3921 1
753 3881 775 3922 s.
795 3860 844 3922 κα1
867 3861 961 3934 οὕτως
984 3859 1098 3939 ἀλλήλω
1124 3857 1286 3936 ὠφελιίτην

138 3947 209 4008 ὥστε
232 3947 282 4009 καί
305 3951 392 4022 ζῶντε
415 3949 452 4011 οὐ
478 3950 572 4030 μόνον
599 3960 657 4011 τῶν
685 3950 784 4011 αὐτῶν
811 3950 905 4030 ἤστην
933 3948 1186 4028 ἐπιτηδευμάτων,
1213 3945 1286 4008 ἀλλὰ

136 4036 187 4098 καλ
210 4035 291 4119 μέχρι
314 4038 417 4119 σχεδὸν
440 4037 595 4119 ἀναπνοῆς
617 4038 844 4119 ἐξωμοιούσθην
863 4038 1002 4117 ἀλλήλοιν
1019 4038 1069 4100 sul
1087 4037 1216 4099 θανόντε
1234 4046 1287 4117 τῆς

137 4126 230 4207 αὐτῆς
252 4137 350 4208 ταφῆς
373 4126 579 4208 ἐκοινωνείτην
599 4133 640 4188 22
664 4128 754 4190 ἔνθεν
776 4128 826 4190 καὶ
845 4123 1033 4210 Ἀρκεσίλαον
1123 4125 1225 4208 λέγειν,
1246 4123 1287 4200 ὡς

137 4210 196 4278 elev
209 4218 279 4278 θεοί
291 4240 366 4291 τινες
380 4215 400 4297 ἢ
415 4219 542 4294 λείψανα
556 4228 614 4279 τῶν
628 4217 660 4279 ἐκ
675 4227 727 4279 τοῦ
741 4229 850 4299 χρυσοῦ
864 4216 970 4299 γένους
985 4212 1070 4300 (conf
1076 4218 1216 4277 Academ.
1226 4217 1286 4277 ind.

137 4328 164 4384 p.
187 4301 251 4389 56).
288 4309 400 4368 Parum
423 4311 502 4368 19919
520 4311 615 4387 igitur
632 4308 843 4369 Lachmannus
861 4309 900 4368 ad
920 4308 1037 4368 Lucret
1056 4328 1085 4384 p.
1107 4310 1170 4367 170
1191 4303 1286 4368 ‘Pole-

137 4418 227 4457 mone
246 4400 369 4473 amauit,
388 4403 482 4458 morte
499 4400 569 4458 huic
586 4401 755 4459 transmisit
773 4418 857 4458 suam
877 4394 1018 4458 scholen’:
1038 4399 1090 4475 qui
1110 4396 1189 4474 quod
1207 4400 1287 4458 recte

137 4490 270 4563 posuisse
294 4489 414 4548 uidetur
436 4494 534 4566 merle,
557 4488 708 4548 ablatiuus
732 4489 802 4548 licet
825 4490 864 4547 sit
886 4489 1069 4563 durissimus,
1091 4490 1123 4547 in
1142 4488 1288 4547 eiusmodi
