3036 5004
484 389 486 393 ’
541 393 624 450 XXX
643 412 671 452 u.
692 399 876 449 rou-104³.
1223 395 1288 461 333

143 564 277 625 Lucilius
300 564 352 624 lib.
371 564 453 622 XXX
477 558 542 623 “oo
568 582 622 640 ego
650 566 680 622 te
708 581 815 622 ααιοπι
842 565 933 640 atque
960 565 1125 624 animosam
1152 566 1294 625 tessalam

145 657 180 714 ut
202 655 378 715 indomitam
402 654 493 712 irenis
515 652 651 730 subigam
670 656 738 711 ακίο
755 648 975 729 domemque’'.'
1012 652 1096 713 Idem
1114 673 1142 730 p.
1163 655 1236 728 333,
1252 657 1291 714 31

147 740 268 802 ‘Anima
290 746 399 803 iterum
418 741 568 822 significat
585 741 771 801 iracundiam
790 741 838 801 uel
856 743 999 816 furorem3
1023 743 1100 802 unde
1119 746 1149 803 et
1167 746 1295 804 animosi

144 833 284 892 dicuntur
301 831 446 892 iracundi.
471 879 477 891 .
498 878 504 889 .
525 877 530 888 .
550 830 684 892 Lucilius
702 830 780 890 libro
798 832 881 891 XXX
901 827 1016 908 “atque
1038 835 1203 893 animosam
1222 835 1293 892 ibes-

144 924 252 983 soliom
271 926 297 981 ct
316 970 321 980 .
338 968 344 980 .
361 968 366 979 .
385 923 576 996 subtpoatquc
594 916 807 994 domentqae'’.'
843 917 930 981 ‘anne
949 940 1004 999 ego
1018 925 1049 981 te
1062 941 1189 982 uacuam
1204 925 1294 999 atque

145 1008 320 1072 animosam'
337 1015 415 1070 recte
430 1010 653 1070 Lachmannus:
669 1005 792 1070 ‘uacuae
806 1013 913 1071 suasio
922 1011 1065 1070 mandata
1073 1007 1194 1072 referre'
1206 1010 1293 1071 Ouid.

144 1103 213 1161 met.
233 1101 303 1159 XIV
324 1102 385 1159 831
412 1100 447 1158 de
470 1100 594 1159 muliere
617 1100 723 1160 uidua:
747 1101 819 1159 conf
839 1101 933 1160 Tacit.
957 1119 1024 1159 ann.
1040 1100 1082 1159 XI
1098 1103 1138 1160 12
1153 1102 1227 1160 XIII
1242 1103 1294 1160 44.

28 1185 33 1192 ’
145 1192 283 1250 tcssolam
313 1190 421 1249 habuit
451 1189 632 1266 archetypus
661 1190 766 1264 Nonii,
799 1191 851 1264 qui
884 1191 945 1250 fere
977 1190 1087 1266 ubique
1113 1191 1135 1250 h
1162 1191 1294 1250 litteram

146 1281 280 1340 omiserit
297 1281 330 1338 in
348 1281 489 1355 aspiratis
508 1279 545 1338 oh
562 1279 605 1354 th,
628 1298 682 1355 pro
701 1279 742 1354 ph
760 1279 775 1336 f
791 1279 969 1355 praebuerit.
992 1311 1029 1320 —-
1050 1282 1085 1339 ut
1103 1274 1293 1360 indomitam]

144 1368 266 1428 Lucian.
287 1368 373 1428 Zeur.
395 1369 413 1427 6
438 1367 532 1428 ἴππου
549 1389 581 1448 γε
604 1377 657 1447 τῆς
679 1368 843 1445 καλλίστης,
867 1360 926 1429 οίαι
949 1368 1072 1446 μάλιστα
1095 1369 1129 1428 αί
1154 1370 1291 1430 Θετταλαι

145 1456 222 1517 εἰσιν
234 1455 362 1534 deppae
375 1455 417 1517 ἔτι
431 1454 481 1516 καὶ
494 1453 612 1536 ditatos:
626 1476 745 1517 uersum
756 1455 848 1516 ἵππον
860 1457 1043 1536 Θεσσαλικὴν
1052 1457 1287 1536 Λακεδαιμονίῳ

145 1568 175 1606 τε
197 1551 325 1627 γυναῖκα
344 1539 466 1627 (Athen.
486 1546 545 1606 VH
563 1566 591 1623 p.
612 1547 675 1605 278
691 1538 722 1628 e)
740 1548 802 1606 iam
823 1545 925 1608 Dousa
943 1548 1061 1608 attulit:
1084 1548 1153 1608 uide
1171 1550 1295 1624 interpr.

146 1637 185 1697 ad
203 1637 326 1696 Theocr.
341 1636 443 1694 XVIII
458 1638 500 1697 30
518 1635 629 1714 Paneg.
647 1638 679 1696 in
697 1635 757 1696 Pis.
773 1638 813 1697 49
833 1635 887 1694 ΑΡ
900 1636 943 1695 XI
959 1637 1021 1696 259
1042 1637 1100 1696 llll
1118 1657 1147 1714 p.
1163 1640 1237 1711 207,
1253 1640 1294 1696 50

145 1725 267 1785 Lucian.
286 1728 358 1785 erot.
379 1728 419 1785 45
439 1725 529 1802 Apul.
544 1729 613 1784 met.
632 1725 647 1783 I
666 1744 730 1802 cap.
749 1725 810 1784 2X
827 1726 866 1784 18
885 1725 996 1786 Lucan.
1011 1726 1147 1786 V1397:
1170 1730 1296 1806 egerrmt

146 1815 182 1874 de
200 1817 285 1892 equis
304 1815 482 1875 Thessalicis
502 1817 680 1891 quicumque
694 1833 883 1875 nummorum
898 1816 1136 1877 Thessalicorum
1150 1819 1295 1896 imagines

146 1908 330 1964 enarrarunt.
367 1904 501 1965 Lucilius
524 1907 559 1963 ut
577 1923 666 1981 eques
686 1904 838 1965 Tessalam
857 1907 959 1981 posuit
976 1925 1030 1982 pro
1049 1925 1126 1982 equa
1144 1906 1295 1976 Thessala,

54 2029 62 2042 ·
146 1995 280 2070 loquitur
307 1996 386 2053 enim
417 1997 451 2054 ut
478 1997 552 2054 artis
585 1995 731 2070 equestris
764 1996 976 2070 peritissimus:
1007 1995 1076 2054 uide
1104 1995 1143 2054 ad
1170 1996 1221 2056 lib.
1240 1994 1294 2053 XV

146 2104 173 2142 u.
186 2087 258 2144 507.
290 2085 479 2158 caecamque
492 2085 658 2158 demensque
671 2086 751 2144 recte
765 2084 923 2144 Bentinus:
937 2085 1049 2144 Fronto
1063 2106 1091 2162 p.
1108 2088 1172 2144 220
1182 2089 1255 2146 extr.
1265 2085 1294 2143 N

147 2168 240 2232 ‘tauri
262 2172 361 2251 subigi
382 2173 533 2252 iungendo
556 2172 729 2250 domarique
752 2169 897 2249 potuere':
925 2174 1013 2233 nihili
1035 2176 1115 2234 enim
1140 2193 1236 2251 neque
1263 2176 1295 2233 in

146 2262 203 2321 hoc
233 2281 329 2337 neque
360 2263 393 2321 in
428 2282 456 2320 u.
489 2263 625 2339 sequenti
662 2265 708 2321 est
743 2262 819 2322 illud
855 2267 929 2322 aule.
985 2263 1138 2324 Turnebus
1170 2263 1295 2324 Aduers.

148 2343 256 2431 (Paris.
277 2343 378 2429 1580)
402 2350 532 2409 XXVIII
549 2370 612 2427 cap.
633 2353 652 2411 8
677 2344 722 2432 (H
740 2371 768 2427 p.
791 2344 869 2432 130)
896 2355 976 2412 recte
1003 2355 1112 2412 statuit
1140 2354 1296 2413 mulierem

147 2440 306 2516 superbam
339 2444 370 2498 et
402 2440 588 2499 fastidiosam
620 2442 719 2499 notari
751 2459 769 2499 a
800 2444 890 2517 poeta
921 2460 981 2517 qua
1009 2443 1042 2500 iu
1074 2444 1296 2519 comparatione

147 2531 297 2606 praeierat
328 2530 463 2588 Anacreo
495 2529 532 2588 de
569 2548 626 2604 quo
658 2528 776 2588 Heracl.
800 2529 888 2609 alleg.
906 2529 994 2590 Hom.
1013 2534 1117 2607 cap.4
1149 2530 1199 2591 καί
1235 2529 1296 2609 μην

149 2615 165 2679 ὁ
186 2617 276 2696 Tritos
292 2610 457 2696 Ἀνακρέων
480 2615 625 2698 ἑταιρικὸν
648 2616 791 2698 φρόνημα
813 2617 863 2678 καί
881 2620 1011 2700 σοβαρᾶς
1028 2619 1169 2701 γυναικὸς
1187 2617 1297 2701 ὑπερη-

148 2708 262 2783 φανίαν
290 2704 441 2780 ὀνειδίζων
468 2706 520 2768 τὸν
547 2704 580 2767 ἐν
608 2706 683 2792 αὐτῇ
712 2716 873 2788 σκιρτῶντα
902 2715 978 2770 νοῦν
1010 2705 1050 2781 ὡς
1082 2708 1174 2770 ἵππον
1207 2705 1297 2788 ιἠλλη·

147 2795 273 2877 μόρησεν
296 2795 374 2857 οὕτω
397 2794 501 2876 λέγων·
526 2799 611 2856 llere
632 2797 748 2882 Θρηκίη
838 2797 902 2858 ἴσθι
926 2820 980 2876 τοι,
1003 2801 1099 2870 καλῶς
1118 2795 1172 2876 μὲν
1194 2795 1233 2858 ἄν
1252 2821 1296 2859 τοι

148 2885 200 2946 τὸν
226 2884 346 2965 χαλινὸν
372 2884 528 2965 ἐμβάλοιμί
554 2881 641 2964 ἡνίας
669 2880 698 2947 δ’
727 2885 801 2966 ἔχων
829 2885 985 2968 στρίφοιμί
1009 2880 1037 2947 σ’
1067 2885 1145 2966 ἀμφί
1173 2885 1297 2970 νίμματα

149 2975 270 3056 δρόμου.
316 2983 374 3035 νῦν
396 2971 428 3034 el
451 2975 595 3054 λειμῶνός
617 2997 650 3037 τε
668 2974 788 3055 torum
816 2976 916 3055 κοῦφοί
944 2999 972 3038 τε
1000 2985 1145 3057 σκιρτῶσα
1172 2977 1296 3051 παίζεις·

149 3064 246 3138 δεξιὸν
272 3062 328 3145 γὰρ
359 3065 534 3144 ίπποσείρην
566 3063 622 3125 οὐκ
654 3063 727 3145 ἔχεις
759 3063 938 3145 ἕπεμβοίτηντ
970 3067 1089 3143 qualem
1121 3068 1297 3146 allegoriam

149 3154 263 3214 Italicis
286 3172 403 3231 quoque
427 3157 531 3214 tritam
554 3157 646 3216 fuisse
669 3156 802 3216 declarat
824 3158 913 3217 sortis
943 3157 1027 3216 illius
1053 3159 1211 3234 inscriptio
1240 3152 1298 3217 ‘est

149 3263 240 3321 equos
262 3245 426 3321 perpulcer‚
449 3245 500 3305 sed
523 3249 558 3304 tu
581 3246 652 3305 uehi
673 3264 733 3305 non
755 3248 840 3323 potes
861 3241 948 3306 istoc’
968 3245 1065 3306 Garm.
1084 3247 1183 3307 Latin.
1203 3249 1297 3325 epigr.

150 3335 223 3409 331,
244 3336 262 3394 5
287 3326 316 3415 (Ι
334 3354 363 3411 p.
385 3328 464 3416 159)
487 3334 670 3395 Buechelen'.
693 3335 823 3414 Theogn.
845 3335 907 3395 257
919 3355 999 3412 seqq.
1024 3335 1114 3409 ἵππος
1137 3335 1193 3418 ἐγὼ
1221 3334 1297 3414 καλὴ

149 3421 200 3483 καλ
222 3421 339 3501 ἀεθλίη,
362 3421 434 3483 ἀλλὰ
457 3423 596 3484 κάκιστον
617 3421 713 3505 ἄνδρα
732 3421 823 3506 φίρω,
845 3425 898 3485 καί
914 3447 964 3504 μοι
983 3418 1062 3486 τοῦτ’
1087 3424 1295 3507 ἀνιηρότατον·
1359 3462 1362 3466 .

149 3513 272 3573 πολλάκι
295 3505 323 3572 δ’
353 3509 500 3591 ἠμίλλησα
527 3512 709 3594 διαρρήξασα
737 3513 857 3593 χαλινὸν
885 3513 1007 3595 φεύγειν
1036 3512 1217 3594 ἀπωσαμένη
1245 3514 1297 3576 τὸν

149 3603 243 3664 κακὸν
265 3597 395 3681 ἡνίοχον.
442 3601 578 3663 Similem
600 3605 853 3680 comparationem
876 3604 1055 3665 adhibuerat
1077 3605 1178 3682 Scipio
1196 3606 1298 3663 Aemi-

150 3693 248 3751 lianus
280 3694 357 3752 teste
389 3692 532 3752 Panaetio
565 3712 612 3770 ap.
636 3693 696 3753 (lic.
720 3694 756 3753 de
779 3693 855 3755 offic.
874 3694 890 3754 Ι
910 3697 960 3755 90.
1012 3693 1147 3754 Lucilius
1180 3697 1299 3771 praeter

150 3782 354 3841 Thessalicum
381 3801 490 3859 equum
516 3784 620 3843 insert.
639 3804 667 3841 u.
689 3785 773 3843 1109
801 3783 935 3860 Apulum
967 3786 1178 3844 commemorat
1209 3786 1299 3844 sicuti

150 3869 247 3929 Varro
270 3889 326 3928 rer.
345 3873 418 3930 rust.
436 3870 468 3930 H
488 3874 516 3946 7,
536 3873 554 3931 6
579 3871 697 3932 eosdem
720 3873 855 3949 appellat
876 3872 1000 3949 nobiles,
1022 3875 1129 3932 tertius
1148 3877 1195 3933 est
1212 3871 1298 3932 Garn-

151 3977 247 4034 panus
270 3961 388 4036 sonipes
411 3959 463 4019 lib.
482 3960 537 4018 XV
555 3981 584 4020 u.
604 3962 677 4021 507.

243 4039 349 4109 1043.
376 4049 492 4110 Nouius
518 4069 547 4126 p.
567 4052 645 4125 401,
666 4052 706 4110 17
740 4047 909 4131 ‘Subigere,
941 4069 1053 4130 cogere.
1080 4050 1298 4111 ...Lucilius

150 4138 201 4197 lib.
221 4137 303 4196 XXX
327 4132 423 4198 “tune
440 4139 512 4218 iugo
534 4140 642 4218 iungas
664 4159 712 4199 me
734 4145 801 4201 aaa
823 4143 855 4201 et
877 4140 1031 4200 succedere
1049 4143 1150 4201 aratro
1167 4143 1300 4200 inuitum

151 4231 182 4288 et
204 4226 306 4307 glebas
329 4226 450 4306 subigas
477 4229 664 4305 proscindere
692 4224 816 4290 ferro”.'
862 4230 975 4309 Vergil.
994 4249 1094 4310 georg.
1112 4230 1129 4290 Ι
1147 4232 1190 4289 50
1217 4232 1300 4291 simi·

151 4317 223 4377 liter
246 4313 336 4377 ‘ferro
358 4318 521 4393 scindimus
544 4315 676 4395 aequor',
699 4320 835 4379 imitatus
859 4337 922 4381 esse
943 4317 1208 4380 uidetur‘Ouidius
1229 4324 1299 4380 met.

152 4406 211 4466 VH
231 4408 293 4466 118
319 4402 560 4484 ‘suppositosque
582 4410 653 4487 iugo
676 4410 792 4486 pondus
815 4428 907 4490 graue
929 4412 1010 4489 cogit
1033 4411 1127 4469 aratri
1145 4410 1251 4470 ducere
1269 4413 1301 4469 et

150 4498 302 4557 insuetum
328 4499 408 4571 ferro
429 4498 619 4572 proscindere
646 4496 805 4577 campum’.
850 4504 918 4559 onte
946 4501 1018 4560 ferri
1044 4502 1163 4578 nequit:
1193 4502 1301 4577 scripsi
