3060 5010
570 334 620 389 vn
638 354 665 391 u.
685 341 835 392 sea-aec.
1214 339 1275 402 111

127 504 298 564 tabularum
321 505 405 564 1111
431 504 552 565 Brunsii
586 502 675 566 ‘aeris
708 508 834 566 confessi
866 506 1012 582 rebusque
1042 509 1107 566 iure
1137 507 1278 567 iudicatis

127 594 209 652 XXX
241 595 304 654 dies
341 595 413 654 iusti
445 591 559 655 sunto':
597 614 688 672 quam
724 597 903 655 uarietatem
935 615 1055 655 casuum
1092 615 1151 656 non
1182 599 1279 675 magis

128 685 318 757 mirabimur,
355 704 445 760 quam
481 703 547 744 cum
585 685 712 763 legimus
744 685 918 762 Pompeium
952 686 1041 745 fuisse
1075 681 1146 746 ‘oris
1182 686 1278 763 probi,

128 775 228 834 animo
264 770 484 833 inuerecundo'.
540 773 703 835 Genetiuus
740 775 894 835 absolutus
931 777 1043 835 mansit
1078 777 1109 833 in
1144 795 1278 836 sermone

128 863 248 941 uulgari
266 856 354 1011 {bell
368 863 454 940 Hisp
471 866 522 938 14,
542 857 585 943 1).

217 945 264 1012 29
291 993 300 1012 .
323 953 439 1011 Nonius
458 971 494 1011 er
510 956 706 1031 grammatico
724 975 753 1030 p.
771 956 844 1026 139,
859 954 878 1013 b
895 949 1066 1031 ‘Muginari
1085 973 1276 1014 murmurare.

128 1040 260 1101 Lucilius
288 1041 338 1101 lib.
353 1040 413 1100 VH
441 1037 657 1120 “muginamur
682 1044 818 1101 molimus
844 1039 1081 1102 subducimur''.'
1132 1043 1215 1103 Idem
1243 1064 1278 1104 ex

128 1130 230 1190 eodem
253 1151 281 1207 p.
298 1132 372 1206 346,
394 1133 433 1189 14
459 1127 585 1206 ‘Moliri‚
608 1133 752 1207 retinere,
774 1135 886 1193 morari
910 1151 944 1192 ac
966 1135 1127 1210 repigrare.
1153 1133 1277 1192 ...Lu-

128 1220 214 1278 cilius
237 1219 288 1278 lib.
306 1220 366 1279 VH
390 1216 574 1280 ‘mutilamur
601 1221 741 1280 molimur
769 1214 890 1301 (albuvar
917 1221 1069 1281 Leidensis
1092 1242 1130 1280 m.
1153 1215 1186 1302 1)
1210 1222 1277 1283 sub-

128 1304 307 1368 ducimur’'.’
359 1310 439 1369 Dum
466 1313 658 1389 muginamur
685 1314 715 1370 et
742 1328 902 1379 cessamus,
932 1309 1002 1369 dum
1031 1329 1111 1371 noua
1138 1312 1279 1371 molimur

128 1400 330 1475 praesentium
363 1401 581 1476 contemptores
608 1400 767 1473 bonorum,
799 1398 942 1459 uitalibus
970 1403 1050 1459 auris
1078 1400 1276 1460 subducimur.

127 1486 280 1566 Muginari
303 1488 481 1548 uocabulum
506 1489 609 1548 Cicero
632 1489 769 1548 adhibuit
792 1489 830 1548 ad
853 1489 917 1547 Att.
931 1488 1002 1547 XVI
1023 1491 1063 1548 12
1089 1485 1136 1549 ‘de
1166 1487 1277 1563 Ocella,

128 1573 197 1635 dum
225 1579 258 1635 tu
286 1580 452 1655 muginaris
479 1598 533 1638 nec
560 1579 634 1637 mihi
663 1580 822 1654 quicquam
849 1579 1000 1653 rescribis,
1028 1581 1093 1655 cepi
1120 1581 1277 1640 consilium

127 1663 332 1726 domesticum'
352 1667 429 1727 unde
448 1670 575 1744 apparet
596 1669 676 1727 recte
694 1668 825 1727 Nonium
844 1668 1036 1743 interpretari
1059 1668 1078 1726 l.
1093 1685 1115 1727 s.
1130 1687 1152 1729 s.
1187 1667 1278 1728 Gellii

127 1755 225 1814 locum
243 1755 271 1810 V
293 1757 386 1832 16,5
414 1761 569 1833 praeterea
598 1757 704 1816 attulit
730 1757 951 1816 Lachmannus:
982 1760 1034 1834 qui
1062 1757 1100 1817 ad
1128 1757 1277 1818 Ciceronis

127 1843 218 1904 uerba
246 1865 273 1921 q.
289 1863 311 1904 s.
326 1864 348 1906 s.
363 1864 385 1906 s.
410 1849 512 1923 aperte
545 1846 726 1922 compositus
754 1850 813 1906 est:
847 1842 909 1906 ‘sed
937 1849 968 1906 et
996 1847 1045 1906 hic
1072 1865 1165 1923 aeque
1193 1841 1277 1929 (eoos

127 1926 216 2014 codd)
239 1954 298 1994 non
323 1934 435 1995 diutius
454 1936 669 2015 muginandum
688 1935 877 2012 eiusdemque
896 1937 978 1995 illius
996 1937 1127 1995 Enniani
1145 1937 1277 2014 Neopto·

127 2023 198 2080 lami
224 2023 261 2082 da
289 2043 348 2100 quo
376 2042 467 2101 supra
494 2027 665 2103 scripsimus
694 2026 818 2084 consilio
848 2025 991 2084 utendum
1014 2028 1060 2085 est
1083 2021 1147 2102 qui’
1172 2046 1195 2086 a.
1211 2047 1238 2102 q.
1253 2044 1275 2085 a.

127 2112 357 2191 Elegantissime
380 2117 472 2190 poeta
495 2133 597 2174 senum
616 2118 798 2174 moratorum
817 2117 1012 2174 cessationem
1031 2133 1119 2174 uersu
1138 2116 1277 2192 spondeis

127 2202 238 2260 elumbi
279 2205 424 2279 expressit
466 2223 554 2279 quem
595 2222 714 2264 uersum
754 2224 847 2263 unum
888 2203 1095 2264 tantummodo
1138 2204 1276 2265 habuisse

129 2290 280 2367 dactylum
304 2295 438 2369 apparet.

217 2373 299 2443 295.
322 2381 438 2442 Nonius
461 2404 490 2460 p.
506 2384 579 2455 257,
600 2384 641 2441 24
661 2375 690 2463 (1
709 2403 737 2460 p.
753 2383 828 2456 400,
847 2383 888 2441 45
908 2375 1058 2463 Muelleri)
1082 2379 1277 2459 ‘Conpouerq

127 2470 275 2548 colligere.
317 2471 357 2529 M.
371 2472 488 2531 Tullius
512 2472 542 2530 in
560 2471 697 2531 Verrinis
788 2466 847 2529 “ex
871 2472 977 2531 alienis
1000 2471 1184 2532 orationibus
1208 2490 1276 2531 con-

127 2561 259 2636 positum
291 2555 406 2620 dedit''.
463 2560 535 2620 calx
574 2565 619 2620 est
649 2560 725 2620 finis.
778 2560 913 2620 Lucilius
945 2564 1115 2637 satyrarum
1146 2559 1197 2619 lib.
1217 2560 1277 2619 VH

129 2644 323 2725 “calcemque
341 2652 414 2709 terit
427 2653 487 2709 iam
503 2651 582 2710 calce
598 2644 750 2709 Diores''.'
787 2649 836 2708 Ita
850 2650 1011 2710 Leidensis.
1026 2649 1276 2725 Guellerbytanus

126 2757 181 2813 pro
206 2733 351 2798 ‘Lucilius
380 2773 421 2781 —
450 2736 520 2799 VII’
550 2737 641 2799 babet
668 2737 822 2798 emendate
850 2734 939 2817 ‘uirg.
958 2739 1009 2797 lib.
1023 2735 1073 2812 V',
1096 2739 1276 2800 Harleienus

128 2822 273 2888 ‘Lucilius
296 2831 466 2906 satyrarum
488 2829 540 2889 lib.
555 2828 613 2887 VII
636 2828 692 2888 boc
711 2831 756 2888 est
774 2847 841 2887 cum
859 2828 898 2887 ad
916 2830 1055 2906 uirgilius
1078 2846 1142 2887 ean.
1161 2827 1211 2887 lib.
1227 2824 1276 2903 ν’,

127 2919 210 2976 cuius
230 2919 326 2977 altera
344 2937 449 2979 manus
468 2919 627 2978 lectionem
646 2916 872 2994 Guelferbyteni
891 2916 997 2977 deletis
1016 2916 1115 2976 uerbis
1131 2913 1275 2976 ‘Lucilius

129 3051 179 3064 ...
199 3001 248 3067 ad’
274 3011 304 3066 et
323 3002 402 3066 ‘aen'
421 3011 563 3068 restituit.
600 3007 627 3066 A
646 3006 799 3066 Leidensis
818 3006 928 3067 codicis
946 3008 1074 3067 lectione
1097 3006 1276 3066 difficillima

126 3095 369 3171 proficiscendum
398 3116 460 3158 esse
488 3100 519 3157 et
540 3097 669 3175 Vergilii
691 3114 798 3156 nomen
821 3097 978 3174 locumque
1000 3115 1019 3156 a
1041 3096 1129 3156 docto
1152 3095 1275 3155 librario

127 3185 310 3263 adscriptum
342 3187 433 3247 fuisse
468 3187 611 3261 arbitror,
647 3187 731 3246 cuius
767 3186 872 3246 scholii
909 3186 1001 3247 uerba
1031 3189 1104 3246 sunt
1135 3189 1276 3263 corrupta
1391 3199 1403 3225 ·

120 3273 262 3347 ¹habenda
285 3275 339 3334 illa
362 3295 438 3351 quae
462 3276 569 3336 desunt
591 3277 623 3334 iu
645 3274 783 3335 Leidensi
805 3276 857 3336 boc
880 3280 922 3336 est
942 3294 1009 3335 mm
1031 3276 1072 3335 od
1090 3278 1121 3335 et
1138 3276 1276 3349 sirpilius

126 3364 174 3422 lib.
195 3364 228 3423 V.
273 3364 431 3425 Probabile
453 3368 549 3444 igitur
571 3368 617 3425 est
640 3365 834 3441 archetypum
857 3365 929 3425 baec
952 3366 1014 3425 lere
1032 3365 1170 3424 habuisse
1190 3360 1275 3423 ‘Galx

127 3456 172 3513 est
200 3453 275 3514 finis.
326 3453 460 3514 Lucilius
492 3458 662 3532 satyrarum
694 3454 745 3512 lib.
764 3453 823 3512 VII
856 3450 1048 3530 “calcemque
1073 3449 1148 3513 ...'’
1202 3453 1275 3513 Oalx

126 3544 216 3602 etiam
250 3545 381 3603 extrema
412 3563 482 3622 pars
509 3544 627 3623 pedum.
678 3543 829 3622 Vergilius
855 3544 906 3606 lib.
925 3544 953 3601 V
982 3540 1176 3619 “calcemque
1203 3543 1276 3604 terit

126 3634 187 3690 iam
214 3632 294 3691 calce
322 3629 479 3693 Diones''.'
525 3635 687 3693 Muellerus
714 3634 748 3692 in
774 3633 873 3693 uerbis
902 3635 964 3692 illis
987 3652 1065 3710 quae
1088 3635 1133 3692 ita
1155 3633 1276 3708 supplet

128 3716 190 3781 ‘loc
221 3723 263 3780 est
293 3739 358 3782 cum
391 3723 431 3782 cd
462 3719 570 3801 <finem
599 3725 722 3782 uentum
749 3717 816 3800 est>
842 3727 942 3782 censet
971 3721 1188 3801 agnoscendam
1212 3739 1274 3780 esse

126 3809 235 3869 Lucilii
258 3829 361 3871 uersus
385 3814 449 3872 eius
472 3814 525 3888 qui
547 3813 639 3889 periit
656 3812 933 3887 interpretationem
957 3810 1092 3871 aNonio
1110 3809 1274 3886 prolectam

126 3899 171 3957 ita
193 3903 228 3960 ut
251 3904 341 3977 poeta
363 3903 528 3979 scripserit:
553 3897 631 3960 ‘cum
655 3900 693 3960 ad
715 3901 825 3960 calcem
849 3897 1021 3960 uentumst'.
