3060 5010
220 319 262 385 88
662 313 688 367 v
706 331 733 367 u.
754 317 903 368 ars-arc.

220 492 390 566 satyrarum
421 485 472 545 lib.
486 484 514 541 V
548 479 686 543 “interea
705 528 712 543 .
732 529 738 540 .
759 529 766 541 .
789 476 938 561 pectus''.’
994 481 1131 542 Donatus
1163 481 1201 542 ad
1238 481 1373 542 Terentii

219 577 367 639 Andriam
384 573 429 636 IV
448 577 478 645 2,
499 575 539 634 10
561 570 705 649 ’81011000
723 573 780 634 hoc
798 575 844 634 ost
862 590 933 633 essa.
954 617 1005 630 ...
1024 572 1113 632 aliter
1131 573 1254 649 plenum
1273 575 1371 633 001...

221 668 310 729 aliter
322 667 454 740 horrent
473 667 508 725 ut
522 709 528 722 .
541 709 565 722 ..
580 666 610 724 et
623 663 757 724 Lucilius
772 659 859 722 “stat
872 662 1005 722 sentibus
1018 656 1177 736 sucrdus’'.’
1214 662 1372 722 Nouumne

219 756 329 818 Lucilii
352 758 382 816 01
404 753 555 815 diuersum
578 754 780 831 fragmentum
802 751 937 828 proferat
958 752 1096 812 Donatus
1119 770 1159 810 an
1178 752 1258 812 idem
1282 754 1373 828 atque

222 845 335 907 Gellius
363 847 394 904 et
420 845 536 904 Nonius
564 845 736 920 corruptum
764 844 796 901 in
815 834 954 902 'extremo
984 840 1076 900 uerbo
1104 841 1235 902 dubites:
1264 843 1373 902 rectius

221 940 323 996 100000
354 933 412 994 erit
443 932 536 994 uerba
563 952 610 1011 ap.
632 932 786 992 Donatum
817 933 938 991 seruate
970 930 1101 991 tribuere
1133 932 1264 991 incertae
1296 931 1374 991 sedis

221 1024 356 1086 uersibus
381 1014 507 1106 (1301).
549 1021 736 1083 Describitur
757 1020 846 1081 homo
865 1019 1051 1081 errabundus
1073 1040 1128 1097 per
1148 1019 1254 1080 rubeta
1271 1022 1374 1097 spinas

223 1114 412 1176 solitudines:
439 1113 510 1173 dum
538 1131 626 1191 aegre
653 1110 759 1189 pedem
786 1113 943 1187 promouct
969 1129 1023 1186 per
1045 1109 1137 1170 densa
1154 1110 1297 1171 ruborum
1320 1111 1374 1169 im·

222 1204 408 1282 pedimenta,
440 1202 554 1262 interea
586 1204 648 1263 stat
675 1200 807 1262 sentibus
835 1203 951 1276 pectus,
975 1198 1082 1276 quibus
1111 1202 1202 1278 caput
1229 1202 1259 1260 et
1289 1217 1375 1260 00000

224 1294 309 1355 foede
334 1291 573 1354 descobinautur.

315 1374 397 1445 214.
420 1383 536 1442 Nonius
550 1381 665 1459 0363,
680 1381 721 1440 26
743 1376 882 1442 ‘Prodere
900 1396 1003 1440 rursus
1019 1378 1137 1438 differre
1150 1380 1200 1439 uel
1214 1377 1375 1439 excludere.

299 1472 432 1533 Lucilius
464 1474 635 1549 satyrumm
665 1469 716 1530 lib.
731 1470 759 1527 V
787 1466 945 1547 “possisne
1063 1487 1102 1528 an
1126 1468 1283 1543 prodenda
1314 1468 1376 1528 dies

225 1557 310 1624 sit”.'
365 1561 502 1622 Donatus
534 1560 573 1621 ad
605 1559 738 1620 Terentii
768 1557 860 1619 Andr.
886 1558 1041 1634 111,13
1075 1553 1199 1618 ‘Prodat
1235 1559 1377 1637 proferat,

225 1653 365 1730 prolatet,
385 1650 511 1710 differat
553 1648 687 1711 Lucilius
705 1651 738 1709 10
757 1650 863 1726 quinto
877 1643 942 1708 “an
955 1666 1043 1726 porro
1116 1642 1200 1708 sit”.'
1234 1648 1377 1708 Homines

227 1742 340 1803 obsessi
363 1739 539 1814 deliberant,
562 1739 639 1798 alter
662 1739 752 1799 alteri
775 1733 896 1813 ‘hodie’,
914 1739 1023 1814 inquit,
1043 1733 1302 1797 ‘considerandum
1320 1739 1379 1797 erit

226 1831 361 1910 possisne
384 1829 465 1889 elabi
487 1848 527 1888 00
543 1847 633 1906 porro
651 1827 803 1906 prodenda
821 1831 852 1887 et
870 1827 1034 1888 differenda
1051 1826 1109 1887 tibi
1132 1829 1172 1887 sit
1189 1827 1253 1888 dies
1272 1827 1378 1888 salutis

227 1923 257 1981 et
281 1914 406 1999 effugii,
429 1921 465 1978 ut
488 1915 627 1997 νόστιμον
651 1908 738 1999 ἦμαρ.
781 1917 907 1978 0000110
930 1919 997 1993 ipsa
1019 1918 1177 1978 castrensis
1201 1920 1247 1977 est
1269 1935 1379 1977 sermo·

226 2012 286 2070 nis:
316 2006 391 2069 (lato
418 1999 709 2091 (0.73,12100(1.)
737 2026 785 2085 ap.
800 2007 879 2068 Fast
902 2026 931 2083 p.
947 2008 1026 2080 242,
1047 2008 1087 2066 14
1117 2001 1292 2084 ‘prodidisse
1319 2025 1379 2066 000

227 2100 324 2160 solum
342 2097 374 2157 in
392 2097 455 2158 illis
473 2096 592 2174 dicitur,
611 2099 663 2174 qui
681 2096 812 2174 patriam
834 2096 970 2157 hostibus
988 2095 1193 2173 prodiderunt
1217 2095 1269 2158 sed
1287 2096 1379 2157 etiem

229 2185 357 2264 ‘tempus
375 2188 495 2266 lougius
514 2181 640 2262 fecisse',
658 2191 693 2246 ut
711 2186 785 2248 (lato
806 2182 869 2262 ‘To‚
888 2185 919 2247 0.
936 2185 1055 2262 0000111,
1073 2187 1154 2245 diem
1171 2181 1380 2265 prodi<di>sse

228 2277 373 2338 militibus
397 2275 563 2356 legionibus
582 2275 638 2351 ΙΠ,
661 2294 728 2336 cum
750 2276 951 2355 proditionem
973 2294 1034 2336 non
1053 2271 1219 2336 haberent'.

319 2358 402 2428 215.
431 2365 554 2426 Seruius
582 2368 687 2427 auctus
715 2366 754 2426 ad
780 2364 975 2427 AeneidosX
1000 2366 1064 2425 398
1094 2360 1170 2424 ‘Alii
1198 2359 1378 2425 “dolorem”

229 2457 356 2517 alicuius
379 2455 473 2517 studii
496 2455 632 2517 ardorem
656 2460 686 2516 01
707 2458 878 2533 promptam
897 2455 1011 2533 gloriae
1031 2454 1227 2531 cupiditatem
1246 2457 1381 2515 ueterum

228 2565 310 2606 more
334 2547 446 2606 dictum
464 2546 579 2622 uolunt,
597 2548 632 2605 ut
651 2543 758 2607 Graeci
776 2543 870 2606 πόνον
889 2545 1052 2622 appellant
1071 2543 1205 2605 Lucilius
1223 2547 1255 2604 10
1274 2545 1380 2622 quinto

231 2631 325 2696 “nam
423 2629 612 2714 labosque'’.’
663 2634 763 2695 Verba
790 2636 857 2712 ipsa
884 2653 958 2695 sana
986 2636 1056 2693 sunt
1083 2635 1191 2694 omnia.
1242 2634 1382 2694 Dolorem

231 2724 639 2801 00000οΡ1001Το00455
665 2720 823 2802 ‘quantum
847 2724 934 2784 corde
958 2725 1044 2800 capio
1067 2719 1221 2800 dolorem,
1248 2723 1382 2783 laborem

231 2834 336 2892 capere
360 2815 478 2876 Terent.
492 2814 586 2874 Andr.
603 2816 665 2874 719
691 2810 809 2875 ‘uerum
830 2833 867 2873 ex
890 2831 924 2874 eo
948 2831 1026 2872 nunc
1056 2815 1165 2873 misera
1189 2833 1277 2890 quem
1300 2814 1383 2889 capit

230 2899 385 2978 lsbomm’,
417 2895 485 2986 (ubi
516 2904 644 2964 dolorem
673 2896 761 2985 Dii),
793 2902 880 2962 Lucr.
894 2902 922 2959 V
944 2903 1028 2962 1182
1061 2898 1103 2962 ‘at
1129 2902 1245 2962 nullum
1277 2921 1382 2980 capere

230 2996 311 3071 ipsos
338 2992 407 3053 inde
434 2987 588 3054 laborem’.
635 2992 731 3052 Sicuti
761 2991 842 3070 apud
864 2992 1015 3052 Lucilium
1044 2995 1091 3052 est
1113 2994 1272 3068 utrumque
1295 3010 1381 3052 uoca-

231 3083 334 3142 bulum
366 3081 478 3142 habent
509 3082 607 3143 Plaut.
636 3081 741 3142 Pseud.
762 3082 824 3142 685
860 3077 963 3159 ‘atque
995 3080 1051 3141 hoc
1084 3083 1185 3141 euenit
1217 3081 1248 3141 10
1279 3080 1383 3141 labore

232 3175 324 3249 atque
361 3173 392 3230 10
425 3171 527 3231 dolore
556 3174 591 3231 ut
621 3189 701 3231 mors
734 3171 859 3249 obrepat
889 3166 1022 3231 interim'
1055 3170 1172 3231 Terent.
1198 3170 1289 3230 Andr.
1317 3171 1379 3230 831

233 3257 310 3322 ‘eius
332 3260 434 3320 labore
456 3264 547 3338 atque
570 3262 634 3319 0100
657 3261 758 3320 dolore
782 3263 874 3340 gnato
896 3264 931 3321 ut
953 3259 1117 3320 medicarer
1139 3255 1212 3321 tuo’.
1254 3259 1383 3320 Datiuus

232 3351 366 3410 comibus
397 3369 457 3409 000
489 3350 649 3427 0001101010
682 3354 784 3426 captus
815 3351 931 3428 0000101
963 3348 1117 3428 adpositus
1150 3352 1195 3411 001
1228 3352 1263 3409 01
1294 3368 1382 3428 saepe

232 3443 381 3514 susceptus
403 3440 564 3516 participio
588 3430 746 3521 (Draegeri
769 3443 884 3516 syntax.
903 3440 1004 3500 histl
1024 3433 1141 3519 [1878]
1164 3460 1193 3517 p.
1208 3431 1303 3521 430),
1332 3439 1384 3499 sed

233 3530 317 3589 dolor
344 3527 542 3588 substantiuo.
589 3528 633 3589 Rc
660 3529 812 3589 ablatiuus
840 3530 924 3589 dictis
953 3529 1127 3607 plerumque
1159 3531 1323 3607 opponitur
1350 3532 1385 3588 ut

235 3638 280 3697 ap.
300 3618 442 3678 Plautum
465 3617 620 3677 11001682
650 3613 770 3678 ‘desiste
798 3617 885 3679 dictis
913 3619 1053 3679 nunciam
1083 3618 1222 3680 miseram
1245 3637 1292 3678 me
1316 3637 1384 3679 con·

234 3708 338 3770 solari:
361 3707 422 3768 nisi
444 3706 516 3784 quid
535 3727 566 3767 00
584 3708 715 3784 praesidi
734 3727 872 3785 apparas,
894 3708 1053 3769 Trachalio
1074 3710 1143 3770 aeta
1159 3709 1234 3769 haec
1251 3726 1298 3768 res
1317 3703 1383 3770 est’.

236 3790 431 3879 (00101222
460 3797 627 3874 spiens
657 3797 695 3857 ad
721 3797 791 3857 Her.
810 3798 855 3858 IV
879 3799 934 3874 39,
959 3801 1008 3859 51.
1034 3799 1090 3874 40,
1115 3789 1181 3880 52.)
1228 3798 1293 3859 Ηο0
1319 3798 1384 3859 loco

236 3888 418 3948 adiectiuum
436 3886 557 3948 uidetur
574 3887 724 3947 excidisse.
766 3887 910 3948 Omnibus
927 3887 1076 3948 militibus
1095 3887 1133 3948 ab
1152 3888 1237 3947 hoste
1255 3889 1385 3966 turpiter

235 3979 267 4037 in
297 3979 402 4038 0001010
433 3976 558 4038 obsessis
587 3993 664 4037 unus
694 3980 759 4037 erat
787 3977 873 4038 dolor
900 3996 935 4036 ex
961 3978 1018 4038 hac
1045 3996 1077 4036 re
1106 3979 1211 4054 captus
1238 3979 1270 4038 et
1291 3977 1384 4037 labor.

234 4066 349 4144 Nempe
377 4085 530 4143 erumpere
558 4067 732 4144 hostemque
760 4067 865 4146 fugare
893 4085 923 4127 se
950 4067 1027 4127 uelle
1055 4066 1234 4126 clamabant
1284 4066 1384 4144 Atque

237 4150 362 4233 ‘gloriae
380 4151 585 4233 cupiditatem'
604 4156 743 4217 hocloco
763 4175 824 4218 0000
844 4151 999 4216 ‘dolorem'
1019 4156 1082 4233 ipse
1102 4155 1197 4216 tradit
1215 4156 1383 4217 scholiasta.

237 4243 316 4302 (loni
334 4244 401 4303 Liu.
419 4243 472 4303 XL
494 4247 544 4320 27,
565 4246 709 4306 10-15:
732 4245 803 4305 uide
825 4246 864 4307 ad
888 4266 916 4307 u.
933 4248 1005 4305 221.

327 4324 410 4394 216.
437 4333 607 4393 Priscianus
635 4332 693 4394 GL
711 4335 743 4394 11
765 4356 793 4412 p.
809 4337 888 4410 470,
907 4334 970 4394 61(
998 4330 1139 4405 ‘Quidam
1165 4337 1267 4394 tamen
1295 4333 1386 4394 etiam

238 4416 365 4497 “nexi’',
384 4467 390 4479 .
407 4467 412 4478 .
429 4467 434 4478 .
454 4426 489 4481 ut
513 4418 622 4482 “ficeto
640 4419 742 4482 flexi''.
762 4469 813 4482 ...
831 4424 964 4484 Lucilius
987 4425 1019 4483 in
1037 4425 1066 4482 V
1086 4419 1159 4484 “hic
1178 4470 1184 4483 .
1200 4469 1207 4482 .
1223 4468 1229 4484 .
1248 4425 1340 4484 mibi.
1356 4468 1386 4482 ..
